3517 5450
620 720 661 763 ao
689 719 884 768 rinaooxor
912 724 933 784 ι,
957 698 990 770 3.
1253 705 1328 782 333

231 930 233 935 ,
279 898 326 952 que
346 877 512 949 defenduut:
541 877 574 930 ita
604 877 674 930 enim
694 879 744 943 (sic
763 876 827 949 ego)
844 877 941 936 Cicero
970 882 1002 934 de
1031 895 1183 939 accusatore
1212 889 1328 959 quodam

278 967 324 1022 Or.
345 986 396 1038 pro
416 965 514 1020 Flacco
533 968 576 1030 1⁰,
595 969 642 1019 21:
675 967 781 1019 dixerat
806 970 942 1021 acriter
970 981 997 1021 et
1023 971 1205 1035 vehererente'u
1234 977 1328 1047 quidni

276 1056 353 1110 etiam
373 1053 474 1105 acriter
493 1052 633 1123 defendere
652 1052 751 1108 dixerit.
795 1052 853 1107 lmo
878 1053 942 1110 disit
966 1054 994 1110 in
1014 1056 1098 1112 Bruto
1116 1062 1159 1125 8⁰,
1180 1065 1247 1115 278:
1277 1066 1329 1114 ‹le-

272 1142 421 1211 sendere
439 1142 619 1202 acerrime‚·
640 1141 672 1194 ad
691 1142 862 1206 Famm.l,1:
882 1154 910 1195 te
928 1146 1133 1198 acerrimum
1153 1178 1186 1185 -
1206 1150 1327 1221 desen-

275 1249 383 1284 sorem
395 1229 464 1300 fore
481 1229 598 1282 ostendit
604 1250 614 1291 ,·
635 1242 660 1284 et
676 1232 750 1302 quod
769 1243 807 1285 est
825 1235 852 1285 in
874 1231 958 1286 Bruto
978 1237 1020 1298 22,
1040 1236 1089 1288 86:
1107 1235 1180 1308 quod
1196 1235 1220 1288 is
1238 1239 1265 1290 in
1286 1241 1327 1290 di-

275 1318 356 1370 ceudo
375 1317 488 1388 gravior
506 1319 683 1389 acriorque
700 1330 782 1384 esset,
799 1321 922 1390 gravius
940 1330 965 1371 et
985 1323 1165 1376 vehementius
1180 1344 1257 1393 posse
1275 1329 1328 1378 de-

269 1405 393 1476 fendi,
414 1403 525 1458 variasse
542 1404 579 1457 ibi
598 1404 731 1476 putandus
759 1417 797 1460 est
815 1405 912 1462 Cicero
932 1408 1101 1476 orationem,
1132 1423 1160 1465 ut
1181 1432 1242 1466 cum
1268 1418 1324 1469 voci

271 1493 384 1566 gravior
401 1491 524 1548 eonstslto
542 1493 709 1565 opposuisset
721 1496 835 1566 gravius
853 1495 929 1550 alteri
949 1497 1062 1565 (acrior)
1077 1498 1327 1569 alium(vel1emen-

273 1580 338 1652 tius)
355 1582 540 1646 substitueret,
572 1601 654 1653 quam
672 1582 757 1655 ipsam
777 1603 838 1638 cum
858 1578 949 1656 priore
974 1586 1001 1638 in
1022 1585 1143 1639 oratione
1162 1606 1212 1657 pro
1229 1587 1326 1643 Flacco

274 1673 289 1725 Ι.
309 1671 327 1729 Ι,
346 1670 477 1722 iunxerat.
514 1669 592 1739 Quae
612 1690 674 1724 cum
692 1671 828 1740 dixissem,
857 1671 888 1726 si
906 1673 970 1745 quid
1000 1673 1174 1740 mutandum,
1197 1675 1327 1747 Wytten·

272 1760 383 1815 bachius
401 1758 498 1830 inquit,
514 1758 578 1813 huic
596 1776 646 1830 ego
661 1759 832 1813 coniecturae
849 1779 916 1832 prae
928 1763 1022 1815 ceteris
1042 1762 1158 1832 palmam
1177 1762 1327 1819 detulerim.

343 1847 418 1902 Haec
434 1865 485 1919 ego
502 1847 532 1901 in
549 1846 611 1914 illa,
632 1867 713 1919 quam
733 1848 800 1917 disi,
819 1848 975 1920 prolusione
993 1861 1056 1904 ante
1074 1848 1123 1903 bos
1140 1850 1256 1905 sedecim
1275 1872 1325 1907 an·

273 1959 322 1992 nos
340 1936 454 2009 scripta,
482 1934 547 1990 nihil
571 1935 672 1990 addens
689 1955 767 1991 sunm
795 1938 894 2010 cuique
919 1937 1049 1995 iudicium
1076 1936 1191 1990 liberum
1219 1938 1324 2010 reliqui,

272 2027 306 2079 ita
326 2037 433 2084 tamen,
450 2034 481 2078 ut
498 2023 575 2078 facile
593 2037 750 2096 appareret,
770 2044 821 2080 nec
839 2045 914 2080 nnnc
931 2046 976 2079 me
993 2025 1064 2079 illins
1081 2025 1239 2098 suspicionis
1258 2047 1323 2098 poe-

272 2113 368 2167 nitere.
404 2111 498 2183 Neque
516 2109 610 2180 hodie,
629 2124 659 2165 ut
677 2112 761 2166 fatear
779 2113 852 2185 quod
872 2124 927 2180 est,
946 2132 989 2166 me
1007 2113 1064 2167 eius
1081 2113 1207 2186 poenitet,
1227 2134 1323 2186 quam-

271 2217 354 2270 quam
374 2208 479 2251 mutare
497 2198 641 2270 quicquam
661 2200 688 2252 in
708 2202 836 2255 contestis
854 2200 939 2256 nolui.
974 2201 1008 2256 Et
1027 2187 1145 2272 primum
1156 2201 1266 2274 quidem
1280 2223 1323 2257 me

271 2286 383 2339 advertit
401 2305 547 2346 consensus
573 2286 706 2341 librorum
724 2287 863 2354 omnium,
892 2299 919 2342 et
943 2290 1028 2360 magis
1045 2290 1123 2343 etiam
1142 2290 1225 2358 illud,
1250 2293 1323 2364 quod

271 2375 433 2430 vocabulum
452 2386 506 2428 tam
524 2376 664 2443 usitatum,
682 2375 761 2447 quale
779 2389 817 2430 est
835 2377 945 2443 acriter,
964 2397 1019 2431 non
1037 2377 1115 2432 facile
1134 2380 1169 2432 ita
1187 2378 1324 2433 obliterari

271 2464 389 2532 potuisse
407 2462 508 2528 credas,
527 2473 555 2516 ut
574 2464 733 2518 vocabulum
751 2484 807 2518 non
828 2465 902 2519 valde
921 2465 1006 2519 simile
1026 2466 1055 2519 in
1074 2466 1132 2519 eius
1149 2466 1241 2519 locum
1259 2487 1324 2522 suc·

270 2550 367 2603 cedere
395 2550 512 2621 potuerit
543 2550 618 2603 nullo
649 2551 727 2623 plane
755 2552 880 2623 pristinae
905 2551 1056 2623 scriptionis
1087 2552 1195 2624 vestigio
1220 2553 1324 2609 relicto.

270 2639 377 2692 Deinde
396 2658 457 2692 cum
476 2638 586 2691 verbum
605 2639 764 2704 accurandi,
783 2659 948 2711 quamquam
967 2659 1045 2705 raro,
1069 2639 1214 2711 aliquando
1233 2650 1321 2695 tamen

270 2724 398 2781 Ciceroni
416 2739 574 2800 usurpatum
591 2726 640 2794 sit,
660 2726 738 2782 veluti
757 2727 790 2781 de
807 2726 863 2784 Ins.
873 2728 893 2795 Ι,
909 2733 953 2795 st,
972 2732 1021 2783 58:
1040 2730 1134 2781 nulius
1152 2747 1321 2783 accuran-

270 2827 343 2882 tur,
363 2834 433 2887 quae
451 2817 561 2869 coasilio
577 2826 721 2888 geruntur,
740 2836 820 2888 quam
839 2835 909 2889 qseae
927 2817 984 2869 sine
998 2817 1108 2869 consilio
1125 2817 1322 2871 administran-

270 2916 334 2966 tur‚·
356 2917 382 2959 et
397 2924 427 2957 ea
447 2904 555 2976 quidem
572 2904 719 2970 sententia,
747 2916 791 2972 ut,
816 2905 890 2977 quod
915 2905 971 2959 fieri
990 2905 1103 2972 dicitur,
1131 2924 1193 2959 cum
1213 2925 1276 2959 cura
1296 2918 1344 2960 et·

269 2995 358 3048 studio
376 2993 435 3046 fieri
454 2993 573 3056 dicatum
592 2992 649 3045 lieri
670 3012 746 3064 posse
765 2993 871 3059 credas,
891 2993 1037 3066 aliquando
1054 2994 1133 3049 etiam
1153 2993 1254 3047 dictum
1266 3013 1320 3048 esse

269 3103 284 3136 a
303 3080 436 3136 Cicerone
457 3091 585 3133 accurate
602 3080 647 3145 ita,
666 3092 696 3136 ut
716 3100 772 3134 non
791 3081 824 3135 de
843 3081 951 3148 effectu,
969 3082 1014 3135 sed
1034 3082 1067 3135 de
1085 3081 1220 3136 voluntate
1239 3092 1318 3153 atque

269 3172 345 3238 nisu,
373 3168 575 3240 intelligendum
594 3189 648 3223 esse
670 3169 798 3224 rideatur.
842 3170 982 3243 Denique,
1006 3172 1027 3225 si
1050 3170 1102 3226 hoc
1126 3191 1182 3225 non
1209 3172 1321 3228 suadent

269 3259 321 3313 loci
341 3256 481 3312 Ciceronis
498 3276 606 3322 omnes,
631 3257 729 3329 quibus
757 3269 906 3311 accuratus
925 3269 951 3311 et
968 3269 1097 3310 accurate
1116 3258 1227 3329 legitur,
1256 3261 1317 3331 qui-

268 3365 322 3419 que
339 3347 402 3400 satis
421 3356 483 3400 sunt
500 3345 591 3411 multi,
620 3345 799 3416 patrocinium
824 3355 917 3399 nostro
935 3344 996 3398 loco
1014 3343 1077 3398 huic
1095 3345 1153 3398 roci
1177 3346 1239 3399 inde
1263 3348 1319 3401 sor-

269 3445 335 3488 tasse
354 3444 441 3505 petas,
461 3445 504 3497 ut,
522 3452 585 3487 cum
604 3432 776 3505 praecesserit
794 3442 869 3483 arcte
888 3442 994 3498 teuent,
1014 3432 1087 3504 quasi
1107 3433 1163 3485 iere
1182 3434 1319 3488 mordicus

267 3523 397 3589 retinent,
423 3521 456 3574 ad
481 3520 547 3574 illud
574 3532 719 3583 accurate,
747 3540 775 3573 es
794 3519 874 3574 totius
894 3519 968 3592 quasi
989 3519 1116 3573 orationis
1135 3519 1227 3575 habitu
1245 3523 1318 3591 ripo-

265 3612 344 3679 νιιιᾷ,
362 3609 508 3679 intelligas:
531 3619 582 3674 „ut
598 3608 648 3662 sibi
675 3609 824 3664 videntur.“
871 3607 933 3676 Qua
960 3607 987 3661 in
1006 3627 1036 3660 re
1059 3609 1080 3660 si
1100 3607 1142 3661 cui
1160 3607 1193 3661 ad
1214 3626 1317 3661 sermo·

266 3698 308 3752 nis
327 3696 424 3753 comici
443 3696 574 3751 rationem
602 3697 739 3751 accessisse
765 3696 884 3750 rideatur
910 3696 1054 3761 sententia,
1079 3694 1144 3748 nibil
1169 3694 1234 3760 erit,
1262 3715 1316 3767 quo

265 3786 357 3839 minus
372 3785 398 3838 id
418 3783 479 3849 fiat,
496 3784 689 3856 impedimenti.
726 3785 760 3840 Et
779 3788 817 3839 sic
835 3805 864 3837 re
884 3804 943 3837 sera
962 3783 1066 3837 locutus
1084 3794 1187 3836 estnon
1208 3782 1317 3836 Plautus

264 3872 352 3926 solum
370 3869 548 3938 Truc.11‚5,
568 3877 618 3926 2⁰2
647 3876 715 3924 Eam
737 3891 809 3925 nunc
834 3872 1011 3923 malitiam
1030 3881 1240 3924 accuratam
1266 3874 1315 3924 mi-

263 3962 305 4013 les
321 3960 442 4012 inveniat
463 3959 542 4020 nolo,·
569 3959 614 4012 sed
633 3960 713 4013 etiarn
729 3960 872 4013 Terentius
899 3958 984 4013 Andr.
1003 3958 1047 4023 ΙΙΙ,
1067 3962 1160 4024 2,12:
1187 3960 1261 4010 itane
1282 3990 1313 3998 -

262 4048 375 4098 idoneus
404 4046 462 4097 ttti
486 4046 576 4100 videor
601 4066 670 4111 esse,
699 4066 776 4120 quem
804 4057 861 4098 tam
885 4057 1011 4116 aperta
1034 4046 1177 4117 fallere
1202 4046 1315 4114 incipias

262 4133 355 4185 dolis?
391 4132 493 4185 Saltem
512 4144 687 4188 accurate.
729 4133 785 4187 lam
805 4152 884 4187 causa
903 4133 973 4189 dicta
1000 4144 1052 4199 est,
1071 4133 1184 4187 iudices:
1208 4133 1254 4187 ssat
1273 4133 1316 4184 in·

262 4222 373 4276 dicium.
411 4220 470 4276 ΜΓ.

684 4340 891 4352 -ιι--σ-ῆ
