3517 5450
631 737 825 787 nsnsnoxos
852 739 900 785 nn
929 739 1052 788 css.n.
1292 717 1361 790 ltl

382 897 448 969 quid
466 897 554 948 baiuli
579 906 662 970 atque
681 898 797 967 operarii
804 898 822 964 ,]
855 897 966 949 Baiulos
993 896 1114 949 dicebant
1145 900 1268 970 antiqui,
1300 921 1366 972 quos

334 1003 380 1037 *nnc
399 985 513 1036 dicimus
533 985 682 1053 operarios,
705 985 774 1036 unde
794 984 884 1034 adhuc
902 983 1021 1037 baiulari
1040 985 1150 1037 dicitur.
1188 985 1280 1041 Festus
1298 987 1324 1041 ls.
1342 1009 1366 1041 v.

334 1072 451 1127 sxxttt.
472 1071 523 1124 Ed.
543 1071 641 1143 Scalig.
680 1070 791 1135 Cicero,
825 1081 852 1124 ut
877 1082 969 1124 nostro
989 1070 1065 1139 loco,
1089 1072 1117 1125 in
1137 1071 1221 1127 Bruto
1240 1078 1368 1141 lidii:

334 1160 426 1229 perorii
445 1170 538 1211 nutem
556 1170 606 1211 ont
625 1159 709 1210 baiuli
736 1159 822 1210 deesse
848 1178 900 1210 non
918 1170 1051 1229 possunts
1079 1159 1113 1212 de
1140 1159 1189 1214 Or.
1209 1160 1240 1228 ll,
1259 1165 1306 1231 10,
1322 1166 1367 1216 411.

334 1247 393 1302 anxit
411 1247 518 1299 baiulos
537 1258 563 1298 et
582 1249 692 1320 remiges
699 1267 709 1308 ,·
737 1246 850 1299 Boiuios
876 1245 987 1301 Graecis
1010 1244 1190 1312 βαστάζοντας
1215 1267 1270 1302 esse
1288 1268 1368 1304 vocs·

334 1353 353 1388 os
374 1355 403 1388 ex
422 1333 513 1388 Gellio
539 1334 571 1388 N.
591 1334 623 1389 Α.
642 1336 676 1402 V,
696 1337 721 1389 3.
752 1334 848 1388 docere
875 1335 928 1388 cult
953 1334 1056 1388 Gernh.
1097 1335 1150 1389 Sed
1176 1335 1212 1390 ibi
1238 1336 1266 1390 in
1290 1337 1368 1392 bonis

334 1421 385 1476 ibris
403 1433 429 1475 et
448 1421 516 1475 Etd.
545 1432 582 1475 est
608 1418 785 1492 ἀχθοφόρους.
804 1450 839 1461 -
877 1424 908 1475 ln
939 1423 1006 1476 eod.
1032 1422 1091 1477 Cri.
1109 1426 1135 1478 3.
1165 1436 1204 1478 est
1229 1424 1290 1497 quit
1317 1444 1368 1497 pro

334 1510 390 1575 nid,
409 1509 484 1563 Gud.
503 1510 535 1562 A.
560 1521 610 1561 out
636 1510 722 1562 baiuli
747 1520 798 1561 out
826 1511 958 1580 operarii,
986 1511 1065 1566 Drsd.
1086 1515 1111 1566 3.
1138 1510 1236 1569 batuli.
1264 1512 1323 1567 Cn.
1342 1517 1368 1567 1.

334 1597 506 1668 cooperarii,
521 1596 602 1650 Drsd.
621 1601 648 1652 4.
666 1596 733 1653 Ou.
752 1598 785 1651 N.
803 1597 838 1651 U.
858 1611 921 1651 out
942 1600 1065 1669 operarii.
1103 1604 1198 1654 (ism.
1218 1600 1314 1656 omittit
1331 1620 1367 1656 an

334 1696 375 1740 nte
393 1686 468 1758 quid.
505 1685 560 1738 Pro
579 1685 646 1756 quid
673 1685 790 1738 hanzines
814 1686 843 1739 in
863 1685 935 1740 Gud.
953 1687 985 1743 B.
1005 1699 1042 1741 sst
1068 1691 1182 1759 quidem.
1219 1690 1301 1746 Abest
1319 1692 1367 1745 to-

334 1773 394 1825 iinss
412 1793 429 1825 a
448 1771 535 1825 Codd.
552 1770 604 1826 Ox.
623 1791 645 1826 o.
665 1771 789 1836 Suerin.;
808 1792 823 1826 a
843 1771 903 1828 Cn.
923 1780 949 1829 2.
975 1774 1047 1832 Gud.
1066 1776 1100 1830 A.
1124 1778 1272 1832 doctissimi
1298 1781 1366 1836 sicut

333 1859 413 1913 tos.
433 1859 481 1925 N„
505 1859 581 1913 cuius
607 1859 727 1913 adiectivi
753 1859 815 1914 loco
840 1860 868 1913 in
886 1859 937 1914 Os.
956 1862 1032 1916 l.›est
1051 1865 1234 1933 disertissimi;
1263 1868 1291 1922 in
1316 1867 1370 1921 Οι.
1427 1881 1430 1886 ’

334 1945 394 2009 lp.
420 1958 460 2001 est
484 1958 660 2001 senserunt.
706 1945 736 1999 ln
767 1945 826 2000 Cm.
847 1950 874 2001 1.
899 1948 980 2002 Drsd.
1007 1954 1032 2004 1.
1057 1954 1084 2007 8.
1116 1951 1213 2024 legitur
1232 1951 1367 2009 'senserint

334 2033 475 2101 loctissimi,
494 2036 521 2086 in
541 2033 621 2088 Drsd.
639 2039 665 2088 4.
684 2035 832 2087 doctissimi
849 2037 977 2101 homines.
1013 2037 1070 2092 Nec
1088 2058 1151 2093 sero
1169 2061 1199 2094 ex
1217 2041 1296 2096 lanius
1313 2043 1366 2098 loci

334 2121 385 2174 aria
402 2123 429 2175 in
450 2121 525 2175 libris
543 2122 686 2193 scriptione
706 2121 777 2177 litem
797 2122 898 2176 moveri
916 2123 995 2177 selim
1019 2125 1143 2193 lectioni,
1172 2147 1253 2200 quam
1280 2141 1307 2184 et
1325 2148 1369 2183 re-

334 2209 381 2282 liqui
405 2222 515 2265 tuentur
544 2209 607 2262 libri
628 2208 708 2265 MSS.
733 2221 759 2264 et
783 2210 851 2265 Edd.
876 2221 936 2266 vett.
969 2231 998 2265 ex
1025 2212 1090 2286 ipsis
1116 2215 1191 2270 libris
1214 2216 1294 2272 MSS.
1321 2218 1368 2272 de-

334 2300 413 2372 scripti.
448 2299 511 2352 Mn.

385 2387 543 2456 praesertim
561 2405 621 2438 cum
638 2387 691 2437 isac
708 2387 855 2456 sententio]
886 2388 969 2443 Abest
982 2391 1143 2460 praesertim
1166 2410 1182 2445 a
1201 2389 1270 2446 Cod.
1288 2391 1367 2446 Drsd.

334 2475 356 2536 l;
374 2474 400 2527 in
426 2474 522 2528 eodem
550 2485 610 2546 post
634 2476 770 2526 sententia
797 2475 928 2547 repetitus
951 2496 1020 2532 cunc.
1067 2476 1139 2531 Tum
1171 2477 1242 2532 Gud.
1263 2478 1296 2531 Α.
1317 2498 1370 2531 non

334 2563 389 2616 mdo
405 2583 468 2616 non
486 2565 588 2629 verior,
608 2561 680 2633 quod
700 2573 738 2616 est
756 2563 916 2617 correctoris
935 2583 1013 2617 usum
1026 2565 1191 2636 optimorum
1205 2565 1366 2636 scriptorum

334 2647 469 2720 ignorantis.
491 2649 541 2704 Ox.
560 2649 592 2704 E.
613 2653 632 2703 t.
652 2669 700 2701 nec
718 2669 768 2721 pro
787 2669 832 2714 ne,
851 2669 914 2705 cnm
935 2649 995 2705 Cn.
1015 2654 1042 2704 1.
1065 2670 1154 2723 neque
1179 2651 1258 2706 Drsd.
1278 2656 1303 2708 3.
1339 2651 1370 2705 ln

334 2735 377 2793 iss.
394 2748 418 2794 2.
436 2752 474 2794 est
493 2739 609 2791 oninium
629 2758 678 2810 pro
699 2738 833 2791 hominum
851 2741 945 2802 citac5
964 2741 1045 2794 Dcsd.
1056 2743 1081 2795 1.
1100 2740 1199 2795 omittit
1217 2742 1289 2798 vitos
1308 2761 1369 2796 cum

334 2824 389 2885 tud.
408 2831 457 2897 A„
483 2840 509 2882 et
529 2826 598 2881 Cod.
625 2825 684 2882 Cn.
704 2830 730 2881 1.
755 2825 833 2883 babet
859 2829 933 2895 vita,
957 2849 987 2881 ex
1021 2847 1101 2899 prava
1129 2829 1311 2895 correctiones
1342 2831 1371 2885 in

334 2910 421 2970 stetin.
440 2927 479 2969 est
500 2920 572 2967 vitoe
590 2916 733 2970 hominnm.
765 2914 820 2967 Pro
839 2916 946 2987 quidem
963 2914 1035 2969 Gud.
1048 2915 1077 2967 B.
1096 2917 1165 2989 quid
1180 2928 1235 2976 ests
1253 2916 1325 2971 Gud.
1339 2918 1371 2970 A.

334 2998 394 3057 labet
420 3005 499 3057 nulla
523 3004 610 3073 possit
635 3002 812 3063 inveniri,·
843 3001 894 3056 01.
919 3001 939 3055 l.
964 3005 1058 3056 horum
1088 3024 1139 3076 pro
1162 3005 1312 3068 hominum,
1339 3023 1368 3057 ex

334 3092 386 3145 mele
403 3093 471 3153 lecto
490 3091 661 3162 compendio.
679 3089 744 3144 On.
763 3090 794 3143 R
815 3111 840 3144 o.
858 3108 887 3153 ψ.
903 3101 995 3161 potest
1013 3111 1064 3164 pro
1078 3094 1180 3163 possit,
1209 3111 1271 3146 cum
1289 3090 1370 3147 Drsd.

334 3180 362 3247 5.,
377 3182 445 3234 idem
465 3180 563 3233 omittit
582 3179 656 3246 ulla,
676 3198 725 3250 pro
745 3199 800 3251 quo
819 3178 879 3233 Crz.
899 3182 924 3233 1.
942 3199 957 3233 a
976 3199 1018 3251 pr.
1034 3199 1070 3233 m.
1089 3180 1182 3248 nulio,
1208 3179 1281 3252 quod
1306 3198 1370 3233 cor-

334 3270 382 3324 ruit
397 3271 488 3325 attera.
526 3267 584 3320 Mc.

389 3363 447 3411 Non
465 3358 542 3410 modo
560 3356 660 3420 verior,
679 3357 728 3407 sed
745 3374 777 3406 ne
793 3355 888 3407 utilior
906 3355 1022 3426 quidem]
1048 3356 1122 3421 „Per
1139 3354 1297 3426 exquisitum
1316 3355 1369 3407 La-

334 3442 423 3501 tinitatis
441 3464 519 3500 usum
538 3443 649 3516 ponitur
668 3462 787 3514 pronon
805 3442 880 3495 modo
899 3461 952 3495 non
969 3444 1071 3506 verior,
1100 3461 1155 3513 qun
1181 3442 1215 3494 dc
1240 3460 1290 3493 usu
1309 3460 1370 3493 nso·

334 3534 378 3588 nuit
392 3536 455 3588 Ern.
477 3536 504 3587 in
524 3532 596 3586 Clas.
614 3530 670 3585 Cic.
690 3542 715 3585 et
734 3530 901 3583 Tursellinus
919 3531 953 3584 de
971 3529 1120 3584 particulis.
1165 3529 1214 3583 llic
1238 3528 1313 3582 locus
1330 3529 1369 3583 sic

334 3620 392 3675 reddi
409 3623 492 3695 possit
509 3621 542 3675 ad
561 3618 764 3690 intelligentiam
791 3631 818 3674 et
834 3620 1003 3675 latinitatem:
1033 3621 1159 3673 Attamen
1188 3637 1273 3689 quum
1299 3618 1370 3672 inter

334 3724 371 3763 nos
385 3712 565 3784 disputemus,
584 3729 639 3762 non
659 3727 825 3781 pugnemus,
844 3707 918 3762 dicas
935 3707 1016 3774 mihi,
1037 3726 1219 3780 quorumnam
1237 3705 1369 3759 indicium

334 3796 445 3855 tritoni
464 3798 539 3872 sequi
558 3797 687 3863 debeant,
707 3796 897 3870 baiulorumne
915 3808 995 3868 atque
1014 3796 1201 3868 operariorum
1221 3807 1246 3848 et
1256 3795 1368 3847 omnino

335 3880 413 3954 plebis,
431 3908 467 3942 an
485 3888 637 3959 doctorum>
650 3896 677 3940 et
694 3885 859 3957 sapientum:
878 3886 912 3939 ad
931 3886 1009 3940 verba
1028 3886 1080 3937 lonc
1097 3884 1232 3937 sententia
1250 3884 1369 3955 intellige

335 3978 444 4045 aequatio
462 3994 519 4028 esse
535 3979 675 4044 peccata.“
712 3973 960 4046 Wyttenbacli.

390 4068 463 4135 Quos
484 4066 522 4115 vis
541 4072 596 4114 est
614 4062 710 4129 enim]
741 4060 778 4116 lta
804 4061 890 4115 codd.
917 4060 1036 4115 (inst.
1054 4061 1086 4114 B.
1111 4059 1214 4114 (ΖΓΗ.
1233 4063 1260 4114 3.
1285 4057 1368 4111 Drsd.

336 4149 354 4196 2·
369 4154 390 4205 l.
405 4153 501 4206 Dnisb.
519 4150 600 4204 Becn.
621 4150 679 4203 llas.
698 4149 786 4203 Guell.
806 4150 935 4222 Excerpta
954 4149 1023 4220 Eyls.
1035 4148 1085 4202 Ed.
1095 4168 1153 4221 pcc.
1164 4146 1214 4201 Et.
1227 4165 1271 4217 ap.
1281 4143 1368 4200 Meus.

337 4230 390 4291 Vict.
405 4241 498 4293 lnmb.
517 4238 602 4294 Sulis.
620 4238 692 4292 Petc.
712 4257 742 4292 ex
760 4239 857 4291 nostris
875 4239 1001 4292 Dasentc.
1018 4236 1098 4291 lldlb.
1126 4256 1143 4291 s.
1162 4235 1181 4289 l.
1206 4245 1233 4288 et
1256 4252 1280 4286 a.
1302 4233 1368 4303 Arg,

335 4315 1368 4397 mmmmmmmmmfflmmfflm

335 4400 360 4460 ll·
372 4414 451 4471 Wolf.
471 4416 550 4469 Boul.
566 4415 655 4470 Herw.
675 4413 751 4469 Cam.
770 4414 1021 4469 Atd.1548.Aud.
1043 4412 1101 4467 Tal.
1121 4409 1197 4481 syth.
1215 4405 1266 4460 Or.
1289 4405 1370 4462 Cete-

338 4501 479 4559 rosbabere
499 4522 570 4577 quae
589 4505 629 4558 vis
649 4503 717 4555 enim
736 4515 777 4555 cst
794 4503 829 4557 ait
848 4502 898 4555 Oc.
935 4502 988 4557 Sed
1006 4521 1063 4556 non
1079 4517 1187 4564 omnes,
1218 4514 1281 4549 nam
1300 4514 1369 4569 quoe
