<?xml version="1.0" encoding="UTF-8"?>
<!DOCTYPE html PUBLIC "-//W3C//DTD XHTML 1.0 Transitional//EN"
    "http://www.w3.org/TR/xhtml1/DTD/xhtml1-transitional.dtd">
<html xmlns="http://www.w3.org/1999/xhtml" xml:lang="en" lang="en">
 <head>
  <title>
</title>
<meta http-equiv="Content-Type" content="text/html;charset=utf-8" />
  <meta name='ocr-system' content='tesseract 3.04.00' />
  <meta name='ocr-capabilities' content='ocr_page ocr_carea ocr_par ocr_line ocrx_word'/>
</head>
<body>
  <div class='ocr_page' id='page_1' title='image "./mtulliiciceroni15cicegoog_0150.png"; bbox 0 0 3517 5450; ppageno 0'>
   <div class='ocr_carea' id='block_1_1' title="bbox 359 715 1070 788">
    <p class='ocr_par' dir='ltr' id='par_1_1' title="bbox 359 715 1070 788">
     <span class='ocr_line' id='line_1_1' title="bbox 359 715 1070 788; baseline 0.003 -8"><span class='ocrx_word' id='word_1_1' title='bbox 359 715 430 788; x_wconf 86' lang='grc'>104</span> <span class='ocrx_word' id='word_1_2' title='bbox 679 736 849 782; x_wconf 62' lang='lat' dir='ltr'>rensuum</span> <span class='ocrx_word' id='word_1_3' title='bbox 877 735 1070 782; x_wconf 81' lang='lat' dir='ltr'>srorcoauu.</span> 
     </span>
    </p>
   </div>
   <div class='ocr_carea' id='block_1_2' title="bbox 309 892 1391 4039">
    <p class='ocr_par' dir='ltr' id='par_1_2' title="bbox 355 892 1391 1049">
     <span class='ocr_line' id='line_1_2' title="bbox 355 892 1391 966; baseline -0.006 -18"><span class='ocrx_word' id='word_1_4' title='bbox 355 898 402 961; x_wconf 88' lang='lat' dir='ltr'>IV,</span> <span class='ocrx_word' id='word_1_5' title='bbox 423 900 447 959; x_wconf 77' lang='lat'>¹2,</span> <span class='ocrx_word' id='word_1_6' title='bbox 466 898 497 948; x_wconf 78' lang='lat'>3:</span> <span class='ocrx_word' id='word_1_7' title='bbox 517 897 609 966; x_wconf 80' lang='lat' dir='ltr'><em>Neque</em></span> <span class='ocrx_word' id='word_1_8' title='bbox 627 894 695 946; x_wconf 88' lang='lat' dir='ltr'>enim</span> <span class='ocrx_word' id='word_1_9' title='bbox 714 895 802 962; x_wconf 89' lang='lat' dir='ltr'>turpis</span> <span class='ocrx_word' id='word_1_10' title='bbox 821 913 891 946; x_wconf 86' lang='lat' dir='ltr'>mors</span> <span class='ocrx_word' id='word_1_11' title='bbox 903 893 978 964; x_wconf 86' lang='lat' dir='ltr'>sorti</span> <span class='ocrx_word' id='word_1_12' title='bbox 996 894 1054 946; x_wconf 74' lang='lat' dir='ltr'>niro</span> <span class='ocrx_word' id='word_1_13' title='bbox 1069 902 1160 962; x_wconf 88' lang='lat' dir='ltr'>potest</span> <span class='ocrx_word' id='word_1_14' title='bbox 1179 892 1304 956; x_wconf 82' lang='lat' dir='ltr'>occidere,</span> <span class='ocrx_word' id='word_1_15' title='bbox 1320 908 1391 962; x_wconf 83' lang='lat' dir='ltr'>neque</span> 
     </span>
     <span class='ocr_line' id='line_1_3' title="bbox 355 979 1193 1049; baseline 0 -16"><span class='ocrx_word' id='word_1_16' title='bbox 355 986 502 1034; x_wconf 84' lang='lat' dir='ltr'>immaturo</span> <span class='ocrx_word' id='word_1_17' title='bbox 518 980 666 1045; x_wconf 86' lang='lat' dir='ltr'>consulari,</span> <span class='ocrx_word' id='word_1_18' title='bbox 685 1000 732 1034; x_wconf 84' lang='lat' dir='ltr'>nec</span> <span class='ocrx_word' id='word_1_19' title='bbox 750 981 847 1032; x_wconf 85' lang='lat' dir='ltr'>misero</span> <span class='ocrx_word' id='word_1_20' title='bbox 866 981 996 1049; x_wconf 80' lang='lat' dir='ltr'><em>sapienti.</em></span> <span class='ocrx_word' id='word_1_21' title='bbox 1031 979 1091 1034; x_wconf 87' lang='lat' dir='ltr'>Mr.</span> <span class='ocrx_word' id='word_1_22' title='bbox 1133 1031 1136 1038; x_wconf 89' lang='grc'><strong>,</strong></span> <span class='ocrx_word' id='word_1_23' title='bbox 1188 1024 1193 1033; x_wconf 96' lang='grc'><em>.</em></span> 
     </span>
    </p>

    <p class='ocr_par' dir='ltr' id='par_1_3' title="bbox 356 1066 1391 1493">
     <span class='ocr_line' id='line_1_4' title="bbox 429 1066 1391 1139; baseline -0.005 -18"><span class='ocrx_word' id='word_1_24' title='bbox 429 1073 504 1121; x_wconf 87' lang='lat' dir='ltr'>Mors</span> <span class='ocrx_word' id='word_1_25' title='bbox 523 1067 650 1120; x_wconf 87' lang='lat' dir='ltr'>terribilis</span> <span class='ocrx_word' id='word_1_26' title='bbox 668 1069 772 1131; x_wconf 86' lang='lat' dir='ltr'>estiis,</span> <span class='ocrx_word' id='word_1_27' title='bbox 792 1087 904 1138; x_wconf 86' lang='lat' dir='ltr'>quorum</span> <span class='ocrx_word' id='word_1_28' title='bbox 924 1069 969 1135; x_wconf 91' lang='lat'>-]</span> <span class='ocrx_word' id='word_1_29' title='bbox 995 1069 1040 1131; x_wconf 86' lang='lat' dir='ltr'>„td</span> <span class='ocrx_word' id='word_1_30' title='bbox 1060 1078 1112 1133; x_wconf 87' lang='lat' dir='ltr'>est,</span> <span class='ocrx_word' id='word_1_31' title='bbox 1136 1067 1182 1139; x_wconf 90' lang='lat' dir='ltr'>qui</span> <span class='ocrx_word' id='word_1_32' title='bbox 1202 1066 1266 1119; x_wconf 87' lang='lat' dir='ltr'>nibil</span> <span class='ocrx_word' id='word_1_33' title='bbox 1285 1085 1391 1138; x_wconf 83' lang='lat' dir='ltr'>uuquam</span> 
     </span>
     <span class='ocr_line' id='line_1_5' title="bbox 358 1154 1391 1228; baseline -0.006 -17"><span class='ocrx_word' id='word_1_34' title='bbox 358 1162 385 1211; x_wconf 89' lang='lat' dir='ltr'>in</span> <span class='ocrx_word' id='word_1_35' title='bbox 405 1158 453 1211; x_wconf 80' lang='lat' dir='ltr'>vita</span> <span class='ocrx_word' id='word_1_36' title='bbox 472 1167 621 1228; x_wconf 78' lang='lat' dir='ltr'>gesserunt,</span> <span class='ocrx_word' id='word_1_37' title='bbox 642 1156 714 1228; x_wconf 88' lang='lat' dir='ltr'>quod</span> <span class='ocrx_word' id='word_1_38' title='bbox 735 1155 806 1226; x_wconf 82' lang='lat' dir='ltr'>apud</span> <span class='ocrx_word' id='word_1_39' title='bbox 827 1155 1008 1227; x_wconf 83' lang='lat' dir='ltr'>posteritatem</span> <span class='ocrx_word' id='word_1_40' title='bbox 1029 1155 1081 1208; x_wconf 80' lang='lat' dir='ltr'>ulla</span> <span class='ocrx_word' id='word_1_41' title='bbox 1104 1154 1183 1208; x_wconf 87' lang='lat' dir='ltr'>laude</span> <span class='ocrx_word' id='word_1_42' title='bbox 1202 1155 1312 1224; x_wconf 82' lang='lat' dir='ltr'>dignum</span> <span class='ocrx_word' id='word_1_43' title='bbox 1330 1163 1391 1216; x_wconf 79' lang='lat' dir='ltr'>esset,</span> 
     </span>
     <span class='ocr_line' id='line_1_6' title="bbox 357 1242 1391 1318; baseline -0.008 -20"><span class='ocrx_word' id='word_1_44' title='bbox 357 1265 472 1318; x_wconf 86' lang='lat' dir='ltr'>quorum</span> <span class='ocrx_word' id='word_1_45' title='bbox 492 1245 636 1310; x_wconf 85' lang='lat' dir='ltr'>memoria,</span> <span class='ocrx_word' id='word_1_46' title='bbox 657 1255 686 1298; x_wconf 88' lang='lat' dir='ltr'>ut</span> <span class='ocrx_word' id='word_1_47' title='bbox 704 1245 757 1297; x_wconf 90' lang='lat' dir='ltr'>dici</span> <span class='ocrx_word' id='word_1_48' title='bbox 775 1242 858 1309; x_wconf 87' lang='lat' dir='ltr'>solet,</span> <span class='ocrx_word' id='word_1_49' title='bbox 878 1245 948 1314; x_wconf 90' lang='lat' dir='ltr'>perit</span> <span class='ocrx_word' id='word_1_50' title='bbox 967 1263 1030 1297; x_wconf 93' lang='lat' dir='ltr'>cum</span> <span class='ocrx_word' id='word_1_51' title='bbox 1049 1244 1146 1297; x_wconf 89' lang='lat' dir='ltr'>sonitu.</span> <span class='ocrx_word' id='word_1_52' title='bbox 1183 1242 1221 1296; x_wconf 85' lang='lat' dir='ltr'>Ea</span> <span class='ocrx_word' id='word_1_53' title='bbox 1240 1253 1328 1295; x_wconf 87' lang='lat' dir='ltr'>autem</span> <span class='ocrx_word' id='word_1_54' title='bbox 1346 1242 1391 1301; x_wconf 70' lang='lat' dir='ltr'>laus</span> 
     </span>
     <span class='ocr_line' id='line_1_7' title="bbox 356 1327 1391 1406; baseline -0.008 -20"><span class='ocrx_word' id='word_1_55' title='bbox 356 1334 427 1406; x_wconf 88' lang='lat' dir='ltr'>apud</span> <span class='ocrx_word' id='word_1_56' title='bbox 447 1333 626 1404; x_wconf 67' lang='lat' dir='ltr'>posteritatem</span> <span class='ocrx_word' id='word_1_57' title='bbox 647 1350 818 1404; x_wconf 82' lang='lat' dir='ltr'>permansura</span> <span class='ocrx_word' id='word_1_58' title='bbox 839 1331 933 1384; x_wconf 79' lang='lat' dir='ltr'>virtute</span> <span class='ocrx_word' id='word_1_59' title='bbox 954 1343 1069 1402; x_wconf 84' lang='lat' dir='ltr'>paratur.</span> <span class='ocrx_word' id='word_1_60' title='bbox 1107 1331 1186 1384; x_wconf 84' lang='lat' dir='ltr'>Unde</span> <span class='ocrx_word' id='word_1_61' title='bbox 1205 1341 1244 1383; x_wconf 86' lang='lat' dir='ltr'>est</span> <span class='ocrx_word' id='word_1_62' title='bbox 1261 1329 1325 1382; x_wconf 89' lang='lat' dir='ltr'>illud</span> <span class='ocrx_word' id='word_1_63' title='bbox 1342 1327 1391 1379; x_wconf 86' lang='lat' dir='ltr'>Vir·</span> 
     </span>
     <span class='ocr_line' id='line_1_8' title="bbox 356 1419 850 1493; baseline -0.01 -18"><span class='ocrx_word' id='word_1_64' title='bbox 356 1423 411 1493; x_wconf 82' lang='lat' dir='ltr'>gilii</span> <span class='ocrx_word' id='word_1_65' title='bbox 430 1422 474 1475; x_wconf 85' lang='lat' dir='ltr'>lib.</span> <span class='ocrx_word' id='word_1_66' title='bbox 495 1419 605 1473; x_wconf 87' lang='lat' dir='ltr'>Aeneid.</span> <span class='ocrx_word' id='word_1_67' title='bbox 625 1421 658 1485; x_wconf 88' lang='lat' dir='ltr'>X,</span> <span class='ocrx_word' id='word_1_68' title='bbox 678 1422 850 1473; x_wconf 74' lang='lat' dir='ltr'>ott-469:</span> 
     </span>
    </p>

    <p class='ocr_par' dir='ltr' id='par_1_4' title="bbox 470 1505 1130 1576">
     <span class='ocr_line' id='line_1_9' title="bbox 470 1505 1130 1576; baseline -0.002 -18"><span class='ocrx_word' id='word_1_69' title='bbox 470 1538 504 1545; x_wconf 91' lang='lat'>—</span> <span class='ocrx_word' id='word_1_70' title='bbox 543 1536 574 1546; x_wconf 93' lang='grc'>-</span> <span class='ocrx_word' id='word_1_71' title='bbox 613 1536 647 1545; x_wconf 92' lang='grc'>-</span> <span class='ocrx_word' id='word_1_72' title='bbox 685 1512 769 1557; x_wconf 78' lang='lat' dir='ltr'>Breve</span> <span class='ocrx_word' id='word_1_73' title='bbox 786 1518 812 1556; x_wconf 86' lang='lat' dir='ltr'>et</span> <span class='ocrx_word' id='word_1_74' title='bbox 831 1505 1007 1574; x_wconf 76' lang='lat' dir='ltr'><strong><em>irreparabile</em></strong></span> <span class='ocrx_word' id='word_1_75' title='bbox 1027 1517 1130 1576; x_wconf 87' lang='lat' dir='ltr'>tempus</span> 
     </span>
    </p>

    <p class='ocr_par' dir='ltr' id='par_1_5' title="bbox 472 1594 1220 1664">
     <span class='ocr_line' id='line_1_10' title="bbox 472 1594 1220 1664; baseline 0 -18"><span class='ocrx_word' id='word_1_76' title='bbox 472 1594 599 1647; x_wconf 85' lang='lat' dir='ltr'>Oumibus</span> <span class='ocrx_word' id='word_1_77' title='bbox 619 1606 659 1646; x_wconf 86' lang='lat' dir='ltr'>est</span> <span class='ocrx_word' id='word_1_78' title='bbox 680 1595 770 1646; x_wconf 80' lang='lat' dir='ltr'>vitoe:</span> <span class='ocrx_word' id='word_1_79' title='bbox 787 1594 836 1646; x_wconf 86' lang='lat' dir='ltr'>sed</span> <span class='ocrx_word' id='word_1_80' title='bbox 848 1594 958 1664; x_wconf 84' lang='lat' dir='ltr'>famum</span> <span class='ocrx_word' id='word_1_81' title='bbox 974 1595 1114 1645; x_wconf 83' lang='lat' dir='ltr'><em>extendere</em></span> <span class='ocrx_word' id='word_1_82' title='bbox 1128 1594 1220 1664; x_wconf 78' lang='lat' dir='ltr'>factis</span> 
     </span>
    </p>

    <p class='ocr_par' dir='ltr' id='par_1_6' title="bbox 309 1680 1391 4039">
     <span class='ocr_line' id='line_1_11' title="bbox 472 1680 1249 1752; baseline 0.004 -21"><span class='ocrx_word' id='word_1_83' title='bbox 472 1686 531 1733; x_wconf 87' lang='lat' dir='ltr'>Hoc</span> <span class='ocrx_word' id='word_1_84' title='bbox 549 1682 661 1733; x_wconf 85' lang='lat' dir='ltr'>virtutis</span> <span class='ocrx_word' id='word_1_85' title='bbox 680 1687 771 1750; x_wconf 86' lang='lat' dir='ltr'>opus.“</span> <span class='ocrx_word' id='word_1_86' title='bbox 790 1710 825 1719; x_wconf 95' lang='lat'><em>-</em></span> <span class='ocrx_word' id='word_1_87' title='bbox 862 1711 897 1720; x_wconf 93' lang='lat'><em>-</em></span> <span class='ocrx_word' id='word_1_88' title='bbox 933 1711 970 1722; x_wconf 92' lang='lat'>-</span> <span class='ocrx_word' id='word_1_89' title='bbox 1005 1682 1078 1736; x_wconf 84' lang='lat' dir='ltr'>Fre.</span> <span class='ocrx_word' id='word_1_90' title='bbox 1096 1680 1249 1752; x_wconf 80' lang='lat' dir='ltr'><strong>Sylvius.</strong></span> 
     </span>
     <span class='ocr_line' id='line_1_12' title="bbox 356 1768 1391 1840; baseline -0.001 -20"><span class='ocrx_word' id='word_1_91' title='bbox 356 1769 507 1835; x_wconf 82' lang='lat' dir='ltr'><strong>„Nimirum</strong></span> <span class='ocrx_word' id='word_1_92' title='bbox 526 1771 557 1823; x_wconf 89' lang='lat' dir='ltr'>iis</span> <span class='ocrx_word' id='word_1_93' title='bbox 575 1781 612 1824; x_wconf 89' lang='lat' dir='ltr'>est</span> <span class='ocrx_word' id='word_1_94' title='bbox 631 1789 702 1823; x_wconf 88' lang='lat' dir='ltr'>mors</span> <span class='ocrx_word' id='word_1_95' title='bbox 720 1768 859 1834; x_wconf 87' lang='lat' dir='ltr'>terribilis,</span> <span class='ocrx_word' id='word_1_96' title='bbox 886 1770 932 1840; x_wconf 86' lang='lat' dir='ltr'>qui</span> <span class='ocrx_word' id='word_1_97' title='bbox 951 1770 1029 1823; x_wconf 83' lang='lat' dir='ltr'>vitam</span> <span class='ocrx_word' id='word_1_98' title='bbox 1049 1768 1157 1822; x_wconf 86' lang='lat' dir='ltr'>silentio</span> <span class='ocrx_word' id='word_1_99' title='bbox 1183 1781 1334 1833; x_wconf 82' lang='lat' dir='ltr'>transeunt,</span> <span class='ocrx_word' id='word_1_100' title='bbox 1350 1768 1391 1820; x_wconf 76' lang='lat' dir='ltr'>sel-</span> 
     </span>
     <span class='ocr_line' id='line_1_13' title="bbox 357 1853 1390 1928; baseline -0.003 -20"><span class='ocrx_word' id='word_1_101' title='bbox 357 1858 394 1909; x_wconf 86' lang='lat' dir='ltr'>uti</span> <span class='ocrx_word' id='word_1_102' title='bbox 421 1876 532 1928; x_wconf 89' lang='lat' dir='ltr'>pecora,</span> <span class='ocrx_word' id='word_1_103' title='bbox 559 1868 587 1910; x_wconf 88' lang='lat' dir='ltr'>ut</span> <span class='ocrx_word' id='word_1_104' title='bbox 612 1858 648 1910; x_wconf 86' lang='lat' dir='ltr'>ait</span> <span class='ocrx_word' id='word_1_105' title='bbox 671 1856 817 1910; x_wconf 82' lang='lat' dir='ltr'>Sallustius.</span> <span class='ocrx_word' id='word_1_106' title='bbox 856 1855 1032 1925; x_wconf 83' lang='lat' dir='ltr'>[Catil.1.].“</span> <span class='ocrx_word' id='word_1_107' title='bbox 1057 1856 1238 1910; x_wconf 79' lang='lat' dir='ltr'>Graevius.</span> <span class='ocrx_word' id='word_1_108' title='bbox 1257 1886 1292 1895; x_wconf 97' lang='lat'>—</span> <span class='ocrx_word' id='word_1_109' title='bbox 1321 1853 1390 1908; x_wconf 82' lang='lat' dir='ltr'>codd</span> 
     </span>
     <span class='ocr_line' id='line_1_14' title="bbox 356 1942 1391 1998; baseline -0.004 -2"><span class='ocrx_word' id='word_1_110' title='bbox 356 1942 427 1996; x_wconf 87' lang='lat' dir='ltr'>Gud.</span> <span class='ocrx_word' id='word_1_111' title='bbox 446 1945 479 1997; x_wconf 85' lang='lat' dir='ltr'>A.</span> <span class='ocrx_word' id='word_1_112' title='bbox 498 1944 556 1998; x_wconf 81' lang='lat' dir='ltr'>Cre.</span> <span class='ocrx_word' id='word_1_113' title='bbox 576 1950 601 1998; x_wconf 84' lang='lat'>2.</span> <span class='ocrx_word' id='word_1_114' title='bbox 621 1944 719 1997; x_wconf 87' lang='lat' dir='ltr'>babent</span> <span class='ocrx_word' id='word_1_115' title='bbox 740 1966 808 1998; x_wconf 89' lang='lat' dir='ltr'>murs</span> <span class='ocrx_word' id='word_1_116' title='bbox 826 1957 878 1996; x_wconf 79' lang='lat' dir='ltr'>est</span> <span class='ocrx_word' id='word_1_117' title='bbox 899 1944 1083 1998; x_wconf 86' lang='lat' dir='ltr'>terribilis.</span> <span class='ocrx_word' id='word_1_118' title='bbox 1126 1946 1180 1997; x_wconf 91' lang='lat' dir='ltr'>Pro</span> <span class='ocrx_word' id='word_1_119' title='bbox 1199 1945 1234 1995; x_wconf 83' lang='lat' dir='ltr'>iis</span> <span class='ocrx_word' id='word_1_120' title='bbox 1254 1945 1328 1996; x_wconf 91' lang='lat' dir='ltr'>multi</span> <span class='ocrx_word' id='word_1_121' title='bbox 1344 1944 1391 1996; x_wconf 90' lang='lat' dir='ltr'>libr</span> 
     </span>
     <span class='ocr_line' id='line_1_15' title="bbox 356 2031 1391 2104; baseline -0.006 -19"><span class='ocrx_word' id='word_1_122' title='bbox 356 2044 381 2085; x_wconf 88' lang='lat' dir='ltr'>et</span> <span class='ocrx_word' id='word_1_123' title='bbox 398 2033 490 2104; x_wconf 87' lang='lat' dir='ltr'>scripti</span> <span class='ocrx_word' id='word_1_124' title='bbox 508 2045 534 2087; x_wconf 88' lang='lat' dir='ltr'>et</span> <span class='ocrx_word' id='word_1_125' title='bbox 552 2032 614 2086; x_wconf 88' lang='lat' dir='ltr'>editi</span> <span class='ocrx_word' id='word_1_126' title='bbox 632 2032 731 2086; x_wconf 87' lang='lat' dir='ltr'>habent</span> <span class='ocrx_word' id='word_1_127' title='bbox 749 2034 799 2086; x_wconf 89' lang='lat' dir='ltr'>bis.</span> <span class='ocrx_word' id='word_1_128' title='bbox 846 2033 913 2087; x_wconf 85' lang='lat' dir='ltr'>cod.</span> <span class='ocrx_word' id='word_1_129' title='bbox 931 2034 1025 2086; x_wconf 89' lang='lat' dir='ltr'>Duisb.</span> <span class='ocrx_word' id='word_1_130' title='bbox 1046 2052 1115 2084; x_wconf 87' lang='lat' dir='ltr'>mors</span> <span class='ocrx_word' id='word_1_131' title='bbox 1134 2031 1285 2084; x_wconf 83' lang='lat' dir='ltr'>terribilis?</span> <span class='ocrx_word' id='word_1_132' title='bbox 1302 2032 1391 2083; x_wconf 79' lang='lat' dir='ltr'>sedile</span> 
     </span>
     <span class='ocr_line' id='line_1_16' title="bbox 357 2119 1390 2194; baseline -0.004 -21"><span class='ocrx_word' id='word_1_133' title='bbox 357 2141 485 2194; x_wconf 67' lang='lat' dir='ltr'>quorum</span> <span class='ocrx_word' id='word_1_134' title='bbox 505 2120 612 2174; x_wconf 87' lang='lat' dir='ltr'>Suerin.</span> <span class='ocrx_word' id='word_1_135' title='bbox 631 2132 672 2173; x_wconf 86' lang='lat' dir='ltr'>est</span> <span class='ocrx_word' id='word_1_136' title='bbox 693 2122 783 2174; x_wconf 84' lang='lat' dir='ltr'>illis.</span> <span class='ocrx_word' id='word_1_137' title='bbox 829 2122 861 2174; x_wconf 91' lang='lat' dir='ltr'>ln</span> <span class='ocrx_word' id='word_1_138' title='bbox 880 2122 931 2175; x_wconf 85' lang='lat' dir='ltr'>Ox.</span> <span class='ocrx_word' id='word_1_139' title='bbox 948 2141 972 2176; x_wconf 88' lang='lat' dir='ltr'>o.</span> <span class='ocrx_word' id='word_1_140' title='bbox 1002 2121 1097 2173; x_wconf 85' lang='lat' dir='ltr'>desunt</span> <span class='ocrx_word' id='word_1_141' title='bbox 1122 2119 1200 2171; x_wconf 85' lang='lat' dir='ltr'>verba</span> <span class='ocrx_word' id='word_1_142' title='bbox 1224 2119 1288 2171; x_wconf 88' lang='lat' dir='ltr'>inde</span> <span class='ocrx_word' id='word_1_143' title='bbox 1306 2139 1319 2172; x_wconf 88' lang='lat' dir='ltr'>a</span> <span class='ocrx_word' id='word_1_144' title='bbox 1337 2137 1390 2170; x_wconf 85' lang='lat' dir='ltr'>mor</span> 
     </span>
     <span class='ocr_line' id='line_1_17' title="bbox 358 2206 1391 2280; baseline -0.005 -18"><span class='ocrx_word' id='word_1_145' title='bbox 358 2229 441 2280; x_wconf 92' lang='lat' dir='ltr'>usque</span> <span class='ocrx_word' id='word_1_146' title='bbox 460 2209 493 2261; x_wconf 91' lang='lat' dir='ltr'>ad</span> <span class='ocrx_word' id='word_1_147' title='bbox 511 2229 562 2261; x_wconf 86' lang='lat' dir='ltr'>non</span> <span class='ocrx_word' id='word_1_148' title='bbox 578 2218 684 2278; x_wconf 86' lang='lat' dir='ltr'>potest:</span> <span class='ocrx_word' id='word_1_149' title='bbox 712 2207 763 2260; x_wconf 83' lang='lat' dir='ltr'>alia</span> <span class='ocrx_word' id='word_1_150' title='bbox 782 2219 871 2261; x_wconf 90' lang='lat' dir='ltr'>autem</span> <span class='ocrx_word' id='word_1_151' title='bbox 891 2227 987 2262; x_wconf 88' lang='lat' dir='ltr'>manus</span> <span class='ocrx_word' id='word_1_152' title='bbox 1006 2209 1033 2261; x_wconf 90' lang='lat' dir='ltr'>in</span> <span class='ocrx_word' id='word_1_153' title='bbox 1053 2225 1137 2277; x_wconf 79' lang='lat' dir='ltr'>marg.</span> <span class='ocrx_word' id='word_1_154' title='bbox 1156 2206 1308 2277; x_wconf 84' lang='lat' dir='ltr'>adscripsit:</span> <span class='ocrx_word' id='word_1_155' title='bbox 1338 2224 1391 2257; x_wconf 51' lang='lat' dir='ltr'>reor&gt;</span> 
     </span>
     <span class='ocr_line' id='line_1_18' title="bbox 357 2293 1391 2367; baseline 0 -20"><span class='ocrx_word' id='word_1_156' title='bbox 357 2298 485 2349; x_wconf 87' lang='lat' dir='ltr'>terribilis</span> <span class='ocrx_word' id='word_1_157' title='bbox 502 2297 559 2361; x_wconf 78' lang='lat' dir='ltr'>liis,</span> <span class='ocrx_word' id='word_1_158' title='bbox 585 2315 698 2367; x_wconf 86' lang='lat' dir='ltr'>quorum</span> <span class='ocrx_word' id='word_1_159' title='bbox 725 2296 787 2347; x_wconf 84' lang='lat' dir='ltr'>laus</span> <span class='ocrx_word' id='word_1_160' title='bbox 805 2298 886 2349; x_wconf 83' lang='lat' dir='ltr'>emori</span> <span class='ocrx_word' id='word_1_161' title='bbox 904 2316 956 2347; x_wconf 86' lang='lat' dir='ltr'>non</span> <span class='ocrx_word' id='word_1_162' title='bbox 973 2306 1073 2364; x_wconf 87' lang='lat' dir='ltr'>potest.</span> <span class='ocrx_word' id='word_1_163' title='bbox 1119 2293 1150 2348; x_wconf 91' lang='lat' dir='ltr'>lu</span> <span class='ocrx_word' id='word_1_164' title='bbox 1177 2293 1226 2345; x_wconf 85' lang='lat' dir='ltr'>Ed.</span> <span class='ocrx_word' id='word_1_165' title='bbox 1256 2312 1312 2365; x_wconf 84' lang='lat' dir='ltr'>pre.</span> <span class='ocrx_word' id='word_1_166' title='bbox 1329 2293 1391 2347; x_wconf 71' lang='lat'>14⁸5</span> 
     </span>
     <span class='ocr_line' id='line_1_19' title="bbox 358 2378 1391 2454; baseline -0.006 -18"><span class='ocrx_word' id='word_1_167' title='bbox 358 2386 427 2439; x_wconf 90' lang='lat' dir='ltr'>Vict.</span> <span class='ocrx_word' id='word_1_168' title='bbox 444 2385 512 2438; x_wconf 83' lang='lat' dir='ltr'>Rob.</span> <span class='ocrx_word' id='word_1_169' title='bbox 530 2383 621 2454; x_wconf 86' lang='lat' dir='ltr'>Steph.</span> <span class='ocrx_word' id='word_1_170' title='bbox 641 2382 752 2454; x_wconf 85' lang='lat' dir='ltr'>legitur:</span> <span class='ocrx_word' id='word_1_171' title='bbox 771 2393 802 2433; x_wconf 86' lang='lat' dir='ltr'>ut</span> <span class='ocrx_word' id='word_1_172' title='bbox 822 2382 857 2433; x_wconf 85' lang='lat' dir='ltr'>ab</span> <span class='ocrx_word' id='word_1_173' title='bbox 875 2382 1000 2452; x_wconf 73' lang='lat' dir='ltr'>improbis</span> <span class='ocrx_word' id='word_1_174' title='bbox 1019 2378 1240 2452; x_wconf 82' lang='lat' dir='ltr'>demigrandum?</span> <span class='ocrx_word' id='word_1_175' title='bbox 1272 2381 1314 2432; x_wconf 83' lang='lat' dir='ltr'>Sit</span> <span class='ocrx_word' id='word_1_176' title='bbox 1338 2397 1391 2432; x_wconf 82' lang='lat' dir='ltr'>mor·</span> 
     </span>
     <span class='ocr_line' id='line_1_20' title="bbox 358 2467 1391 2541; baseline -0.003 -19"><span class='ocrx_word' id='word_1_177' title='bbox 358 2472 485 2524; x_wconf 86' lang='lat' dir='ltr'>terribilis</span> <span class='ocrx_word' id='word_1_178' title='bbox 503 2473 554 2538; x_wconf 83' lang='lat' dir='ltr'>iis,</span> <span class='ocrx_word' id='word_1_179' title='bbox 571 2501 613 2523; x_wconf 90' lang='lat'>-.</span> <span class='ocrx_word' id='word_1_180' title='bbox 647 2471 697 2525; x_wconf 87' lang='lat' dir='ltr'>Or.</span> <span class='ocrx_word' id='word_1_181' title='bbox 720 2471 766 2541; x_wconf 87' lang='lat' dir='ltr'>qui</span> <span class='ocrx_word' id='word_1_182' title='bbox 792 2470 819 2522; x_wconf 88' lang='lat' dir='ltr'>in</span> <span class='ocrx_word' id='word_1_183' title='bbox 840 2470 996 2523; x_wconf 87' lang='lat' dir='ltr'>Manutiana</span> <span class='ocrx_word' id='word_1_184' title='bbox 1016 2469 1167 2541; x_wconf 87' lang='lat' dir='ltr'>reperisset:</span> <span class='ocrx_word' id='word_1_185' title='bbox 1187 2489 1257 2521; x_wconf 82' lang='lat' dir='ltr'>mure</span> <span class='ocrx_word' id='word_1_186' title='bbox 1284 2467 1391 2520; x_wconf 75' lang='lat' dir='ltr'>terribili</span> 
     </span>
     <span class='ocr_line' id='line_1_21' title="bbox 357 2556 1391 2632; baseline -0.005 -22"><span class='ocrx_word' id='word_1_187' title='bbox 357 2573 397 2611; x_wconf 83' lang='lat' dir='ltr'>est</span> <span class='ocrx_word' id='word_1_188' title='bbox 416 2561 463 2625; x_wconf 88' lang='lat' dir='ltr'>iis,</span> <span class='ocrx_word' id='word_1_189' title='bbox 481 2580 593 2632; x_wconf 87' lang='lat' dir='ltr'>quorum</span> <span class='ocrx_word' id='word_1_190' title='bbox 612 2559 673 2610; x_wconf 84' lang='lat' dir='ltr'>lens</span> <span class='ocrx_word' id='word_1_191' title='bbox 692 2558 772 2609; x_wconf 82' lang='lat' dir='ltr'>errrori</span> <span class='ocrx_word' id='word_1_192' title='bbox 786 2568 894 2626; x_wconf 81' lang='lat' dir='ltr'>potest,</span> <span class='ocrx_word' id='word_1_193' title='bbox 921 2558 1022 2610; x_wconf 85' lang='lat' dir='ltr'>addens</span> <span class='ocrx_word' id='word_1_194' title='bbox 1041 2576 1068 2610; x_wconf 87' lang='lat' dir='ltr'>se</span> <span class='ocrx_word' id='word_1_195' title='bbox 1088 2556 1204 2621; x_wconf 87' lang='lat' dir='ltr'>nescire,</span> <span class='ocrx_word' id='word_1_196' title='bbox 1230 2576 1285 2627; x_wconf 86' lang='lat' dir='ltr'>quo</span> <span class='ocrx_word' id='word_1_197' title='bbox 1310 2571 1391 2607; x_wconf 86' lang='lat' dir='ltr'>errore</span> 
     </span>
     <span class='ocr_line' id='line_1_22' title="bbox 358 2643 1391 2718; baseline -0.005 -20"><span class='ocrx_word' id='word_1_198' title='bbox 358 2646 415 2718; x_wconf 78' lang='lat' dir='ltr'>Ego</span> <span class='ocrx_word' id='word_1_199' title='bbox 434 2648 490 2701; x_wconf 89' lang='lat' dir='ltr'>eius</span> <span class='ocrx_word' id='word_1_200' title='bbox 509 2666 615 2701; x_wconf 89' lang='lat' dir='ltr'>causam</span> <span class='ocrx_word' id='word_1_201' title='bbox 641 2644 820 2716; x_wconf 87' lang='lat' dir='ltr'>deprehendi,</span> <span class='ocrx_word' id='word_1_202' title='bbox 845 2664 907 2698; x_wconf 88' lang='lat' dir='ltr'>cum</span> <span class='ocrx_word' id='word_1_203' title='bbox 933 2644 960 2696; x_wconf 94' lang='lat' dir='ltr'>in</span> <span class='ocrx_word' id='word_1_204' title='bbox 981 2657 1098 2716; x_wconf 86' lang='lat' dir='ltr'>quatuor</span> <span class='ocrx_word' id='word_1_205' title='bbox 1122 2644 1198 2697; x_wconf 88' lang='lat' dir='ltr'>libris</span> <span class='ocrx_word' id='word_1_206' title='bbox 1221 2644 1295 2698; x_wconf 88' lang='lat' dir='ltr'>hunc</span> <span class='ocrx_word' id='word_1_207' title='bbox 1317 2643 1391 2696; x_wconf 85' lang='lat' dir='ltr'>locun</span> 
     </span>
     <span class='ocr_line' id='line_1_23' title="bbox 357 2731 1390 2805; baseline -0.008 -17"><span class='ocrx_word' id='word_1_208' title='bbox 357 2737 434 2790; x_wconf 82' lang='lat' dir='ltr'>simili</span> <span class='ocrx_word' id='word_1_209' title='bbox 454 2736 535 2789; x_wconf 87' lang='lat' dir='ltr'>modo</span> <span class='ocrx_word' id='word_1_210' title='bbox 554 2747 710 2805; x_wconf 89' lang='lat' dir='ltr'>corruptum</span> <span class='ocrx_word' id='word_1_211' title='bbox 730 2735 858 2787; x_wconf 84' lang='lat' dir='ltr'>vidissem.</span> <span class='ocrx_word' id='word_1_212' title='bbox 906 2731 976 2786; x_wconf 88' lang='lat' dir='ltr'>Casu</span> <span class='ocrx_word' id='word_1_213' title='bbox 994 2736 1065 2788; x_wconf 85' lang='lat' dir='ltr'>enim</span> <span class='ocrx_word' id='word_1_214' title='bbox 1085 2753 1147 2787; x_wconf 89' lang='lat' dir='ltr'>cum</span> <span class='ocrx_word' id='word_1_215' title='bbox 1166 2734 1268 2787; x_wconf 85' lang='lat' dir='ltr'>factum</span> <span class='ocrx_word' id='word_1_216' title='bbox 1288 2743 1356 2796; x_wconf 86' lang='lat' dir='ltr'>esset,</span> <span class='ocrx_word' id='word_1_217' title='bbox 1373 2748 1390 2780; x_wconf 84' lang='lat' dir='ltr'>u</span> 
     </span>
     <span class='ocr_line' id='line_1_24' title="bbox 309 2820 1391 2893; baseline -0.005 -18"><span class='ocrx_word' id='word_1_218' title='bbox 309 2852 311 2862; x_wconf 51' lang='grc' dir='ltr'><em>ν</em></span> <span class='ocrx_word' id='word_1_219' title='bbox 357 2824 458 2877; x_wconf 87' lang='lat' dir='ltr'>librarii</span> <span class='ocrx_word' id='word_1_220' title='bbox 473 2823 584 2877; x_wconf 89' lang='lat' dir='ltr'>alicuius</span> <span class='ocrx_word' id='word_1_221' title='bbox 598 2821 691 2877; x_wconf 90' lang='lat' dir='ltr'>oculus</span> <span class='ocrx_word' id='word_1_222' title='bbox 709 2843 724 2875; x_wconf 92' lang='lat' dir='ltr'>a</span> <span class='ocrx_word' id='word_1_223' title='bbox 743 2823 832 2893; x_wconf 87' lang='lat' dir='ltr'>priore</span> <span class='ocrx_word' id='word_1_224' title='bbox 846 2843 957 2893; x_wconf 80' lang='lat' dir='ltr'>quorum</span> <span class='ocrx_word' id='word_1_225' title='bbox 976 2823 1008 2875; x_wconf 89' lang='lat' dir='ltr'>ad</span> <span class='ocrx_word' id='word_1_226' title='bbox 1028 2822 1158 2893; x_wconf 85' lang='lat' dir='ltr'>posterius</span> <span class='ocrx_word' id='word_1_227' title='bbox 1172 2823 1316 2886; x_wconf 83' lang='lat' dir='ltr'>aberraret,</span> <span class='ocrx_word' id='word_1_228' title='bbox 1333 2820 1391 2872; x_wconf 87' lang='lat' dir='ltr'>ideo·</span> 
     </span>
     <span class='ocr_line' id='line_1_25' title="bbox 360 2905 1391 2982; baseline -0.004 -19"><span class='ocrx_word' id='word_1_229' title='bbox 360 2931 411 2982; x_wconf 85' lang='lat' dir='ltr'>que</span> <span class='ocrx_word' id='word_1_230' title='bbox 432 2911 500 2963; x_wconf 88' lang='lat' dir='ltr'>linea</span> <span class='ocrx_word' id='word_1_231' title='bbox 519 2910 621 2981; x_wconf 80' lang='lat' dir='ltr'>integra</span> <span class='ocrx_word' id='word_1_232' title='bbox 648 2911 788 2975; x_wconf 83' lang='lat' dir='ltr'>excideret,</span> <span class='ocrx_word' id='word_1_233' title='bbox 815 2911 915 2965; x_wconf 82' lang='lat' dir='ltr'>loetum</span> <span class='ocrx_word' id='word_1_234' title='bbox 942 2922 994 2976; x_wconf 88' lang='lat' dir='ltr'>est,</span> <span class='ocrx_word' id='word_1_235' title='bbox 1021 2921 1050 2963; x_wconf 87' lang='lat' dir='ltr'>ut</span> <span class='ocrx_word' id='word_1_236' title='bbox 1076 2911 1166 2981; x_wconf 87' lang='lat' dir='ltr'>inepta</span> <span class='ocrx_word' id='word_1_237' title='bbox 1190 2910 1258 2962; x_wconf 88' lang='lat' dir='ltr'>haec</span> <span class='ocrx_word' id='word_1_238' title='bbox 1281 2905 1391 2962; x_wconf 76' lang='lat' dir='ltr'>sententia</span> 
     </span>
     <span class='ocr_line' id='line_1_26' title="bbox 360 2998 1390 3070; baseline -0.003 -21"><span class='ocrx_word' id='word_1_239' title='bbox 360 3000 453 3050; x_wconf 80' lang='lat' dir='ltr'>exiret:</span> <span class='ocrx_word' id='word_1_240' title='bbox 473 3018 541 3050; x_wconf 87' lang='lat' dir='ltr'>mors</span> <span class='ocrx_word' id='word_1_241' title='bbox 559 2998 685 3049; x_wconf 82' lang='lat' dir='ltr'>terribilis</span> <span class='ocrx_word' id='word_1_242' title='bbox 704 3010 744 3051; x_wconf 84' lang='lat' dir='ltr'>est</span> <span class='ocrx_word' id='word_1_243' title='bbox 763 3000 805 3056; x_wconf 83' lang='lat' dir='ltr'>iis,</span> <span class='ocrx_word' id='word_1_244' title='bbox 824 3019 936 3070; x_wconf 83' lang='lat' dir='ltr'>quorum</span> <span class='ocrx_word' id='word_1_245' title='bbox 954 3001 1017 3050; x_wconf 84' lang='lat' dir='ltr'>laus</span> <span class='ocrx_word' id='word_1_246' title='bbox 1036 2998 1117 3048; x_wconf 90' lang='lat' dir='ltr'>emori</span> <span class='ocrx_word' id='word_1_247' title='bbox 1134 3017 1197 3049; x_wconf 87' lang='lat' dir='ltr'>non</span> <span class='ocrx_word' id='word_1_248' title='bbox 1217 3009 1315 3068; x_wconf 84' lang='lat' dir='ltr'>potest:</span> <span class='ocrx_word' id='word_1_249' title='bbox 1333 3014 1390 3049; x_wconf 87' lang='lat' dir='ltr'>ean·</span> 
     </span>
     <span class='ocr_line' id='line_1_27' title="bbox 361 3082 1389 3158; baseline -0.008 -19"><span class='ocrx_word' id='word_1_250' title='bbox 361 3107 412 3157; x_wconf 88' lang='lat' dir='ltr'>que</span> <span class='ocrx_word' id='word_1_251' title='bbox 428 3106 507 3158; x_wconf 84' lang='lat' dir='ltr'>supra</span> <span class='ocrx_word' id='word_1_252' title='bbox 526 3105 556 3137; x_wconf 83' lang='lat' dir='ltr'>er</span> <span class='ocrx_word' id='word_1_253' title='bbox 575 3086 695 3156; x_wconf 84' lang='lat' dir='ltr'>margine</span> <span class='ocrx_word' id='word_1_254' title='bbox 714 3086 781 3139; x_wconf 89' lang='lat' dir='ltr'>Cod.</span> <span class='ocrx_word' id='word_1_255' title='bbox 801 3086 851 3140; x_wconf 83' lang='lat' dir='ltr'>Or.</span> <span class='ocrx_word' id='word_1_256' title='bbox 870 3107 894 3141; x_wconf 87' lang='lat' dir='ltr'>o.</span> <span class='ocrx_word' id='word_1_257' title='bbox 915 3086 1079 3141; x_wconf 71' lang='lat' dir='ltr'>enutrivimus</span> <span class='ocrx_word' id='word_1_258' title='bbox 1097 3096 1123 3139; x_wconf 85' lang='lat' dir='ltr'>et</span> <span class='ocrx_word' id='word_1_259' title='bbox 1143 3085 1254 3139; x_wconf 87' lang='lat' dir='ltr'>totidem</span> <span class='ocrx_word' id='word_1_260' title='bbox 1269 3084 1347 3137; x_wconf 77' lang='lat' dir='ltr'>verbis</span> <span class='ocrx_word' id='word_1_261' title='bbox 1361 3082 1389 3132; x_wconf 85' lang='lat' dir='ltr'>le·</span> 
     </span>
     <span class='ocr_line' id='line_1_28' title="bbox 361 3173 1388 3245; baseline -0.003 -19"><span class='ocrx_word' id='word_1_262' title='bbox 361 3173 447 3245; x_wconf 82' lang='lat' dir='ltr'>gimus</span> <span class='ocrx_word' id='word_1_263' title='bbox 470 3177 497 3228; x_wconf 90' lang='lat' dir='ltr'>in</span> <span class='ocrx_word' id='word_1_264' title='bbox 517 3174 566 3227; x_wconf 86' lang='lat' dir='ltr'>Ed.</span> <span class='ocrx_word' id='word_1_265' title='bbox 587 3186 675 3227; x_wconf 90' lang='lat' dir='ltr'>nostra</span> <span class='ocrx_word' id='word_1_266' title='bbox 693 3173 789 3228; x_wconf 82' lang='lat' dir='ltr'>Aldina</span> <span class='ocrx_word' id='word_1_267' title='bbox 809 3194 832 3227; x_wconf 85' lang='lat' dir='ltr'>a.</span> <span class='ocrx_word' id='word_1_268' title='bbox 851 3179 931 3230; x_wconf 75' lang='lat'><strong>1552.</strong></span> <span class='ocrx_word' id='word_1_269' title='bbox 974 3173 1037 3241; x_wconf 88' lang='lat' dir='ltr'>Quo</span> <span class='ocrx_word' id='word_1_270' title='bbox 1057 3192 1149 3226; x_wconf 88' lang='lat' dir='ltr'>errore</span> <span class='ocrx_word' id='word_1_271' title='bbox 1174 3184 1318 3244; x_wconf 87' lang='lat' dir='ltr'>conspecto</span> <span class='ocrx_word' id='word_1_272' title='bbox 1342 3183 1388 3223; x_wconf 71' lang='lat' dir='ltr'>cum</span> 
     </span>
     <span class='ocr_line' id='line_1_29' title="bbox 362 3261 1388 3335; baseline -0.009 -19"><span class='ocrx_word' id='word_1_273' title='bbox 362 3275 497 3316; x_wconf 87' lang='lat' dir='ltr'>corrector</span> <span class='ocrx_word' id='word_1_274' title='bbox 516 3281 572 3316; x_wconf 90' lang='lat' dir='ltr'>non</span> <span class='ocrx_word' id='word_1_275' title='bbox 590 3262 689 3315; x_wconf 89' lang='lat' dir='ltr'>librum</span> <span class='ocrx_word' id='word_1_276' title='bbox 708 3263 858 3335; x_wconf 73' lang='lat' dir='ltr'>inspexisset</span> <span class='ocrx_word' id='word_1_277' title='bbox 876 3262 950 3327; x_wconf 77' lang='lat' dir='ltr'><strong>MS..</strong></span> <span class='ocrx_word' id='word_1_278' title='bbox 978 3261 1050 3321; x_wconf 86' lang='lat' dir='ltr'>unde</span> <span class='ocrx_word' id='word_1_279' title='bbox 1068 3261 1212 3331; x_wconf 77' lang='lat' dir='ltr'>exscriptus</span> <span class='ocrx_word' id='word_1_280' title='bbox 1233 3272 1298 3314; x_wconf 84' lang='lat' dir='ltr'>esset</span> <span class='ocrx_word' id='word_1_281' title='bbox 1315 3270 1388 3315; x_wconf 72' lang='lat' dir='ltr'>noros,</span> 
     </span>
     <span class='ocr_line' id='line_1_30' title="bbox 361 3346 1387 3423; baseline -0.005 -21"><span class='ocrx_word' id='word_1_282' title='bbox 361 3351 566 3422; x_wconf 78' lang='lat' dir='ltr'>expungendum</span> <span class='ocrx_word' id='word_1_283' title='bbox 586 3350 687 3405; x_wconf 88' lang='lat' dir='ltr'>censuit</span> <span class='ocrx_word' id='word_1_284' title='bbox 704 3350 770 3404; x_wconf 90' lang='lat' dir='ltr'>illud</span> <span class='ocrx_word' id='word_1_285' title='bbox 788 3372 849 3419; x_wconf 87' lang='lat' dir='ltr'>non,</span> <span class='ocrx_word' id='word_1_286' title='bbox 867 3352 941 3423; x_wconf 89' lang='lat' dir='ltr'>quod</span> <span class='ocrx_word' id='word_1_287' title='bbox 959 3349 1116 3404; x_wconf 88' lang='lat' dir='ltr'>sententiam</span> <span class='ocrx_word' id='word_1_288' title='bbox 1136 3349 1271 3402; x_wconf 85' lang='lat' dir='ltr'>videretur</span> <span class='ocrx_word' id='word_1_289' title='bbox 1287 3346 1387 3401; x_wconf 75' lang='lat' dir='ltr'>turbare:</span> 
     </span>
     <span class='ocr_line' id='line_1_31' title="bbox 360 3437 1386 3510; baseline -0.003 -21"><span class='ocrx_word' id='word_1_290' title='bbox 360 3459 419 3491; x_wconf 81' lang='lat' dir='ltr'>rere</span> <span class='ocrx_word' id='word_1_291' title='bbox 447 3439 518 3493; x_wconf 90' lang='lat' dir='ltr'>enim</span> <span class='ocrx_word' id='word_1_292' title='bbox 544 3449 648 3510; x_wconf 87' lang='lat' dir='ltr'>poterat</span> <span class='ocrx_word' id='word_1_293' title='bbox 673 3440 805 3510; x_wconf 84' lang='lat' dir='ltr'>scripsisse</span> <span class='ocrx_word' id='word_1_294' title='bbox 831 3441 943 3505; x_wconf 81' lang='lat' dir='ltr'>Cicero,</span> <span class='ocrx_word' id='word_1_295' title='bbox 977 3440 1009 3491; x_wconf 90' lang='lat' dir='ltr'>iis</span> <span class='ocrx_word' id='word_1_296' title='bbox 1041 3437 1186 3491; x_wconf 84' lang='lat' dir='ltr'>terribilem</span> <span class='ocrx_word' id='word_1_297' title='bbox 1216 3456 1272 3488; x_wconf 88' lang='lat' dir='ltr'>esse</span> <span class='ocrx_word' id='word_1_298' title='bbox 1295 3444 1386 3487; x_wconf 72' lang='lat' dir='ltr'>moneo</span> 
     </span>
     <span class='ocr_line' id='line_1_32' title="bbox 360 3518 1387 3598; baseline -0.004 -19"><span class='ocrx_word' id='word_1_299' title='bbox 360 3546 450 3597; x_wconf 89' lang='lat' dir='ltr'>posse,</span> <span class='ocrx_word' id='word_1_300' title='bbox 469 3546 586 3598; x_wconf 90' lang='lat' dir='ltr'>quornm</span> <span class='ocrx_word' id='word_1_301' title='bbox 603 3526 660 3579; x_wconf 90' lang='lat' dir='ltr'>laus</span> <span class='ocrx_word' id='word_1_302' title='bbox 678 3527 758 3596; x_wconf 82' lang='lat' dir='ltr'>possit</span> <span class='ocrx_word' id='word_1_303' title='bbox 771 3528 863 3582; x_wconf 90' lang='lat' dir='ltr'>emori.</span> <span class='ocrx_word' id='word_1_304' title='bbox 901 3527 994 3595; x_wconf 84' lang='lat' dir='ltr'>Quare</span> <span class='ocrx_word' id='word_1_305' title='bbox 1006 3545 1067 3580; x_wconf 90' lang='lat' dir='ltr'>cum</span> <span class='ocrx_word' id='word_1_306' title='bbox 1082 3524 1239 3577; x_wconf 88' lang='lat' dir='ltr'>Manutiana</span> <span class='ocrx_word' id='word_1_307' title='bbox 1258 3524 1319 3577; x_wconf 82' lang='lat' dir='ltr'>anni</span> <span class='ocrx_word' id='word_1_308' title='bbox 1329 3518 1387 3576; x_wconf 75' lang='lat'>15⁵⁵·</span> 
     </span>
     <span class='ocr_line' id='line_1_33' title="bbox 360 3607 1387 3685; baseline -0.003 -20"><span class='ocrx_word' id='word_1_309' title='bbox 360 3614 550 3681; x_wconf 72' lang='lat' dir='ltr'>exprimeretur</span> <span class='ocrx_word' id='word_1_310' title='bbox 569 3614 601 3666; x_wconf 88' lang='lat' dir='ltr'>ad</span> <span class='ocrx_word' id='word_1_311' title='bbox 622 3614 755 3685; x_wconf 75' lang='lat' dir='ltr'>exemplar</span> <span class='ocrx_word' id='word_1_312' title='bbox 771 3616 895 3669; x_wconf 87' lang='lat' dir='ltr'>editionis</span> <span class='ocrx_word' id='word_1_313' title='bbox 912 3615 1025 3670; x_wconf 84' lang='lat' dir='ltr'>Aldinae</span> <span class='ocrx_word' id='word_1_314' title='bbox 1043 3613 1202 3668; x_wconf 73' lang='lat' dir='ltr'>anni1552:</span> <span class='ocrx_word' id='word_1_315' title='bbox 1220 3612 1297 3665; x_wconf 88' lang='lat' dir='ltr'>huius</span> <span class='ocrx_word' id='word_1_316' title='bbox 1313 3607 1387 3663; x_wconf 84' lang='lat' dir='ltr'>editio·</span> 
     </span>
     <span class='ocr_line' id='line_1_34' title="bbox 361 3694 1387 3777; baseline -0.002 -25"><span class='ocrx_word' id='word_1_317' title='bbox 361 3702 401 3753; x_wconf 87' lang='lat' dir='ltr'>nis</span> <span class='ocrx_word' id='word_1_318' title='bbox 418 3721 471 3754; x_wconf 88' lang='lat' dir='ltr'>non</span> <span class='ocrx_word' id='word_1_319' title='bbox 489 3701 621 3754; x_wconf 89' lang='lat' dir='ltr'>abiectum</span> <span class='ocrx_word' id='word_1_320' title='bbox 640 3713 692 3768; x_wconf 86' lang='lat' dir='ltr'>est,</span> <span class='ocrx_word' id='word_1_321' title='bbox 710 3703 892 3775; x_wconf 88' lang='lat' dir='ltr'>scriptumque</span> <span class='ocrx_word' id='word_1_322' title='bbox 905 3723 1017 3777; x_wconf 86' lang='lat' dir='ltr'>quorum</span> <span class='ocrx_word' id='word_1_323' title='bbox 1034 3702 1096 3753; x_wconf 85' lang='lat' dir='ltr'>leus</span> <span class='ocrx_word' id='word_1_324' title='bbox 1115 3702 1196 3752; x_wconf 89' lang='lat' dir='ltr'>emori</span> <span class='ocrx_word' id='word_1_325' title='bbox 1212 3710 1310 3769; x_wconf 86' lang='lat' dir='ltr'>potest.</span> <span class='ocrx_word' id='word_1_326' title='bbox 1342 3694 1387 3750; x_wconf 83' lang='lat' dir='ltr'>Hie·</span> 
     </span>
     <span class='ocr_line' id='line_1_35' title="bbox 361 3781 1386 3862; baseline -0.003 -23"><span class='ocrx_word' id='word_1_327' title='bbox 361 3808 419 3841; x_wconf 88' lang='lat' dir='ltr'>ron.</span> <span class='ocrx_word' id='word_1_328' title='bbox 439 3799 527 3842; x_wconf 89' lang='lat' dir='ltr'>autem</span> <span class='ocrx_word' id='word_1_329' title='bbox 547 3789 677 3855; x_wconf 77' lang='lat' dir='ltr'>Wottrus,</span> <span class='ocrx_word' id='word_1_330' title='bbox 697 3792 743 3862; x_wconf 90' lang='lat' dir='ltr'>qui</span> <span class='ocrx_word' id='word_1_331' title='bbox 762 3791 900 3845; x_wconf 86' lang='lat' dir='ltr'>Ciceronis</span> <span class='ocrx_word' id='word_1_332' title='bbox 919 3793 998 3845; x_wconf 85' lang='lat' dir='ltr'>verba</span> <span class='ocrx_word' id='word_1_333' title='bbox 1024 3791 1155 3861; x_wconf 89' lang='lat' dir='ltr'>descripta</span> <span class='ocrx_word' id='word_1_334' title='bbox 1168 3788 1207 3861; x_wconf 75' lang='lat' dir='ltr'>¹ud</span> <span class='ocrx_word' id='word_1_335' title='bbox 1225 3787 1275 3840; x_wconf 90' lang='lat' dir='ltr'>Ed.</span> <span class='ocrx_word' id='word_1_336' title='bbox 1293 3807 1315 3841; x_wconf 87' lang='lat' dir='ltr'>a.</span> <span class='ocrx_word' id='word_1_337' title='bbox 1329 3781 1386 3838; x_wconf 74' lang='lat' dir='ltr'>llll·</span> 
     </span>
     <span class='ocr_line' id='line_1_36' title="bbox 361 3869 1385 3951; baseline -0.007 -21"><span class='ocrx_word' id='word_1_338' title='bbox 361 3876 402 3930; x_wconf 85' lang='lat' dir='ltr'>edi</span> <span class='ocrx_word' id='word_1_339' title='bbox 421 3875 502 3941; x_wconf 81' lang='lat' dir='ltr'>iussit,</span> <span class='ocrx_word' id='word_1_340' title='bbox 521 3876 598 3942; x_wconf 86' lang='lat' dir='ltr'>item,</span> <span class='ocrx_word' id='word_1_341' title='bbox 620 3897 708 3949; x_wconf 89' lang='lat' dir='ltr'>neque</span> <span class='ocrx_word' id='word_1_342' title='bbox 726 3879 871 3934; x_wconf 89' lang='lat' dir='ltr'>Codicibus</span> <span class='ocrx_word' id='word_1_343' title='bbox 890 3880 1016 3951; x_wconf 85' lang='lat' dir='ltr'>inspectis</span> <span class='ocrx_word' id='word_1_344' title='bbox 1033 3898 1121 3950; x_wconf 88' lang='lat' dir='ltr'>neque</span> <span class='ocrx_word' id='word_1_345' title='bbox 1139 3876 1206 3929; x_wconf 86' lang='lat' dir='ltr'>Edd.</span> <span class='ocrx_word' id='word_1_346' title='bbox 1224 3888 1295 3941; x_wconf 70' lang='lat' dir='ltr'>vett,</span> <span class='ocrx_word' id='word_1_347' title='bbox 1312 3869 1385 3926; x_wconf 77' lang='lat' dir='ltr'>edidit:</span> 
     </span>
     <span class='ocr_line' id='line_1_37' title="bbox 361 3960 1386 4039; baseline -0.003 -24"><span class='ocrx_word' id='word_1_348' title='bbox 361 3984 429 4016; x_wconf 85' lang='lat' dir='ltr'>mors</span> <span class='ocrx_word' id='word_1_349' title='bbox 447 3963 573 4017; x_wconf 87' lang='lat' dir='ltr'>terribilis</span> <span class='ocrx_word' id='word_1_350' title='bbox 591 3976 632 4016; x_wconf 84' lang='lat' dir='ltr'>est</span> <span class='ocrx_word' id='word_1_351' title='bbox 650 3968 696 4030; x_wconf 88' lang='lat' dir='ltr'>iis,</span> <span class='ocrx_word' id='word_1_352' title='bbox 715 3988 827 4039; x_wconf 84' lang='lat' dir='ltr'>quorum</span> <span class='ocrx_word' id='word_1_353' title='bbox 852 3971 915 4021; x_wconf 86' lang='lat' dir='ltr'>laus</span> <span class='ocrx_word' id='word_1_354' title='bbox 933 3968 1014 4020; x_wconf 89' lang='lat' dir='ltr'>emori</span> <span class='ocrx_word' id='word_1_355' title='bbox 1036 3976 1136 4037; x_wconf 85' lang='lat' dir='ltr'>potest.</span> <span class='ocrx_word' id='word_1_356' title='bbox 1182 3964 1226 4017; x_wconf 91' lang='lat' dir='ltr'>Ad</span> <span class='ocrx_word' id='word_1_357' title='bbox 1252 3960 1386 4017; x_wconf 77' lang='lat' dir='ltr'>sententian</span> 
     </span>
    </p>
   </div>
   <div class='ocr_carea' id='block_1_3' title="bbox 359 4048 1391 4566">
    <p class='ocr_par' dir='ltr' id='par_1_7' title="bbox 359 4048 1389 4387">
     <span class='ocr_line' id='line_1_38' title="bbox 361 4048 1388 4127; baseline -0.006 -21"><span class='ocrx_word' id='word_1_358' title='bbox 361 4051 438 4106; x_wconf 84' lang='lat' dir='ltr'>etad</span> <span class='ocrx_word' id='word_1_359' title='bbox 458 4052 535 4105; x_wconf 84' lang='lat' dir='ltr'>verba</span> <span class='ocrx_word' id='word_1_360' title='bbox 555 4053 649 4105; x_wconf 80' lang='lat' dir='ltr'>confer</span> <span class='ocrx_word' id='word_1_361' title='bbox 668 4073 729 4110; x_wconf 86' lang='lat' dir='ltr'>cum</span> <span class='ocrx_word' id='word_1_362' title='bbox 749 4055 833 4127; x_wconf 80' lang='lat' dir='ltr'>Borg.</span> <span class='ocrx_word' id='word_1_363' title='bbox 859 4055 916 4112; x_wconf 87' lang='lat' dir='ltr'>Cic.</span> <span class='ocrx_word' id='word_1_364' title='bbox 941 4076 991 4127; x_wconf 91' lang='lat' dir='ltr'>pro</span> <span class='ocrx_word' id='word_1_365' title='bbox 1011 4054 1108 4109; x_wconf 79' lang='lat' dir='ltr'>Archia</span> <span class='ocrx_word' id='word_1_366' title='bbox 1126 4058 1172 4107; x_wconf 80' lang='lat'>12:</span> <span class='ocrx_word' id='word_1_367' title='bbox 1205 4064 1258 4104; x_wconf 84' lang='lat' dir='ltr'>aut</span> <span class='ocrx_word' id='word_1_368' title='bbox 1277 4048 1388 4105; x_wconf 65' lang='lat' dir='ltr'>nobem</span> 
     </span>
     <span class='ocr_line' id='line_1_39' title="bbox 359 4131 1389 4210; baseline -0.005 -19"><span class='ocrx_word' id='word_1_369' title='bbox 359 4141 440 4191; x_wconf 86' lang='lat' dir='ltr'>simul</span> <span class='ocrx_word' id='word_1_370' title='bbox 464 4142 595 4193; x_wconf 84' lang='lat' dir='ltr'>moritura</span> <span class='ocrx_word' id='word_1_371' title='bbox 621 4143 709 4195; x_wconf 85' lang='lat' dir='ltr'>omnia</span> <span class='ocrx_word' id='word_1_372' title='bbox 736 4142 919 4197; x_wconf 80' lang='lat' dir='ltr'>arbitremur?</span> <span class='ocrx_word' id='word_1_373' title='bbox 936 4173 971 4181; x_wconf 95' lang='lat'>-</span> <span class='ocrx_word' id='word_1_374' title='bbox 1015 4142 1096 4209; x_wconf 89' lang='lat' dir='ltr'>Quod</span> <span class='ocrx_word' id='word_1_375' title='bbox 1123 4161 1152 4194; x_wconf 81' lang='lat' dir='ltr'>ex</span> <span class='ocrx_word' id='word_1_376' title='bbox 1178 4140 1258 4210; x_wconf 87' lang='lat' dir='ltr'>Eybii</span> <span class='ocrx_word' id='word_1_377' title='bbox 1283 4131 1389 4207; x_wconf 70' lang='lat' dir='ltr'>excerptis</span> 
     </span>
     <span class='ocr_line' id='line_1_40' title="bbox 360 4224 1389 4297; baseline -0.004 -18"><span class='ocrx_word' id='word_1_378' title='bbox 360 4240 480 4282; x_wconf 87' lang='lat' dir='ltr'>enotatus</span> <span class='ocrx_word' id='word_1_379' title='bbox 499 4240 536 4283; x_wconf 86' lang='lat' dir='ltr'>est</span> <span class='ocrx_word' id='word_1_380' title='bbox 554 4229 673 4282; x_wconf 85' lang='lat' dir='ltr'>inversus</span> <span class='ocrx_word' id='word_1_381' title='bbox 692 4232 834 4287; x_wconf 85' lang='lat' dir='ltr'>verborum</span> <span class='ocrx_word' id='word_1_382' title='bbox 854 4233 936 4286; x_wconf 79' lang='lat' dir='ltr'>ordor</span> <span class='ocrx_word' id='word_1_383' title='bbox 955 4239 1036 4283; x_wconf 81' lang='lat' dir='ltr'>emori</span> <span class='ocrx_word' id='word_1_384' title='bbox 1054 4230 1131 4293; x_wconf 82' lang='lat' dir='ltr'>leus,</span> <span class='ocrx_word' id='word_1_385' title='bbox 1148 4228 1175 4283; x_wconf 91' lang='lat' dir='ltr'>id</span> <span class='ocrx_word' id='word_1_386' title='bbox 1195 4229 1251 4294; x_wconf 83' lang='lat' dir='ltr'>vix,</span> <span class='ocrx_word' id='word_1_387' title='bbox 1271 4238 1300 4282; x_wconf 87' lang='lat' dir='ltr'>ut</span> <span class='ocrx_word' id='word_1_388' title='bbox 1318 4224 1389 4297; x_wconf 78' lang='lat' dir='ltr'>plera·</span> 
     </span>
     <span class='ocr_line' id='line_1_41' title="bbox 360 4316 897 4387; baseline 0.011 -20"><span class='ocrx_word' id='word_1_389' title='bbox 360 4334 426 4386; x_wconf 84' lang='lat' dir='ltr'>que,</span> <span class='ocrx_word' id='word_1_390' title='bbox 446 4326 538 4369; x_wconf 89' lang='lat' dir='ltr'>notatu</span> <span class='ocrx_word' id='word_1_391' title='bbox 557 4316 669 4387; x_wconf 78' lang='lat' dir='ltr'>dignum</span> <span class='ocrx_word' id='word_1_392' title='bbox 688 4316 798 4371; x_wconf 81' lang='lat' dir='ltr'>videtur.</span> <span class='ocrx_word' id='word_1_393' title='bbox 835 4320 897 4373; x_wconf 65' lang='grc' dir='ltr'>ΜΓ.</span> 
     </span>
    </p>

    <p class='ocr_par' dir='ltr' id='par_1_8' title="bbox 360 4403 1391 4566">
     <span class='ocr_line' id='line_1_42' title="bbox 428 4403 1391 4479; baseline 0.002 -27"><span class='ocrx_word' id='word_1_394' title='bbox 428 4404 547 4470; x_wconf 82' lang='lat' dir='ltr'>Quorum</span> <span class='ocrx_word' id='word_1_395' title='bbox 566 4404 627 4455; x_wconf 86' lang='lat' dir='ltr'>laus</span> <span class='ocrx_word' id='word_1_396' title='bbox 644 4404 723 4455; x_wconf 87' lang='lat' dir='ltr'>emori</span> <span class='ocrx_word' id='word_1_397' title='bbox 741 4425 793 4479; x_wconf 84' lang='lat' dir='ltr'>non</span> <span class='ocrx_word' id='word_1_398' title='bbox 808 4410 920 4476; x_wconf 87' lang='lat' dir='ltr'>potest.]</span> <span class='ocrx_word' id='word_1_399' title='bbox 950 4407 1035 4470; x_wconf 88' lang='lat' dir='ltr'>„Laus</span> <span class='ocrx_word' id='word_1_400' title='bbox 1059 4406 1113 4457; x_wconf 86' lang='lat' dir='ltr'>non</span> <span class='ocrx_word' id='word_1_401' title='bbox 1140 4416 1244 4458; x_wconf 90' lang='lat' dir='ltr'>tantum</span> <span class='ocrx_word' id='word_1_402' title='bbox 1270 4417 1307 4459; x_wconf 87' lang='lat' dir='ltr'>est</span> <span class='ocrx_word' id='word_1_403' title='bbox 1325 4403 1391 4475; x_wconf 71' lang='lat' dir='ltr'>gloria</span> 
     </span>
     <span class='ocr_line' id='line_1_43' title="bbox 360 4493 1391 4566; baseline 0.004 -25"><span class='ocrx_word' id='word_1_404' title='bbox 360 4501 547 4558; x_wconf 88' lang='lat' dir='ltr'>postmortem</span> <span class='ocrx_word' id='word_1_405' title='bbox 573 4511 728 4557; x_wconf 85' lang='lat' dir='ltr'>remanens,</span> <span class='ocrx_word' id='word_1_406' title='bbox 752 4493 795 4547; x_wconf 89' lang='lat' dir='ltr'>sed</span> <span class='ocrx_word' id='word_1_407' title='bbox 821 4494 876 4566; x_wconf 86' lang='lat' dir='ltr'>ipsa</span> <span class='ocrx_word' id='word_1_408' title='bbox 903 4497 982 4549; x_wconf 87' lang='lat' dir='ltr'>etiam</span> <span class='ocrx_word' id='word_1_409' title='bbox 1009 4497 1104 4558; x_wconf 78' lang='lat' dir='ltr'>virtus,</span> <span class='ocrx_word' id='word_1_410' title='bbox 1136 4512 1205 4563; x_wconf 86' lang='lat' dir='ltr'>quae</span> <span class='ocrx_word' id='word_1_411' title='bbox 1232 4511 1292 4548; x_wconf 88' lang='lat' dir='ltr'>cum</span> <span class='ocrx_word' id='word_1_412' title='bbox 1319 4493 1391 4545; x_wconf 79' lang='lat' dir='ltr'>anim·</span> 
     </span>
    </p>
   </div>
   <div class='ocr_carea' id='block_1_4' title="bbox 0 0 1764 5450">
    <p class='ocr_par' dir='ltr' id='par_1_9' title="bbox 0 0 1764 5450">
     <span class='ocr_line' id='line_1_44' title="bbox 0 0 1764 5450; baseline 0 0"><span class='ocrx_word' id='word_1_413' title='bbox 0 0 1764 5450; x_wconf 95' lang='lat' dir='ltr'> </span> 
     </span>
    </p>
   </div>
  </div>
 </body>
</html>
