3517 5450
357 680 427 757 182
676 701 848 750 renenoxl
876 701 1070 751 eroreonuu.

355 864 519 918 mentionem
538 862 601 916 lecit
625 862 653 915 in
677 861 728 915 Or.
751 880 802 933 pro
820 862 911 916 Domo
930 882 954 916 c·
975 866 1026 928 243
1053 880 1103 933 pro
1121 860 1208 914 Sestio
1229 879 1255 914 c.
1275 863 1330 925 263
1355 873 1404 931 post

358 951 424 1004 Rea.
444 951 471 1002 in
491 950 554 1003 Sen.
574 969 597 1003 c.
613 953 659 1004 l.“
696 951 877 1021 wyttenb.

426 1056 540 1089 meorum
557 1037 674 1109 aliquid]
711 1038 761 1091 Or.
781 1057 810 1090 ex
836 1037 904 1091 Edd.
923 1037 1043 1090 Manet
1065 1036 1160 1090 Lemb.
1188 1035 1308 1090 enotavit
1332 1046 1403 1088 tunc

355 1144 470 1177 meorum
487 1125 601 1196 aliquid.
651 1124 706 1178 Nos
732 1123 803 1178 idem
830 1125 979 1197 reperimus
1006 1124 1035 1177 in
1066 1123 1134 1177 Edd.
1154 1121 1217 1176 Cer.
1234 1121 1330 1194 Stepln
1350 1122 1401 1176 1111.

355 1217 432 1266 1552.
450 1211 482 1264 H.
498 1210 585 1265 Wolf.
601 1211 678 1282 sylb.
697 1212 766 1265 And.
785 1209 844 1265 Tol.
886 1209 941 1266 sed
966 1230 1081 1264 meorum
1100 1223 1187 1264 tunc
1212 1223 1251 1265 eei
1276 1212 1305 1264 in
1325 1209 1401 1263 Coelel

356 1301 435 1357 l)red.
454 1304 479 1353 1.
496 1303 522 1355 3.
541 1299 591 1353 Ox.
611 1301 630 1353 l.
646 1311 672 1354 et
689 1299 739 1354 Ed.
759 1300 819 1354 Asc.
838 1303 918 1355 1511.
961 1299 1152 1354 1111111111).
1180 1311 1219 1354 est
1245 1312 1320 1351 turn
1342 1319 1403 1352 ineo-

355 1409 432 1452 rum,·
450 1389 478 1441 in
497 1388 577 1442 Drsd.
596 1391 622 1442 5.
641 1405 757 1440 meorum
776 1397 903 1442 autom.
948 1387 1027 1442 Fece.
1052 1387 1082 1440 in
1106 1387 1283 1441 annotatione
1307 1386 1402 1440 scribit:

355 1477 469 1531 libenter
487 1475 597 1548 legerim
616 1494 719 1527 meum
739 1475 854 1548 aliquid.
890 1474 931 1529 Ad
950 1495 1020 1548 quae
1038 1475 1150 1542 Geren,
1171 1479 1203 1526 M
1209 1492 1281 1527 eum
1300 1473 1401 1545 aliquid,

286 1626 290 1642 ›
356 1566 452 1637 inquit,
472 1564 542 1617 foret
559 1563 676 1636 aliquid,
696 1563 769 1635 quod
787 1582 848 1616 sere
867 1582 958 1616 meum
978 1575 1027 1617 est:
1049 1582 1193 1615 mearum
1211 1561 1322 1634 aliquid
1337 1560 1401 1631 eogi-

357 1665 412 1707 tere
430 1654 503 1706 iubet
520 1652 607 1724 plure,
627 1650 725 1723 pariter
744 1668 818 1716 mea,
837 1669 852 1703 e
872 1650 970 1722 quibus
982 1650 1082 1723 aliquid
1100 1661 1234 1704 inmature
1254 1647 1328 1721 qnod
1346 1646 1399 1699 rnilii

357 1741 460 1794 ridetur
477 1740 583 1813 gravius
601 1750 629 1793 ut
648 1739 779 1793 librorunt
799 1756 931 1792 consensu
950 1740 1055 1794 certius.
1098 1741 1176 1792 Certe
1195 1736 1263 1790 nihil
1288 1746 1328 1790 est
1344 1755 1397 1789 een·

356 1847 415 1894 sae,
436 1847 519 1900 quere
537 1847 551 1882 a
571 1826 675 1899 vulgata
694 1825 820 1880 discedes.
856 1825 916 1880 ΜΓ.

427 1917 547 1989 Aliquid
563 1932 641 1968 ruere
659 1927 711 1967 aut
729 1915 882 1987 deflagrare
899 1913 1081 1984 arbitrabare]
1111 1913 1247 1987 „Aliquid
1264 1912 1341 1966 ruri
1356 1919 1395 1960 aut

355 2006 390 2056 in
408 2003 489 2056 urbe
508 2005 659 2077 deflagrare
680 2000 859 2066 arbitrabare,
877 2022 956 2057 nnus.
993 2002 1111 2075 Aliquid
1127 2011 1192 2054 aut
1211 2019 1304 2064 rure,
1320 1997 1394 2049 autin

356 2091 421 2145 urba
440 2094 500 2162 defl.
518 2091 577 2147 arb.
596 2103 657 2160 tres,
677 2108 794 2162 quorum
813 2110 884 2144 unus
901 2110 965 2143 rure
983 2101 1035 2143 aut
1053 2090 1126 2143 urbe.
1145 2117 1180 2130 ·-
1208 2087 1327 2160 Aliquid
1343 2093 1393 2135 aut

356 2200 433 2234 ruere
452 2192 504 2234 aut
522 2183 582 2252 defl.
601 2179 659 2232 arb.
678 2198 784 2245 novem,
802 2178 829 2231 in
850 2196 967 2251 quarum
988 2196 1043 2233 uno
1062 2178 1169 2232 add.-
1187 2178 1260 2231 Aut.
1279 2173 1317 2226 al.
1334 2186 1393 2228 ruere

357 2279 441 2340 atque
459 2269 519 2339 dest.
537 2267 594 2321 arb.
613 2268 675 2321 duo.
710 2268 884 2339 Deflugrari,
903 2286 981 2321 nnus.
1010 2268 1188 2339 Deflagrare:
1207 2261 1336 2318 absolute
1366 2255 1392 2308 Ut

356 2356 440 2408 inire:
467 2356 556 2412 Aedes
582 2357 770 2426 Nympharum
795 2363 845 2405 tua
871 2371 952 2406 manu
978 2355 1150 2427 deflagravit.
1169 2383 1203 2394 -
1242 2345 1391 2422 &flagrari

357 2444 541 2498 unusmele.“
576 2443 649 2497 Atd.
668 2443 741 2497 Man.

425 2551 502 2584 ruere
521 2542 572 2584 aut
591 2533 742 2604 deflagrare
759 2529 941 2600 arbitrabare]
985 2532 1031 2596 „ln
1051 2528 1212 2603 quibusdem
1241 2527 1280 2581 eie
1297 2525 1390 2596 legitur:

356 2631 406 2670 aut
424 2621 434 2670 i
440 2639 459 2672 n
477 2620 561 2672 urle
580 2621 732 2692 deflagrare
749 2618 930 2676 arbitrabare.
964 2616 1019 2674 Sed
1029 2619 1081 2673 boc
1100 2631 1138 2672 est
1151 2614 1356 2689 supposititium,
1369 2621 1390 2663 tt

357 2707 439 2780 liquet
457 2727 486 2761 es
505 2706 649 2763 Plutarcho
668 2707 707 2777 [in
726 2707 789 2763 Vite
814 2707 952 2763 Ciceronis
975 2728 999 2763 a.
1019 2706 1075 2777 35]
1127 2707 1232 2770 Villae,
1256 2704 1307 2769 ait,
1328 2716 1391 2771 prac-

356 2807 430 2847 terea
448 2796 578 2849 Ciceronis
596 2796 715 2848 Clodium
738 2796 901 2854 incendisse,
926 2816 1021 2869 aegrae
1045 2796 1211 2859 cantavisse,
1238 2794 1341 2846 domum
1362 2786 1391 2837 di·

357 2887 459 2934 rur'sse:
477 2894 519 2948 et,
536 2904 590 2957 quo
606 2882 692 2937 solum
711 2904 815 2957 quoque
834 2886 968 2957 auferret,
985 2886 1112 2956 templum
1130 2883 1282 2958 Libertatis
1299 2882 1327 2932 in
1342 2892 1391 2929 arca

358 2970 534 3036 dedicavisse,
559 2972 751 3041 supellectilem
769 2983 797 3024 ec
823 2984 913 3024 cetera
938 2976 1036 3026 hastae
1064 2972 1223 3037 subiecisse,
1248 2981 1276 3021 et
1295 2964 1391 3038 singulis

358 3057 450 3111 diebus
464 3059 660 3129 proclamasse,
689 3080 803 3133 quorum
824 3070 917 3113 tamen
939 3079 1078 3134 nunquam
1098 3071 1222 3129 repertus
1246 3058 1283 3110 sit
1300 3065 1391 3125 emptar-

358 3145 426 3198 Nam
443 3145 464 3199 si
483 3144 541 3198 nilla
562 3146 591 3199 1..
608 3146 698 3218 Syllae
728 3148 881 3213 dictatoris,
911 3163 992 3220 quern
1018 3148 1046 3201 in
1075 3144 1231 3201 Tusculano
1255 3136 1390 3197 lebuini

358 3233 424 3286 eliae
442 3234 519 3299 item,
539 3249 608 3306 quae
625 3236 674 3307 ipsi
694 3237 804 3291 luerunt
820 3237 851 3289 in
867 3237 1035 3309 Pompeiano
1053 3248 1080 3290 et
1096 3235 1259 3298 Formiano,
1278 3232 1391 3302 denegn-

358 3333 433 3375 rnnt:
451 3341 501 3376 cnr
517 3323 546 3375 in
563 3324 627 3375 urbe
645 3324 798 3390 adiecisset,
818 3325 893 3396 quasi
912 3324 976 3378 nihil
995 3326 1018 3377 ei
1038 3326 1096 3377 ruri
1112 3323 1233 3396 periisset
1250 3315 1391 3375 incendiol‘

358 3410 555 3465 Morisotus.
600 3409 667 3466 lllud
691 3412 720 3464 in
745 3412 809 3464 urle
837 3413 945 3467 enulla
970 3413 1050 3467 Editt.
1075 3424 1194 3467 veterum
1224 3411 1340 3467 enotavit
1355 3406 1391 3459 Or«

358 3495 402 3551 Est
421 3508 510 3552 tamen
529 3500 556 3553 in
576 3492 672 3555 nostris
689 3501 756 3555 Dav.
778 3500 857 3555 lldlb.
878 3503 911 3572 (s.
930 3503 948 3556 l.
967 3514 993 3556 et
1010 3503 1048 3571 a.)
1072 3502 1136 3573 Arg.
1155 3502 1218 3555 Per.
1234 3494 1315 3556 15111.
1331 3498 1391 3551 llll·

358 3586 426 3638 Ven.
447 3590 623 3644 1492.1514.
642 3586 731 3641 llerw.
750 3588 857 3644 Cumer.
902 3591 967 3644 llllilii
987 3592 1208 3663 quidemserurn
1227 3589 1321 3643 vidisse
1337 3584 1391 3636 eide

357 3684 401 3726 tur
419 3674 535 3743 Geruli„
554 3673 600 3749 qni
619 3678 831 3731 additamentum
857 3675 923 3731 illud
948 3678 976 3730 in
1002 3679 1068 3731 urbe
1095 3678 1159 3731 inde
1181 3689 1274 3731 ortnrn
1299 3670 1390 3731 tenerit,

359 3762 430 3832 quod
450 3763 609 3835 aliquando,
636 3777 664 3820 ut
685 3786 713 3819 re
739 3786 799 3820 vern
826 3766 979 3838 legebatur,
1008 3787 1059 3839 pro
1084 3784 1161 3819 ruere
1185 3764 1284 3837 aliquis
1308 3757 1391 3831 scriptll

358 3851 432 3916 ruri,
450 3851 521 3904 unde
540 3853 657 3923 proclive
675 3855 725 3909 luit
739 3855 841 3912 ,addere
858 3868 910 3908 aut
929 3858 958 3909 in
970 3856 1043 3921 urbe,
1062 3873 1124 3908 curn
1134 3852 1277 3908 Ciceronis
1289 3851 1389 3904 domun

358 3957 438 4009 quarn
464 3938 577 3994 habebat
605 3942 631 3994 in
657 3944 740 4009 urbe,
777 3944 867 4015 plures
894 3945 1053 4015 interpretes
1074 3944 1174 3997 scirent
1203 3962 1259 3995 esee
1284 3940 1389 3993 diruam.

358 4045 438 4098 quem
458 4027 538 4081 villas.
574 4029 634 4081 vid.
652 4043 743 4085 ennot.
763 4032 823 4084 Aldi
843 4032 916 4085 Men.
937 4062 971 4072 -
989 4035 1115 4085 Ceterum
1134 4030 1234 4102 legitur
1251 4038 1314 4080 ant
1331 4039 1389 4078 ruera

356 4116 384 4168 in
403 4115 549 4170 Dred.3.*et
558 4114 651 4181 01.l.;
666 4118 716 4171 Os.
727 4119 760 4174 U.
778 4120 857 4176 hebel
874 4124 953 4175 etiem
972 4121 1037 4175 illud
1058 4119 1271 4174 additamentum
1288 4117 1316 4168 in
1333 4108 1388 4165 urle·

356 4202 422 4258 Cod.
441 4203 501 4258 Cra.
520 4210 544 4258 2.
564 4216 590 4259 et
608 4206 686 4259 Drsd.
705 4211 730 4262 5.
749 4205 848 4263 hebent
866 4209 1003 4263 arbitrare
1022 4207 1072 4281 pro
1090 4205 1271 4260 arbitrabare.
1306 4202 1357 4256 Mr.
1436 4241 1437 4276 3

427 4294 506 4345 Nihil
521 4294 590 4346 enim
608 4313 693 4346 meum
710 4307 752 4348 aet
760 4289 778 4366 ,1
797 4297 998 4371 ‚,Eeernplerie‚
1024 4316 1093 4370 quae
1111 4316 1141 4349 er
1161 4294 1271 4349 officina
1291 4284 1387 4346 &nonis

357 4380 475 4435 Colinaei
496 4382 668 4453 prodierunt,
695 4384 794 4439 habent
812 4390 890 4440 Nilsil
908 4407 1015 4461 neque
1034 4403 1121 4439 meum
1138 4394 1190 4440 est.
1238 4383 1293 4436 Nos
1316 4390 1386 4433 tanen

357 4471 437 4521 secuti
457 4489 547 4523 sumus
566 4472 728 4527 vetustissimi
749 4460 1063 4549 cuiusdem'erempleris
1080 4474 1177 4540 fidem,
1207 4474 1235 4527 in
1260 4491 1312 4545 quo
1336 4462 1385 4519 ³⁶¹5·
