3517 5450
641 740 836 787 rintuoxou
855 741 904 787 ιιι.
933 743 1002 788 cir.
1020 744 1040 787 ι.
1295 722 1364 798 131

334 898 374 952 utt.
393 899 455 952 Ero.
475 898 523 950 lX:
549 898 686 968 Sapientia
712 909 737 952 et
761 898 903 968 prudentis
932 900 1057 971 princeps
1082 902 1204 954 curulum
1232 906 1366 973 virtutum,

334 1011 344 1040 t.
360 989 533 1050 ers-tutu
566 986 597 1041 li.
627 985 789 1040 Kiibners
820 987 958 1041 Ciceronis
991 989 1018 1041 iu
1051 987 1249 1061 Philosophiam
1277 994 1367 1048 nrerits

334 1075 439 1146 llsmbg.
459 1077 539 1129 1825.
559 1076 598 1142 8.)
618 1094 642 1145 p.
662 1078 828 1130 teu-231.
872 1075 975 1128 Laudat
998 1075 1032 1129 sd
1058 1077 1137 1130 verbs
1158 1078 1290 1133 nerbono
1310 1083 1368 1134 viro

334 1165 444 1215 eliorum
468 1160 599 1215 Graevius
617 1161 736 1217 lssecuru
756 1161 948 1217 Ceseubouuni
968 1163 1002 1216 sd
1021 1163 1104 1217 Persii
1123 1163 1177 1217 Sat.
1198 1167 1238 1230 V3
1262 1168 1309 1238 qui
1327 1167 1367 1222 lo·

334 1270 358 1306 ss
376 1262 415 1305 est
434 1251 470 1303 in·
482 1248 533 1302 Ed.
553 1249 638 1303 Paris.
656 1253 737 1305 16115.
756 1270 783 1322 p.
802 1253 854 1306 132
875 1270 915 1320 sq.
953 1249 1012 1303 Mr.

380 1339 512 1408 Sapiente
529 1338 728 1408 sapientiorem]
765 1337 846 1394 Recte
866 1350 958 1393 monet
977 1337 1096 1404 Gerulu,
1126 1359 1181 1394 non
1201 1342 1284 1396 sirum
1305 1362 1367 1414 per-

334 1438 411 1480 toturn
431 1426 460 1479 h.
475 1425 494 1478 l.
511 1425 622 1497 intelligi
641 1444 774 1498 euntque,
792 1425 838 1497 qui
858 1426 955 1481 Parsd.
976 1427 1020 1492 Vl,
1038 1426 1164 1499 lingitur,
1183 1429 1229 1483 sed
1248 1431 1366 1500 prodee-

334 1533 381 1568 ιιιι
408 1513 555 1586 laudetque
574 1515 632 1569 Cic.
657 1514 691 1567 de
716 1512 775 1567 Oli.
794 1512 814 1577 l,
826 1517 854 1579 b,
873 1517 916 1568 16.
941 1515 989 1568 ubi
1014 1526 1064 1568 est:
1096 1519 1134 1570 Ut
1160 1517 1229 1569 erim
1254 1519 1366 1590 quisque

334 1604 426 1654 ιιιεὲιικ
442 1601 586 1670 perspicit,
603 1602 671 1673 quid
687 1601 716 1655 in
735 1620 763 1654 re
782 1619 892 1672 quaque
910 1603 1077 1656 verissimum
1093 1604 1147 1668 sit,
1175 1606 1273 1677 quique
1299 1625 1365 1660 acu·
1402 1668 1407 1679 Ι

334 1690 414 1743 issitm
430 1698 459 1740 et
478 1689 610 1742 celerrime
622 1698 712 1758 potest
730 1697 758 1739 et
778 1688 866 1741 videre
885 1698 912 1739 et
930 1689 1066 1759 explicere
1083 1693 1228 1757 rationem,
1244 1695 1270 1746 is
1287 1714 1366 1764 pru·

334 1777 552 1830 lentissimae
569 1786 597 1827 et
617 1775 919 1844 sapientissimus
937 1777 990 1829 rite
1008 1777 1103 1831 heberi
1119 1780 1196 1832 suist.
1230 1779 1288 1833 Mr-

384 1866 432 1917 An
453 1865 539 1916 virum
558 1862 653 1916 bouum
672 1863 757 1925 dices,
775 1865 823 1934 qui
842 1863 991 1932 depositum
1009 1866 1084 1919 nullo
1101 1877 1170 1919 teste
1189 1869 1236 1935 -]
1260 1867 1365 1932 „Semel

334 1953 385 2004 uini
404 1952 451 2024 qui
471 1962 580 2023 peccet,
605 1946 643 2004 sir
669 1951 757 2006 bouus
784 1970 840 2005 nou
863 1963 918 2013 est.
949 1971 1112 2026 quacunque
1139 1955 1167 2007 in
1196 1974 1225 2006 re
1245 1960 1365 2025 peccet“

334 2037 387 2092 lld.
402 2038 491 2093 Man.
533 2036 602 2093 cod.
627 2037 700 2093 Gud.
719 2038 753 2092 Λ.
777 2035 875 2092 bonum
902 2039 999 2092 virum.
1047 2040 1181 2095 scribitur
1203 2044 1290 2111 possit
1316 2062 1365 2113 pro

334 2138 399 2180 »sset
424 2129 452 2181 iu
473 2125 559 2181 Codd.
579 2125 658 2190 011..
687 2135 797 2196 excepto
817 2123 868 2193 U„
896 2126 1034 2192 omnibus,
1068 2126 1139 2182 Gud.
1156 2129 1190 2181 A.
1220 2126 1278 2184 cn.
1297 2131 1323 2182 1.
1342 2135 1365 2184 2.

334 2213 360 2282 [iu
375 2214 424 2269 boc
442 2216 549 2284 impune
569 2213 751 2286 postponitur)
768 2211 850 2267 Drsd.
868 2216 893 2267 1.
913 2218 938 2269 ².
956 2217 983 2270 3.
1000 2220 1027 2269 t.
1046 2219 1079 2280 53
1097 2216 1178 2270 Drsd.
1195 2220 1220 2270 1.
1243 2236 1303 2271 eum
1321 2218 1367 2271 lu-

334 2303 387 2354 sori
403 2304 431 2354 in
451 2303 538 2354 &cem
557 2301 664 2355 milibus
683 2301 746 2354 auri
760 2301 850 2370 pondo
866 2301 962 2370 possit.
998 2301 1079 2356 Drsd.
1098 2307 1123 2358 3.
1142 2314 1202 2374 post
1218 2305 1365 2357 reddiderit

334 2391 413 2462 urgit:
431 2408 492 2442 cum
510 2389 649 2443 lucrari
664 2390 675 2439 i
681 2408 695 2440 s
714 2389 739 2444 X
754 2388 861 2443 milibus
874 2389 939 2440 euri
950 2391 1037 2458 possit
1047 2390 1136 2459 pondo
1149 2411 1201 2446 non
1211 2392 1279 2446 idem
1287 2392 1366 2462 sece-

334 2474 370 2537 ι“ι,·
388 2479 446 2530 Cre.
456 2481 481 2533 2.
494 2477 518 2528 si
528 2476 597 2528 idem
607 2476 711 2530 lucrari
719 2476 749 2526 in
761 2476 857 2538 decem,
870 2475 952 2531 Drsd.
962 2478 1020 2532 1..ιὶ
1029 2477 1098 2528 idern
1109 2479 1190 2530 inde
1207 2497 1279 2531 esse
1295 2479 1367 2532 miii-

334 2559 366 2615 les
373 2565 461 2633 pondo
471 2564 534 2617 euri
547 2583 600 2618 nen
611 2563 680 2617 idem
689 2562 799 2634 fecerit.
818 2562 930 2617 Distu.
943 2581 986 2617 eu
994 2563 1025 2617 ri
1035 2566 1124 2632 pondo
1136 2585 1189 2620 nou
1200 2567 1268 2621 idern
1275 2567 1348 2637 fecit
1355 2587 1365 2625 ‚·

334 2647 393 2707 Did.
410 2657 437 2708 t.
456 2653 543 2705 decem
561 2650 678 2704 millibus
694 2648 913 2719 ponderibus
931 2651 1021 2714 auri,
1040 2653 1132 2706 crud.
1149 2654 1263 2722 pondo
1284 2655 1366 2707 auri

334 2743 458 2808 residem„
473 2760 535 2797 cunr
544 2740 618 2796 Gud.
626 2740 659 2794 B.
689 2738 719 2794 ln
733 2737 845 2794 Gudut.
857 2749 896 2793 est
908 2738 1026 2795 mtttttm
1039 2742 1121 2795 ouri
1135 2742 1230 2809 pondo.
1255 2740 1368 2796 Addunt

334 2825 381 2883 ttut
391 2830 454 2884 euri
465 2840 525 2901 post
533 2827 650 2884 millibus
661 2827 740 2882 etism
751 2826 817 2882 Osi.
825 2826 856 2882 E.
865 2825 939 2882 N.U.
947 2844 977 2888 u.
986 2825 1071 2883 Codd.
1079 2827 1159 2882 Bern.
1169 2840 1196 2883 et
1204 2828 1308 2892 Gueli;
1321 2829 1366 2882 sed

334 2928 376 2982 put
389 2919 477 2988 pondo
491 2917 551 2985 (sut
568 2915 634 2983 uon)
652 2915 759 2971 additur
777 2916 806 2972 iu
826 2913 894 2971 Cod.
914 2914 975 2972 Bes.
992 2915 1059 2970 Edd.
1078 2935 1135 2987 pre·
1154 2916 1203 2972 Ed.
1221 2936 1263 2988 ep.
1282 2917 1366 2974 Meus.

334 3002 387 3058 trit.
403 3005 474 3059 Vict.
503 3007 594 3074 Magn.
620 3003 714 3062 bamb.
740 3002 826 3058 Suflr.
853 3003 926 3060 Petr.
943 3014 970 3058 et
992 3003 1090 3060 nostris
1113 3016 1171 3057 vett.
1198 3016 1259 3060 ante
1278 3004 1365 3069 Grut,

334 3093 427 3164 ereptis
446 3095 507 3148 Cer.
527 3091 619 3163 suph.
640 3091 702 3149 ΑΜ.
721 3096 801 3151 154².
818 3091 848 3148 H.
868 3090 956 3148 Wott.
975 3090 1050 3163 syth.
1069 3092 1181 3147 bernbb.
1200 3091 1263 3146 Sola
1281 3091 1366 3162 Lugd.

334 3180 411 3235 tnittit
426 3182 473 3239 in.
492 3191 518 3238 et
538 3180 587 3236 Ed.
606 3180 681 3236 Mon.
700 3181 772 3252 opud
791 3179 840 3234 Or.
858 3180 959 3236 omittit
974 3180 1062 3247 pondo
1079 3190 1141 3236 ante
1158 3199 1220 3234 nou.
1266 3182 1366 3235 Vocem

334 3264 384 3322 lien
398 3281 460 3324 ante
473 3269 590 3340 fecerit,
609 3287 774 3340 quemquam
787 3267 885 3324 babent
903 3266 982 3323 multi.
996 3266 1067 3329 libri,
1084 3277 1175 3322 temen
1189 3285 1250 3321 curn
1264 3265 1366 3323 Gernb.

334 3353 408 3412 eor.
426 3356 533 3413 uncinis
550 3355 722 3423 inclusimus,
743 3358 860 3428 primurn
880 3355 943 3426 quis
962 3356 1036 3408 abest
1053 3374 1070 3407 a
1087 3353 1180 3408 decern
1195 3352 1279 3408 cndu.
1296 3352 1366 3419 Aldi,

334 3438 410 3498 ltinde
437 3446 500 3517 quia
530 3445 619 3499 nescio
647 3444 785 3515 quomodo
810 3442 883 3513 apud
909 3440 1070 3496 Ciceronem
1094 3438 1216 3510 displicet
1241 3439 1311 3489 idem
1337 3440 1366 3493 iu

334 3530 407 3586 etun
427 3543 561 3588 structure
581 3532 620 3587 bis
632 3534 766 3604 positum,
787 3543 815 3587 ut
835 3530 925 3601 priore
943 3528 1004 3585 loco
1018 3528 1050 3584 sit
1061 3526 1245 3582 Nominstivus
1261 3545 1367 3581 mascu-

334 3611 381 3687 lint,
405 3621 490 3676 altero
509 3620 574 3675 Ace.
594 3620 688 3675 Neutr.
706 3620 788 3674 Recte
807 3621 886 3675 etiam
913 3628 1005 3672 monet
1023 3614 1140 3679 Gerub.,
1170 3632 1226 3666 nou
1244 3631 1299 3666 esse
1318 3633 1367 3667 ne·

334 3709 457 3764 tmuium
476 3708 691 3773 Nominatirum,
708 3720 735 3761 et
749 3708 819 3760 idem
838 3700 899 3777 post
917 3706 942 3761 si
960 3701 1129 3761 commodius
1146 3699 1241 3758 referri
1259 3698 1293 3753 sd
1308 3701 1367 3751 red-

334 3790 394 3849 iesdi
410 3798 536 3863 verbum,
563 3807 593 3850 ut
615 3796 647 3850 sit
668 3795 848 3849 Accusativus.
899 3792 1000 3849 Reiecit
1027 3791 1170 3862 repetitum
1196 3787 1265 3842 idem
1289 3786 1368 3840 etiarn

334 3875 369 3937 lb
392 3885 535 3941 bentleius.
582 3882 633 3937 Or.
650 3882 682 3938 E.
711 3902 761 3954 pro
788 3901 821 3936 eo
850 3880 931 3936 babet
955 3881 1030 3949 ipses
1056 3874 1212 3947 displicebat
1241 3873 1368 3926 nimirum

334 3974 461 4029 ssoemctori
481 3971 624 4043 repetitum
642 3972 724 4035 idem,
745 3980 774 4023 ut
793 3969 879 4024 nobis.
917 3966 975 4020 lltlr.

388 4063 432 4113 An
451 4062 539 4113 virum
566 4058 660 4110 bonum
686 4059 802 4126 dices-]
847 4054 993 4126 „Exempla
1019 4053 1086 4107 baec
1110 4051 1232 4104 ridentur
1258 4046 1368 4101 doulli-

334 4157 405 4212 tuse,
425 4167 477 4201 nec
496 4157 639 4219 propterea
657 4146 777 4218 aequalia
792 4165 847 4200 esse
858 4154 977 4217 peccate,
997 4142 1017 4195 si
1037 4140 1097 4213 quis
1114 4140 1143 4193 in
1162 4139 1213 4193 elia
1232 4157 1261 4189 re
1272 4135 1368 4188 -olbcio

334 4224 819 4305 1ιιιςιιιιι,ιιιιι1ιιιιι1ιιιιιιιειάιι.
860 4233 976 4297 Pereat,
1005 4230 1051 4302 qui
1070 4230 1127 4284 suri
1155 4226 1247 4298 pondo
1266 4224 1368 4289 decem,

334 4329 408 4378 teet
428 4335 454 4379 et
481 4323 521 4389 is,
551 4324 597 4393 qui
621 4322 714 4379 decem
739 4322 821 4378 millis
845 4321 1006 4378 intervertit:
1031 4318 1058 4372 in
1085 4334 1172 4386 eoque
1196 4321 1272 4383 ‘pares
1294 4324 1367 4365 suut:

334 4412 428 4481 *iterque
447 4412 520 4469 euim
539 4429 554 4467 a
574 4411 670 4465 iustitia
689 4411 799 4468 recedit.
834 4408 906 4476 Sed,
932 4419 965 4462 'ut
982 4407 1060 4462 initio
1079 4404 1179 4458 dicturo
1197 4412 1251 4465 est,
1273 4400 1368 4454 sinon

334 4504 419 4552 tntum
438 4499 545 4556 enimus
565 4498 752 4570 delinquentis,
770 4499 915 4554 sedetiam
934 4497 982 4564 rei,
1000 4496 1029 4548 in
1049 4511 1101 4563 qua
1121 4487 1300 4558 delinquitur,
1321 4505 1370 4542 na·

1036 4580 1085 4653 9.
