3517 5450
586 748 623 795 11.
676 748 849 796 entrtotttts
877 749 1131 803 Pentooxonutt.
1316 759 1386 804 xvtt

358 910 537 962 Venundantur
557 910 717 962 Parrliisius
734 909 799 978 (sic)
820 911 847 961 in
879 913 937 961 vico
962 912 1017 963 divi
1036 913 1127 966 iacobi
1151 934 1168 965 a
1194 917 1330 987 Gaufrido
1355 921 1386 970 de

357 999 461 1070 Mornes,
481 998 533 1051 aab
549 1000 627 1070 signo
648 997 788 1050 Pellicani.
808 1027 841 1036 -
871 999 900 1051 ln
918 998 984 1052 fine:
1004 1004 1046 1051 Ex
1066 1001 1176 1054 oedibus
1193 1005 1303 1056 loannis
1316 1009 1386 1057 llar-

356 1086 402 1150 lier,
419 1088 518 1138 decima
529 1087 573 1137 die
590 1087 686 1138 rnensis
705 1085 781 1137 lollii
790 1085 854 1154 (sic)
865 1087 946 1138 Anno
965 1087 1013 1138 diii
1028 1088 1164 1141 millesimo
1178 1092 1387 1162 quingentesimo

357 1176 502 1229 Duodecimn.
530 1179 554 1228 8.
590 1175 650 1228 Non
677 1186 784 1228 noverat
805 1173 835 1226 C.
855 1173 1001 1229 Beierus
1025 1176 1271 1246 beneditionem,
1298 1200 1386 1253 neque

357 1261 506 1316 Orellius.

408 1354 429 1403 4.
467 1351 576 1402 Tullius
598 1351 628 1400 de
648 1350 759 1420 Officiis
781 1360 832 1404 etc.
852 1369 900 1402 nec
918 1371 969 1402 non
990 1354 1140 1405 Parotloxa
1153 1357 1283 1409 eiusdem:
1312 1361 1386 1426 Opus

357 1438 432 1494 Bened.
449 1437 630 1510 Brugnoli
657 1437 749 1488 studio
773 1437 955 1488 crnocnlotum
980 1438 1082 1491 additis
1101 1443 1210 1493 Graecis
1232 1462 1302 1514 quae
1326 1445 1385 1494 ‹lee-

357 1538 403 1578 rant
416 1557 447 1570 -
472 1556 508 1567 -
534 1526 673 1577 ‹rdianctis
696 1536 839 1593 praeterea
864 1527 1059 1578 commentariis
1084 1531 1181 1582 P'ranc.
1205 1530 1385 1582 Omniboni

357 1615 509 1687 Ascensiique
526 1615 554 1667 in
576 1614 702 1666 altimum
722 1613 894 1667 Paradoxon.
915 1614 988 1685 quod
997 1614 1145 1668 latinorum
1163 1618 1256 1669 nullus
1268 1621 1306 1668 ad
1320 1620 1385 1670 liaeo

357 1721 419 1774 usque
435 1713 555 1772 tempora
575 1720 663 1753 ausus
681 1712 722 1753 est
740 1702 891 1753 enucleare.
910 1731 943 1743 -
981 1703 1010 1755 ln
1029 1702 1096 1756 fine:
1117 1707 1277 1774 Impressnm
1299 1710 1386 1759 Vens·
1411 1748 1414 1753 .

357 1788 389 1840 tiis
403 1818 432 1831 -·
451 1800 562 1859 sumptu
584 1790 705 1860 miroque
725 1789 866 1860 diligentia
886 1791 997 1842 Ioannis
1016 1791 1047 1842 de
1060 1793 1168 1845 Tridino
1181 1794 1252 1846 alios
1272 1795 1386 1847 Tacuini

356 1895 407 1931 anno
425 1908 456 1922 -
481 1877 521 1933 M.
541 1877 574 1931 D.
593 1877 674 1930 Xllll.
699 1877 742 1927 die
771 1876 868 1928 ultimo
896 1868 1054 1930 Februarii
1073 1879 1091 1932 s.
1118 1899 1153 1934 m.
1178 1880 1295 1934 Graecas
1319 1881 1385 1935 haee

356 1965 414 2020 editio
436 1967 516 2021 habet
536 1967 737 2021 Paradoxorum
768 1965 970 2035 inscriptiones,
1002 1967 1047 2019 sed
1073 1969 1226 2021 accentibus
1256 1982 1383 2023 urentes.

357 2055 397 2131 lid.
414 2056 443 2111 C.
462 2054 576 2109 Beier.
594 2054 612 2108 l.
631 2073 654 2108 c.
671 2058 770 2125 poni.
790 2054 824 2106 N.
842 2057 885 2108 23.

406 2166 428 2216 3.
464 2164 503 2215 M.
515 2165 545 2214 Τ.
558 2160 696 2213 Ciceronis.
724 2162 765 2210 De
784 2159 925 2213 Amicitia.
956 2162 996 2210 De
1005 2163 1154 2214 Senectute.
1188 2161 1384 2214 Paradoxo-

355 2245 376 2299 ln
389 2249 448 2303 line:
469 2248 658 2320 Argentorati.
685 2245 850 2298 Exaedtbus
863 2247 1059 2300 Schurertanis.
1087 2250 1179 2298 Mensa
1196 2249 1276 2300 Maio.
1304 2248 1385 2300 Anno

357 2333 421 2390 iil).
438 2337 495 2389 XV.
514 2340 541 2390 4.
580 2335 639 2389 Non
659 2353 756 2406 paucas
773 2333 854 2387 habet
872 2334 998 2388 lectiones
1017 2335 1127 2406 probas,
1154 2355 1168 2387 a
1196 2336 1386 2407 posterioribus

358 2424 475 2494 neglectas.

408 2534 430 2586 6.
467 2532 557 2583 Cicero
584 2550 642 2583 cum
667 2540 812 2582 coniurento
840 2530 959 2583 Marsi.
1008 2530 1178 2579 Maturoncii
1201 2539 1227 2578 et
1252 2530 1384 2582 Ascensii.

358 2616 380 2666 lt
393 2621 427 2674 Μ.
450 2624 478 2673 Τ.
499 2618 631 2670 Ciceronis
651 2618 681 2669 de
701 2617 749 2686 off.
770 2618 847 2671 uinic.
869 2635 924 2670 sen.
949 2624 977 2666 el
993 2615 1141 2684 paradoxis
1160 2615 1240 2666 lilrros
1256 2634 1386 2686 perquam

355 2701 481 2770 familiaris
509 2706 663 2777 explicatio.
683 2737 717 2747 -
765 2708 875 2777 laques.
903 2703 1019 2757 Maillet.
1065 2701 1095 2756 ln
1122 2702 1188 2756 stne:
1223 2702 1386 2756 Absolutum

359 2789 393 2843 loc
408 2796 575 2865 preclarum
601 2814 666 2864 opus
692 2793 782 2865 Lagd.
808 2793 980 2844 exactissima
1014 2811 1079 2843 cura
1105 2821 1140 2831 --
1166 2801 1192 2841 et
1218 2791 1387 2844 nitidissimis

358 2896 499 2937 excussum
529 2882 742 2935 curatoribus:
785 2901 855 2933 anno
887 2880 986 2932 domini
1011 2882 1050 2931 M.
1070 2882 1180 2933 CCCCC.
1199 2882 1264 2931 XV.
1292 2882 1387 2931 mensis

358 2967 443 3023 liliis.
465 2990 502 3023 rn.
522 3001 556 3010 -
594 2968 624 3022 Iri
644 2969 694 3023 hac
713 2989 824 3041 quoque
843 2968 893 3021 Ed.
911 2967 1014 3020 Graeca
1034 2966 1126 3020 litteris
1146 2968 1244 3020 Latinis
1262 2979 1323 3021 sunt
1342 2989 1385 3018 ex-

359 3072 436 3123 pressa;
461 3080 483 3113 v.
512 3079 536 3113 c.
563 3057 691 3111 Paradoxi
719 3058 805 3129 quinti
830 3057 967 3128 inscriptio
996 3068 1046 3109 est:
1073 3056 1119 3106 0Ιὶ
1144 3075 1232 3106 nronos
1258 3056 1388 3124 bosoplios

358 3140 484 3199 eleutheros
502 3147 630 3216 kepantes
648 3147 678 3197 1ιί
696 3148 762 3198 mori
787 3146 853 3200 duli.
898 3146 927 3197 in
949 3142 1169 3207 Commentariis,
1198 3143 1243 3195 ubi
1268 3142 1387 3195 Graecae

358 3228 467 3287 debebant
486 3254 541 3287 esse
560 3253 651 3301 voces,
670 3234 765 3289 lacuna
787 3248 832 3290 est.

409 3346 436 3395 ἵ.
461 3341 573 3395 Aldina:
594 3343 627 3391 In
640 3342 689 3392 lioc
702 3342 799 3395 volum.
811 3340 997 3392 continentur:
1017 3340 1057 3390 M.
1073 3340 1101 3388 T.
1110 3336 1240 3386 Ciceronis
1253 3331 1307 3400 Off:
1322 3336 1388 3384 Cato

358 3430 402 3482 nai.
420 3450 441 3483 s.
468 3430 500 3481 de
524 3433 585 3482 Sen.
604 3428 715 3480 Laelius
734 3450 755 3484 s.
785 3430 815 3480 de
834 3427 923 3481 Amic.
949 3429 1036 3477 Somn.
1063 3424 1133 3491 Scip.
1157 3441 1190 3471 ex
1215 3423 1263 3473 VI.
1283 3419 1314 3467 de
1333 3436 1387 3485 rep.

357 3527 500 3586 excerptum.
513 3546 548 3555 —
575 3517 728 3586 Παράδοξα.
766 3514 925 3586 (Adduntur
934 3508 1070 3581 Θεοδώρου
1089 3514 1146 3578 περὶ
1158 3505 1244 3578 γήρως
1261 3507 1388 3575 inprimis.

352 3594 448 3676 Ὅνειρος
466 3608 558 3670 Zeia.)
597 3604 626 3657 ln
646 3604 712 3657 stne:
736 3604 855 3657 Venetiis
872 3603 900 3653 in
919 3600 1031 3652 aedibus
1048 3599 1117 3651 Aldi
1134 3608 1160 3647 et
1174 3598 1299 3649 Andreae
1313 3597 1390 3647 Asu-

354 3688 397 3744 loni
411 3694 502 3746 soceri.
521 3696 562 3746 M.
582 3699 618 3748 D.
637 3695 738 3745 Xl'll.
759 3695 850 3743 Mense
868 3689 940 3741 Iuni.
961 3691 986 3740 8.
1035 3685 1101 3737 Vide
1127 3684 1159 3736 de
1184 3704 1213 3735 ea
1235 3681 1283 3737 Ed.
1303 3680 1388 3735 Orell.

353 3774 437 3834 Onam.
458 3779 530 3834 Tutt.
552 3781 570 3832 l.
592 3800 617 3851 p.
635 3783 697 3835 343.

409 3888 434 3938 8.
469 3882 583 3937 Aldina:
614 3886 654 3936 M.
686 3883 758 3936 Tull.
783 3879 909 3949 Cic.·0ff.
937 3879 968 3929 de
986 3878 1073 3930 Amic.
1093 3876 1124 3926 de
1147 3879 1207 3926 Sen.
1229 3902 1262 3911 —
1300 3877 1392 3925 Para-

353 3968 424 4038 doxa,
452 3972 600 4041 interprete
618 3972 757 4036 Arcenam,
794 3969 927 4035 Venetiis,
956 3960 1131 4019 MDvattl.
1148 3963 1166 4015 f.
1187 3981 1222 4015 in.
1243 3960 1392 4031 Elegantis-

351 4053 402 4110 ima
420 4057 518 4125 editio,
544 4058 709 4113 ebeliacum
731 4056 891 4110 Aldinarum
917 4054 1076 4108 lectionibus
1101 4050 1190 4103 multis
1208 4050 1273 4104 locis
1297 4048 1392 4101 admo·

352 4140 402 4196 lum
421 4145 583 4217 discrepans.
632 4146 673 4200 De
700 4167 730 4199 eo
757 4144 807 4198 Ed.
831 4143 901 4197 haud
928 4144 1068 4214 frequente
1099 4139 1148 4191 vid.
1177 4136 1262 4191 Orett.
1288 4134 1390 4188 Onom.

353 4227 411 4287 Tutt.
428 4233 462 4286 T.
480 4234 500 4286 1.
519 4252 546 4305 p.
566 4230 627 4288 343.
1375 4240 1382 4253 ·
1402 4239 1404 4241 ’

408 4344 433 4393 ⁹.
469 4341 511 4390 M·
534 4342 564 4391 Τ.
585 4343 613 4392 C.
638 4340 736 4409 Officia
767 4338 910 4412 diligenter
934 4338 1075 4391 restituta.
1111 4332 1206 4385 Eiusd.
1232 4328 1263 4379 de
1287 4329 1350 4380 Am.
1365 4340 1392 4380 et

351 4425 399 4479 Sen.
417 4428 530 4498 Dialogi
548 4429 657 4499 singuli.
694 4430 843 4481 Parodana
862 4439 890 4480 et
908 4428 1076 4495 SammScip.
1092 4428 1156 4476 Cum
1171 4440 1233 4472 ann.
1253 4418 1393 4471 Erasmi

351 4513 401 4568 Ru.
417 4526 446 4567 et
464 4514 540 4568 Pltil.
560 4518 801 4573 Melanctlionis:
822 4522 891 4571 Item
906 4534 970 4570 ann.
988 4514 1086 4566 Bartlt.
1105 4509 1242 4564 Latorni
1261 4508 1289 4557 in
1304 4510 1392 4557 Pura-

1143 4604 1163 4665 b
