3517 5450
463 710 538 785 348
855 733 1018 781 excuusus
1045 734 1116 780 vm.

462 914 518 948 esse
541 906 648 964 putem,
677 894 724 966 qui
752 902 911 946 senatum
942 912 1016 946 esse
1045 894 1078 944 in
1106 910 1139 944 re
1167 889 1315 960 puvblica
1347 911 1411 945 non
1433 903 1504 961 puta-

465 982 525 1036 vit?
561 982 620 1035 Mc.

886 1097 1093 1109 ...α--υ--Α--ι

832 1253 1044 1314 Excuttsus
1067 1253 1146 1312 Vlll.

687 1408 763 1483 an
796 1406 1138 1483 nmanoxon
1166 1410 1236 1503 rv,
1262 1405 1306 1481 l:

485 1623 527 1637 ·-
557 1589 606 1650 Ac
628 1583 718 1665 vide,
739 1607 845 1670 pesam
868 1584 940 1648 ista
964 1584 1018 1648 tui
1040 1583 1224 1649 latrocinii
1246 1581 1321 1647 tela
1345 1593 1492 1648 conlem-

457 1689 579 1752 -serim
621 1688 646 1751 Ι
650 1697 800 1751 actam
830 1697 864 1751 et
887 1686 1136 1751 immissam
1166 1710 1189 1750 a
1221 1698 1255 1751 te
1278 1685 1458 1764 nefariam
1478 1684 1507 1746 ia

508 1814 562 1854 me
584 1789 756 1854 iniuriam
777 1811 912 1875 seraper
932 1789 1042 1854 duxi.-
1062 1788 1333 1876 pervenisse
1356 1788 1405 1851 ad
1425 1811 1476 1850 me

818 1912 1000 1978 nunqnam
1015 1890 1156 1978 putavi.

533 2053 655 2119 „Nemo,
681 2052 754 2123 quod
780 2052 879 2118 sciam,
903 2069 1016 2116 eorum,
1044 2052 1089 2121 qui
1114 2050 1203 2105 adhuc
1221 2048 1367 2103 Ciceronis
1384 2048 1510 2102 Paradnsa

462 2152 657 2207 tractaverunt,
676 2142 702 2192 in
723 2139 774 2194 hnc
792 2139 853 2193 loco
870 2140 923 2193 sire
942 2139 1057 2211 legendo
1075 2140 1128 2192 sive
1146 2137 1304 2211 explicando
1324 2138 1418 2192 haesit.
1453 2135 1510 2188 Nam

463 2228 537 2301 quod
558 2231 739 2300 proiectam,
766 2246 827 2281 cum
855 2227 925 2280 liber
943 2227 1052 2300 quidam
1080 2227 1289 2281 lllediolanensis
1310 2225 1450 2296 [intelligit
1465 2225 1512 2276 sine

463 2318 545 2370 dubio
564 2316 707 2369 editionem
734 2315 851 2386 aliquam
870 2315 1117 2381 Mediolanensem,
1146 2316 1227 2369 sectdi
1247 2315 1324 2380 XV.,
1357 2314 1451 2385 quales
1473 2312 1511 2364 ali·

457 2415 530 2475 quot
548 2423 609 2457 cum
629 2402 733 2458 Officiis
760 2415 810 2458 etc.
828 2405 973 2472 erierunt,]
1004 2403 1113 2459 haberet
1138 2404 1238 2468 latam,
1257 2403 1358 2473 Xystus
1388 2401 1513 2454 Betuleius

463 2494 577 2548 coniecit
590 2492 734 2564 legendum
747 2512 801 2545 esse
814 2494 931 2559 illatam,
951 2491 1015 2545 nihil
1027 2511 1181 2546 moramur:
1202 2510 1290 2561 neque
1301 2490 1390 2561 magis
1402 2490 1513 2542 audimus

463 2581 530 2635 diros
548 2580 609 2634 Atdi
635 2580 740 2651 nepotis
767 2579 862 2648 libros,
892 2580 1010 2632 eiusdem
1039 2581 1118 2634 vocis·
1139 2579 1200 2633 loco
1219 2580 1335 2651 factam
1363 2579 1512 2639 exhibentes,

463 2669 699 2740 Oxoniensemque
717 2687 802 2721 unum
822 2671 1014 2741 iactatumque.
1052 2668 1119 2721 lllud
1141 2687 1253 2721 monens
1279 2667 1432 2739 posteriora
1451 2666 1513 2737 prio-

464 2760 537 2811 ribus
555 2777 649 2829 parum
670 2756 827 2824 convenire,
854 2777 889 2811 ne
907 2759 994 2812 dicam
1020 2758 1215 2812 contradicere.
1261 2755 1387 2827 Explicat
1416 2755 1512 2829 quidem

464 2844 639 2900 Gcrnhardus
664 2847 744 2898 rerba
772 2847 874 2897 iactam
892 2858 918 2901 et
946 2847 1104 2899 imitrissams
1132 2847 1253 2912 Incitat,
1277 2846 1389 2911 dicens,
1420 2843 1514 2901 iniuria,

465 2954 533 3006 quae
551 2934 647 3001 subito,
666 2946 795 3006 tanquam
813 2953 868 2987 uno
886 2935 949 3000 ictu,
968 2935 1096 2997 insertur,
1120 2934 1221 2986 lentius
1230 2934 1406 2986 immittitur.
1442 2930 1514 3002 Equi·

464 3024 525 3078 dem
545 3042 600 3076 non
620 3040 757 3093 repugno:
777 3022 821 3074 sed
842 3022 994 3093 quomodo,
1014 3042 1135 3094 quaeso,
1159 3021 1307 3072 immissam
1326 3022 1356 3072 in
1388 3040 1417 3073 se
1443 3027 1516 3089 potest

464 3112 552 3165 dicere
570 3111 706 3174 iniuriam,
725 3128 793 3179 quae
812 3111 833 3162 si
850 3111 969 3162 immissa
988 3110 1039 3163 luit
1056 3111 1084 3163 in
1101 3107 1272 3175 Ciceronem,
1291 3128 1355 3161 eum
1376 3104 1515 3161 necessario

464 3200 572 3270 tetigit:
600 3209 626 3250 et
647 3198 734 3251 statim
754 3208 842 3250 tamen
862 3199 1010 3264 subiicere,
1033 3217 1173 3269 nunquam
1192 3195 1265 3249 illam
1286 3195 1320 3248 ad
1345 3216 1375 3249 se
1402 3196 1516 3248 iniuriam

461 3284 636 3358 pervenisse?
672 3285 746 3353 Quid
770 3286 875 3340 multa?
924 3288 1057 3339 Emissam
1083 3287 1235 3359 profectum
1263 3304 1322 3337 esse
1350 3304 1366 3337 a
1395 3284 1516 3338 Cicerone

465 3375 582 3429 existimo
608 3393 670 3428 cum
689 3374 916 3445 Wyttenbachio,
946 3376 989 3430 cui
1014 3394 1066 3445 ego
1086 3375 1182 3427 Leidae
1200 3373 1274 3426 hunc
1293 3374 1386 3444 ipsum
1407 3370 1516 3424 libellum

464 3463 604 3517 iuvenibus
621 3461 769 3516 litterarum
793 3463 915 3517 studiosis
936 3463 1077 3535 explicanti
1102 3482 1213 3535 operam
1240 3462 1312 3515 dedi.
1368 3462 1431 3534 Ego
1456 3478 1516 3521 vern,

465 3553 538 3626 qnod
553 3552 613 3618 ille,
633 3562 725 3622 utpote
744 3551 771 3603 in
791 3551 896 3617 scholis,
914 3551 1019 3617 omisit,
1038 3550 1112 3605 locos
1130 3550 1226 3604 addam
1245 3548 1455 3616 Ciceronianus,
1471 3565 1517 3619 qun

466 3641 551 3693 maior
568 3640 676 3694 accedat
694 3641 735 3694 isti
755 3640 924 3695 coniecturae
943 3642 1093 3694 auctoritas.
1142 3638 1175 3693 Et
1202 3640 1323 3712 primum
1352 3640 1464 3713 quidem
1486 3646 1517 3689 est

466 3730 493 3782 in
513 3729 563 3783 Or.
583 3749 632 3800 pro
656 3728 748 3782 Caelio
766 3732 810 3794 12,
830 3731 874 3782 29.
893 3728 1001 3781 ncukos
1019 3757 1054 3767 —
1072 3730 1280 3779 emitterem
1301 3730 1437 3781 leonum
1454 3738 1479 3779 et
1494 3728 1517 3775 ia

466 3837 549 3871 reum.
585 3818 656 3871 'l'um
675 3818 725 3872 Or.
745 3819 778 3871 de
797 3818 912 3889 llarusp.
930 3817 1059 3888 Respons.
1078 3821 1104 3883 i,
1123 3821 1155 3869 2:
1188 3816 1262 3880 Tela,
1282 3836 1355 3887 qnae
1375 3819 1524 3888 eoaieee3

466 3907 518 3957 rit
537 3907 659 3958 inimicus
678 3935 713 3950 -
732 3925 802 3978 quae
820 3906 923 3978 collega
942 3933 978 3945 -
997 3907 1097 3958 emisi
1104 3916 1133 3958 t:
1152 3904 1198 3957 ubi
1217 3905 1282 3957 item
1301 3904 1372 3971 sere,
1392 3916 1423 3958 ut
1441 3912 1518 3957 nostro

467 3994 543 4061 loco,
563 3993 652 4046 iuncta
672 3992 752 4046 habes
770 3994 885 4047 iacieadi
904 4006 931 4049 et
948 3994 1089 4047 ensittendi
1107 3994 1196 4047 rerba.
1233 3991 1342 4045 Deinde
1366 4014 1428 4059 usu,
1448 4007 1516 4063 quen

466 4083 576 4148 dicunt,
594 4080 689 4136 tralato
709 4085 855 4153 posteriore
874 4085 955 4138 verbo
973 4084 1009 4137 ita
1029 4084 1113 4137 utitur
1131 4092 1234 4145 noster,
1254 4091 1285 4133 ut
1303 4079 1426 4135 alterurn
1444 4079 1517 4142 addat,

466 4191 521 4243 quo
540 4172 648 4223 demum
667 4181 772 4223 tactum
790 4192 845 4225 esse
862 4193 924 4227 eum
943 4173 1127 4245 significatur,
1146 4172 1174 4224 in
1194 4188 1278 4242 quem
1297 4170 1388 4224 telum
1407 4174 1514 4223 endssua

468 4272 513 4314 est.
561 4259 658 4313 Sinde
681 4259 731 4314 Or.
750 4261 783 4328 ll,
801 4265 844 4328 53,
866 4268 931 4319 214:
962 4266 1163 4336 Argumentum
1187 4260 1260 4311 ratio
1285 4259 1350 4329 ipsa
1379 4261 1515 4329 confirmat·

469 4368 538 4421 qam
556 4349 637 4401 sitanl
654 4360 736 4421 atque
762 4352 890 4403 emissa
913 4364 969 4418 est,
996 4348 1245 4403 adhaerescit:
1275 4348 1311 4400 ad
1332 4368 1418 4419 quem
1444 4347 1514 4400 tecum

469 4436 519 4488 sid.
539 4436 687 4502 Orellium,
713 4437 786 4510 Opp.
806 4440 861 4492 cie.
881 4440 913 4492 T.
933 4440 950 4492 l.
971 4461 994 4511 p.
1015 4445 1076 4495 298.
1122 4438 1163 4490 l)e
1182 4435 1233 4488 Or.
1252 4437 1286 4502 ll,
1306 4443 1353 4504 54,
1377 4443 1448 4495 219:
1472 4453 1515 4488 cun

473 4552 503 4563 -
524 4525 594 4607 illud
612 4555 646 4563 —
666 4526 767 4582 dictam
791 4528 950 4582 emissum
982 4534 1125 4582 tenerare
1158 4526 1263 4581 debeat.
1323 4528 1452 4601 Denique
1474 4530 1514 4597 ἣρω
