3517 5450
711 740 751 783 so
777 737 973 786 rsnrnoxon
998 741 1027 802 v,
1046 736 1071 784 2.
1342 715 1417 790 357

361 902 445 953 istum
464 919 517 951 uon
536 899 612 950 modo
631 917 751 963 servum,
771 901 818 950 sed
835 900 1025 971 nequissimum
1044 919 1162 964 servum,
1187 901 1295 954 etiamsi
1312 903 1340 954 in
1359 921 1416 954 om-

356 988 482 1058 plissimn
495 985 610 1056 familia
630 996 713 1037 reatus
731 989 783 1051 sit,
810 986 1001 1056 appellandum
1023 1000 1101 1058 puto.
1137 989 1223 1040 Pori
1240 990 1414 1042 stultitia

358 1085 443 1127 sunt
463 1073 563 1142 [omisit
581 1072 613 1125 ΙΙ.
633 1092 700 1144 quos
720 1073 827 1143 signo‚]
847 1093 934 1146 quos
953 1075 1112 1140 tabulae,
1132 1095 1217 1147 quos
1235 1077 1417 1130 coelatum

358 1173 556 1233 argentum,
583 1180 666 1232 quos
685 1163 872 1214 Corinthia
892 1181 1013 1231 opero,
1036 1182 1119 1234 quos
1146 1163 1327 1235 aedificio
1352 1185 1417 1218 ma·

357 1249 504 1320 gnifica
524 1248 628 1299 nimio
651 1266 749 1317 opere
768 1249 959 1303 delectant.
1009 1253 1056 1304 At
1077 1271 1204 1316 sumus,
1232 1252 1417 1323 inquiunt,

358 1335 752 1405 eivitutisprinripes.
803 1339 868 1388 Vos
895 1356 975 1391 vero
1002 1357 1041 1390 ne
1068 1359 1313 1393 conservorum
1342 1343 1417 1411 qui-

360 1425 433 1474 dem
452 1433 645 1474 vestrorum
664 1425 846 1493 principes
864 1429 963 1479 estis.
1000 1429 1094 1499 Atque
1113 1438 1145 1478 ut
1164 1430 1192 1480 in
1212 1446 1311 1497 magno
1324 1428 1416 1498 somi-

357 1511 396 1561 tea
405 1520 469 1562 sunt
481 1510 531 1561 alii
539 1511 678 1576 lautiores,
693 1522 723 1563 ut
735 1512 785 1564 sibi
798 1513 935 1579 videntur,
947 1515 1026 1579 servi,
1037 1515 1084 1567 sed
1098 1525 1187 1567 tomen
1198 1516 1276 1580 servi,
1286 1516 1416 1568 atrienses

357 1618 391 1650 ao
406 1598 533 1667 topiarii,¹
553 1597 612 1650 sed
626 1610 664 1651 ut
680 1599 888 1670 insamilio,
906 1602 966 1672 qui
983 1612 1151 1654 tractant
1170 1604 1251 1666 isto,
1269 1605 1330 1673 qui
1348 1611 1415 1653 ter·

356 1697 464 1758 gunt,
483 1687 540 1758 qui
565 1697 715 1758 ungunt,
733 1690 791 1758 qui
811 1699 975 1754 verrunt,
1001 1691 1062 1761 qui
1079 1699 1265 1761 spargunt,
1283 1689 1417 1741 nontra-

358 1777 597 1827 nestissimum
616 1776 726 1827 locum
744 1778 939 1829 servitutis
966 1787 1103 1839 tenents
1129 1779 1180 1831 sic
1197 1780 1230 1829 in
1249 1778 1415 1834 civitate,

358 1865 419 1935 qui
437 1882 470 1916 se
485 1864 635 1915 istorum
649 1883 763 1916 rerum
777 1864 1053 1933 cupiditatibus
1068 1865 1288 1924 dediderunt,
1306 1865 1415 1916 istius

357 1951 553 2003 servitutis
576 1953 686 2014 locum
710 1970 820 2019 poene
844 1953 1006 2025 infimum
1029 1952 1215 2004 obtineam
1252 1950 1333 2018 Quod
1353 1971 1414 2003 sero

358 2039 508 2092 orationem
529 2039 620 2092 fecerit
639 2039 673 2091 ite
686 2039 845 2105 continuari,
866 2051 895 2092 ut
912 2040 986 2093 illato
996 2041 1043 2091 sed
1052 2040 1182 2112 quaedam
1195 2051 1342 2093 structurae
1353 2058 1415 2110 per·

359 2126 477 2181 turbatio
487 2127 556 2180 lacta
569 2146 623 2180 esse
634 2127 760 2192 rideatur,
776 2127 801 2179 id
812 2127 871 2179 satis
885 2126 1011 2200 frequens
1021 2147 1075 2180 esse
1087 2127 1158 2199 apud
1169 2125 1340 2192 Ciceronem,
1359 2126 1414 2197 qui,

357 2216 377 2266 si
398 2215 533 2285 inceptam
559 2215 690 2267 rationem
716 2215 856 2280 tenuisset,
890 2215 967 2283 plena
996 2216 1116 2269 oratione
1136 2216 1245 2268 fortasse
1262 2214 1297 2268 ita
1325 2215 1416 2266 luisset

357 2303 521 2372 scripturus:
549 2300 804 2368 „Quemadmodum
832 2303 858 2354 in
885 2322 981 2374 magna
1001 2303 1100 2356 familia
1128 2314 1190 2356 sunt
1215 2303 1259 2356 alii
1289 2300 1415 2355 lautiores

357 2392 439 2456 servi,
460 2388 503 2442 alii
523 2390 610 2443 minus
628 2389 747 2456 honesti,
767 2391 800 2443 its
822 2390 900 2461 plane
919 2404 945 2445 et
963 2392 1003 2445 isti
1024 2391 1198 2462 cupiditatum
1218 2409 1326 2443 suarum
1347 2388 1413 2441 servi

360 2479 405 2532 atii
424 2477 502 2531 aliam
521 2476 619 2530 habent
639 2476 830 2548 dignationem.
871 2481 959 2552 Atque
979 2491 1008 2532 ut
1025 2480 1060 2546 ii,
1088 2479 1133 2550 qui
1154 2479 1308 2549 signorum,
1335 2477 1413 2528 tabu-

358 2566 464 2633 larum,
491 2565 671 2636 similiumque
691 2585 781 2618 rerum
802 2586 894 2620 curam
915 2566 1026 2633 habent,
1053 2586 1108 2618 non
1134 2565 1345 2618 honestissimum
1372 2562 1413 2614 lo·

358 2673 422 2707 cum
441 2654 571 2707 servitutis
589 2665 692 2721 tenent,
712 2654 747 2707 ita
767 2656 845 2708 etiam
866 2655 1012 2708 earundem
1032 2674 1122 2707 rerum
1142 2653 1231 2723 cupidi
1259 2651 1331 2704 istius
1355 2669 1412 2702 ser·

357 2742 445 2795 ritutis
464 2742 554 2795 locum
576 2762 660 2813 paene
678 2742 800 2798 infimum
822 2748 941 2798 tenent.“
979 2744 1060 2812 Quod
1080 2745 1101 2797 si
1121 2744 1190 2796 forte
1209 2743 1304 2814 aliquis
1322 2740 1413 2813 paullo

360 2831 521 2883 fastidiosior
540 2850 594 2883 non
620 2831 687 2884 ierat
711 2832 888 2904 (quamquam
917 2832 969 2885 sint
995 2832 1093 2885 similes
1118 2842 1268 2885 structurae
1293 2829 1326 2882 de
1353 2828 1411 2882 Oli.

358 2923 384 2981 Ι,
405 2922 454 2975 3οι
473 2919 545 2989 Quin
562 2919 644 2969 etiam
663 2931 728 2986 eto,
747 2920 783 2973 ib.
801 2918 846 2984 ΙΙΙ,
864 2924 909 2976 26.
961 2921 1034 2971 Utile
1062 2919 1204 2971 videbatur
1223 2930 1288 2984 etc,
1316 2917 1412 2971 Tusce.
1485 2956 1487 2959 ψ

360 3005 381 3074 l,
401 3014 425 3064 1.
473 3008 580 3059 Etenim
598 3008 622 3058 si
640 3006 712 3076 etc),
736 3027 781 3060 eos
800 3020 903 3062 mutare
921 3009 995 3062 iubet
1013 3008 1066 3060 leni
1085 3007 1252 3061 correctione
1270 3009 1296 3057 Ε
1302 3016 1314 3057 t
1333 3006 1412 3057 utin

354 3097 471 3169 familia
490 3106 539 3149 etc.
595 3094 842 3166 Transpositionem
870 3108 960 3151 autem
985 3098 1020 3149 ita
1047 3096 1075 3149 in
1094 3095 1177 3149 libros
1195 3107 1295 3149 veteres
1314 3093 1412 3147 venisse

360 3186 502 3239 existimat:
530 3183 695 3250 „Putabam,
724 3184 825 3255 inquit,
855 3187 946 3237 turbas
963 3185 1024 3238 istas
1042 3185 1184 3238 verborum
1203 3187 1290 3252 puTO
1315 3182 1415 3234 PARI

359 3273 463 3325 dedisse
482 3271 683 3342 proximitatem.
728 3272 758 3322 ln
780 3273 878 3343 quibus
897 3272 1106 3326 coalescentibus
1125 3290 1186 3324 cum
1214 3269 1339 3323 librarius
1362 3269 1411 3322 sibi

356 3362 426 3413 risus
444 3370 509 3412 esset
527 3357 730 3430 deprehendisse
749 3378 841 3411 rocem
859 3361 1036 3411 TOPIARH
1061 3359 1172 3411 inlerius
1191 3358 1281 3428 paullo
1309 3368 1412 3410 erstan-

357 3461 427 3512 tem,
447 3459 504 3499 tum
523 3444 626 3516 reliqua
649 3445 710 3498 inde
729 3466 743 3499 a
763 3446 866 3517 periodi
886 3448 962 3500 initio
982 3447 1077 3512 rerba,
1106 3466 1151 3498 suo
1169 3445 1230 3498 sede
1251 3456 1340 3509 mota,
1359 3444 1411 3498 buc

359 3536 500 3589 transtulit.
536 3533 603 3586 tttud
622 3554 707 3588 unum
729 3534 813 3601 addo,
834 3534 906 3605 quod
926 3535 945 3588 si
966 3534 1030 3605 quid
1049 3534 1120 3586 aliud
1141 3551 1279 3603 unquam,
1306 3529 1409 3601 liquido

355 3644 433 3696 posse
458 3643 500 3676 me
525 3622 659 3676 affirmare
683 3624 814 3688 arbitror,
846 3644 900 3676 non
929 3624 971 3689 id,
1007 3622 1079 3693 quod
1107 3621 1167 3674 libri
1195 3638 1288 3673 omnes
1313 3617 1411 3671 habent

354 3717 364 3764 i
372 3714 473 3783 psius
498 3711 640 3763 servitutis
672 3709 832 3765 Ciceronem
859 3712 1009 3783 scripsisse,
1041 3710 1086 3764 sed
1114 3710 1226 3761 istius
1250 3706 1408 3760 servitutis:

354 3801 437 3852 istam
458 3817 555 3870 nempe
574 3799 725 3852 servitutem
745 3800 893 3867 dicentem,
921 3820 990 3872 quae
1016 3800 1048 3852 ab
1068 3798 1176 3852 istarum
1196 3814 1287 3849 rerum
1305 3805 1343 3847 est
1361 3813 1411 3847 cu·

357 3888 493 3958 piditate.‘⁴
522 3887 597 3940 Hanc
609 3887 690 3957 igitur
701 3887 851 3958 Hottingeri
866 3887 1072 3959 disputationem
1082 3886 1149 3939 Her
1158 3903 1183 3936 m
1192 3903 1206 3937 a
1215 3902 1301 3935 nnus
1314 3900 1410 3952 quam·

355 3993 438 4045 quarn
458 3974 549 4046 paullo
568 3974 694 4027 audacius
713 3975 813 4028 mederi
832 3974 892 4028 loco
911 3986 1015 4037 censet,
1037 3959 1125 4047 neque
1144 3973 1223 4045 plane
1242 3989 1333 4024 verum
1359 3988 1410 4022 acu

354 4066 429 4135 quasi
450 4063 577 4133 tetigisse,
597 4062 764 4132 ingeniosam
783 4075 871 4117 tamen
893 4084 947 4116 esse
967 4064 1104 4116 concedit:
1136 4063 1191 4132 ipse
1217 4071 1304 4113 autem
1333 4074 1407 4108 suam

354 4154 389 4205 ita
408 4151 566 4204 sententiam
586 4150 741 4221 expromsit:
779 4152 839 4217 „Ad
860 4171 970 4204 manum
990 4162 1051 4204 sunt
1069 4150 1123 4203 duo
1142 4148 1340 4201 Paradosorum
1353 4142 1409 4195 Co-

352 4240 439 4304 dices,
458 4258 528 4290 unus
548 4239 697 4309 Lipsiensis,
717 4240 784 4293 atter
802 4240 879 4293 amici
902 4240 1048 4293 cuiusdam.
1086 4240 1115 4291 ln
1136 4239 1224 4309 priore
1244 4246 1294 4289 est:
1314 4234 1407 4302 Atque

352 4338 384 4379 ut
404 4329 433 4379 in
451 4343 550 4398 inagna
565 4327 679 4398 familia
699 4329 847 4381 stultorum
866 4328 916 4379 olii
934 4337 997 4379 sunt
1017 4328 1147 4379 lautiores
1171 4326 1264 4393 (supra
1288 4320 1334 4373 lin.
1362 4319 1406 4384 do,

352 4426 382 4467 ut
402 4414 513 4468 soluisse
532 4414 651 4469 videatur
667 4428 804 4470 corrector
822 4416 1003 4481 laudatiores)
1035 4425 1066 4467 ut
1097 4412 1148 4465 sibi
1176 4410 1302 4462 videntur
1326 4409 1406 4475 servi,

353 4503 401 4555 sed
419 4512 484 4555 sunt
505 4502 634 4569 (deletum
653 4514 690 4557 est
712 4516 793 4570 sunt,
822 4516 846 4557 et
872 4524 952 4576 supra
972 4504 1068 4557 lineam
1094 4509 1154 4571 post
1176 4498 1306 4550 atrienses
1332 4495 1404 4567 posi·
