3517 5450
364 725 437 800 272
686 749 858 809 rensuum
885 748 1079 798 erorcouou.

433 910 504 962 nihii
520 910 649 979 oppetit,
667 909 746 978 nibil]
773 906 887 962 Confert
906 909 966 963 ΑΜ.
993 908 1068 963 Man.
1094 907 1234 963 Horatium
1255 909 1319 982 [Ep.
1338 911 1357 977 Ι,
1379 914 1410 979 1.]

362 1001 412 1054 462
439 997 518 1068 Quod
533 997 604 1049 sotis
622 1005 678 1061 est,
697 997 743 1048 cui
759 996 906 1068 contingit,
925 996 1022 1047 nibil
1039 995 1193 1065 amplius
1211 1007 1324 1066 optet.
1359 997 1411 1050 Mr.

434 1086 550 1138 Animus
567 1093 672 1154 oportet
697 1093 763 1135 tuus
785 1094 819 1135 te
843 1085 945 1136 iudicet
966 1085 1086 1151 divitem]
1126 1082 1242 1154 „inepte
1269 1083 1368 1155 iegitur
1387 1105 1411 1137 se

361 1173 462 1224 iudicet
484 1173 592 1223 divitem
612 1172 639 1223 in
658 1171 785 1223 omnibus
803 1170 974 1224 editionibus.
1011 1171 1126 1225 Animae
1145 1172 1253 1226 divitiae
1279 1184 1343 1227 sunt
1365 1174 1411 1226 rir-

362 1272 438 1327 tutes,
451 1279 514 1322 ¹nou
533 1257 710 1330 possessiones
727 1269 754 1311 et
771 1258 918 1326 facultates,
939 1259 972 1313 de
993 1259 1092 1330 quibus
1109 1258 1153 1313 bic
1171 1259 1270 1330 agitur.
1309 1259 1412 1332 Optime

361 1347 524 1401 pithoeanus
542 1357 568 1398 et
586 1345 652 1399 alius
669 1345 746 1398 cuius
764 1358 886 1417 excerpta
907 1367 989 1418 penes
1009 1367 1051 1400 me
1069 1357 1146 1402 eunte
1169 1348 1291 1400 Animus
1317 1361 1412 1418 oportet

361 1445 427 1487 tuus
446 1445 479 1486 te
497 1434 597 1486 iudicet
617 1434 735 1484 divitem.
772 1431 800 1485 si
816 1434 908 1486 animo
922 1434 994 1487 dives
1007 1453 1044 1501 es,
1063 1454 1093 1488 re
1111 1455 1172 1488 vera
1191 1435 1266 1489 dives
1284 1456 1322 1502 es,
1340 1438 1410 1491 etiam

361 1525 389 1577 in
417 1523 587 1575 fortunarum
615 1521 807 1575 mediocritate.
856 1521 951 1575 Paullo
970 1533 1030 1594 post
1055 1522 1164 1594 quidem
1194 1523 1274 1578 dicite
1301 1525 1410 1578 Animus

361 1611 474 1662 bominis
493 1610 579 1666 dives,
598 1627 651 1661 non
668 1626 748 1672 orco,
764 1607 899 1678 appellari
916 1610 1005 1671 solet;
1030 1611 1075 1663 sed
1094 1609 1146 1665 boc
1163 1621 1217 1666 esta
1235 1612 1258 1666 is
1276 1611 1359 1667 borno
1375 1613 1411 1666 di·

361 1717 404 1750 ves
422 1698 534 1763 dicitur,
553 1697 629 1750 cuius
645 1695 752 1749 animus
770 1714 831 1747 eum
851 1695 952 1750 iudicat
971 1697 1079 1751 divitem
1097 1718 1168 1766 esse,
1188 1711 1358 1755 ,merentum
1375 1701 1409 1766 iis,

361 1805 430 1858 quae
449 1783 591 1857 possidet.“
610 1783 790 1838 Graevius.
837 1789 893 1849 „Te
916 1784 1023 1838 Graevii
1048 1786 1163 1841 Codices
1181 1799 1208 1842 et
1228 1789 1307 1860 regii.
1349 1789 1410 1842 Vui-

360 1874 414 1947 gati
435 1873 562 1926 mendose
586 1891 620 1925 se
644 1873 774 1924 iudicet.“
799 1872 942 1927 Lailem.
984 1873 1135 1929 Bentleiuse
1164 1876 1287 1929 Animus
1313 1888 1409 1947 oportet

360 1974 427 2016 tuus
445 1973 479 2014 ts
496 1962 507 2012 i
513 1962 558 2013 nd
563 1961 634 2013 icet
653 1961 770 2013 divitem.
807 1959 966 2030 Borgersius
979 1973 1071 2016 contra
1085 1961 1245 2016 Graevium:
1266 1964 1341 2032 „Nos
1353 1983 1407 2019 curn

359 2050 426 2107 Ero.
445 2062 471 2105 et
499 2049 623 2104 Schiiteio
650 2059 758 2101 tuemur
775 2065 812 2100 ss.
863 2048 953 2101 Verba
972 2051 1090 2102 Animus
1116 2060 1183 2102 tuus
1207 2062 1317 2121 oportet
1335 2071 1362 2104 se
1378 2082 1407 2094 -

360 2151 440 2198 tuoe,
468 2158 537 2210 quae
565 2157 625 2189 mor
654 2136 745 2207 paucis
764 2146 924 2206 repetuntur
948 2139 1066 2190 Animus
1092 2139 1208 2191 bominis
1227 2169 1264 2180 -
1284 2141 1407 2210 appellari

358 2229 441 2293 soter,
461 2227 600 2280 continent
620 2234 808 2295 argumentum
836 2225 890 2277 sive
916 2225 1016 2291 thesin,
1047 2245 1127 2297 quam
1154 2225 1182 2279 in
1211 2226 1264 2282 bac
1290 2229 1405 2296 exercita·

358 2319 431 2370 tione
451 2314 616 2387 probandam
636 2312 685 2365 sibi
703 2311 796 2365 sumsit
811 2322 916 2366 oratore
945 2314 1068 2366 Divitias
1095 2332 1176 2366 ueros
1206 2334 1262 2367 non
1280 2317 1308 2367 in
1335 2334 1406 2385 pecu·

358 2405 420 2456 niue
439 2401 640 2474 magnitudine,
655 2400 746 2452 sedin
764 2399 852 2450 animo
871 2410 996 2452 contento
1015 2420 1071 2453 esse
1089 2402 1167 2455 sitos.
1215 2402 1327 2471 Quibus
1344 2404 1405 2476 posi·

359 2494 407 2558 tis,
424 2502 454 2545 ut
471 2491 498 2543 in
517 2489 574 2542 aiiis
592 2487 751 2553 Paradosis,
770 2486 847 2558 fingit
865 2487 914 2540 sibi
935 2488 1132 2556 adversarium,
1162 2509 1246 2562 quern
1262 2492 1403 2565 'repreben-

357 2580 410 2645 dat,
428 2579 557 2650 cuiusque
575 2576 696 2630 ariditate
716 2575 844 2647 pecuniae
863 2574 931 2627 iilud
950 2575 1062 2631 efficiat:
1082 2578 1135 2630 nisi
1154 2579 1203 2650 qui
1219 2590 1364 2633 contentus
1375 2581 1405 2632 sit

358 2667 436 2719 rebus
454 2668 527 2732 suis,
554 2684 610 2717 esse
629 2664 736 2715 divitem
763 2663 900 2716 neminem.
941 2664 1062 2718 Pertinet
1089 2665 1171 2737 igitur
1196 2686 1226 2719 se
1254 2668 1288 2720 ad
1318 2669 1405 2723 thesin:

357 2755 476 2826 reliquae
494 2754 626 2808 secundae
647 2771 775 2823 personae
793 2751 827 2804 ad
848 2752 1039 2808 adversarium.
1076 2755 1164 2823 Vitio,
1192 2770 1289 2812 nostro
1307 2761 1404 2832 quiden

357 2844 500 2908 arbitratu,
519 2860 610 2895 ansam
631 2841 704 2893 dedit
722 2841 870 2912 inscriptio,
890 2861 971 2913 quam
993 2862 1027 2895 ne
1047 2842 1108 2897 buic
1127 2844 1269 2900 Paradoxo
1287 2850 1405 2920 appione·

359 2933 393 2985 rit
410 2930 503 2984 fatsam
527 2929 651 2983 librarius
677 2929 846 2982 vehementer
873 2949 1004 2985 veremur.
1052 2931 1175 2984 Primum
1206 2935 1282 2987 enirn
1308 2937 1336 2989 in
1361 2949 1404 2991 tou

357 3019 534 3091 disputatione
548 3017 621 3070 nulia
639 3016 669 3069 sn
687 3017 788 3070 mentio
805 3018 956 3087 sapientis‚·
975 3018 1072 3071 deinde
1091 3021 1180 3073 omnis
1198 3006 1287 3090 oratio
1306 3024 1334 3077 in
1353 3043 1403 3077 eun

358 3108 445 3179 potius
464 3105 567 3159 videtur
585 3103 763 3171 consedendo,
784 3104 830 3177 qui
848 3106 937 3159 omnis
958 3109 1150 3180 temperantiae
1169 3110 1202 3163 sit
1213 3130 1318 3183 expers.
1338 3114 1404 3168 Cori.

357 3215 433 3249 mox:
452 3194 499 3265 qui
515 3192 720 3245 innumeradiles
740 3194 905 3262 cupiditates
922 3195 1013 3250 babet.
1043 3197 1259 3269 'inscriptionem
1279 3202 1362 3274 igitur
1376 3203 1404 3255 sic

358 3283 530 3355 refingamus:
549 3276 590 3333 ire
608 3280 685 3342 μόνος
703 3276 716 3332 o‘
736 3275 876 3351 σώφρων
895 3282 1025 3342 πλούσιος.
1071 3283 1188 3338 Animus
1214 3290 1290 3342 enirn
1310 3290 1404 3361 cupidi·

357 3384 422 3426 tates
440 3371 559 3438 cobibet,
588 3370 695 3441 suisque
713 3369 793 3421 rebus
812 3378 849 3421 est
867 3380 1024 3436 contentus,
1046 3373 1108 3443 quia
1128 3391 1156 3425 se
1174 3374 1278 3430 iudicat
1297 3377 1402 3431 divitem.

356 3460 438 3529 Quod
457 3460 562 3531 egregie
582 3459 605 3511 b.
623 3458 641 3510 l.
666 3458 787 3528 probavit
812 3455 917 3509 Cicero.
963 3458 1006 3511 De
1036 3464 1216 3529 temperantia
1245 3464 1298 3518 rid.
1321 3466 1403 3518 Tusce

357 3550 390 3613 V,
410 3552 453 3601 14.
471 3561 497 3601 et
515 3547 600 3601 Sturz.
619 3546 679 3598 Lex.
699 3545 823 3617 Xenopb.
843 3566 866 3599 v.
885 3545 1045 3619 σωφροσύνη.
1081 3550 1175 3603 Tbesis
1192 3551 1356 3626 deprompta
1374 3566 1402 3608 est

356 3656 384 3689 er
405 3636 473 3688 Xen.
498 3634 590 3706 Symp.
608 3633 654 3700 tV‚
673 3637 721 3689 34:
747 3636 771 3685 ot
795 3632 933 3705 ἅνθρωποι
957 3634 1001 3688 ou‘n
1026 3641 1052 3689 ἓν
1076 3641 1115 3706 τῷ
1139 3642 1200 3708 οἴκῳ
1228 3638 1276 3693 ade
1302 3645 1402 3696 πλοῦτον

357 3729 401 3774 καὶ
417 3721 466 3792 τήν
483 3731 571 3777 πενίαν
588 3726 702 3789 iberico,
721 3718 779 3773 ἀλλ’
797 3725 823 3773 ir
840 3735 901 3781 ταῖς
920 3729 1045 3790 ψυχαῖς.“
1081 3725 1142 3779 Mr.

428 3821 454 3860 te
472 3811 582 3879 iudicet]
620 3810 681 3877 „Ab
700 3830 728 3863 se
746 3811 861 3863 iudicet:
890 3812 963 3883 quod
982 3833 1045 3866 sane
1073 3814 1161 3885 aptius
1185 3828 1267 3883 esset,
1295 3816 1345 3871 nisi
1369 3835 1401 3869 se·

357 3908 496 3969 queretur,
516 3898 650 3949 bominum
668 3916 767 3963 sermo,
784 3909 811 3951 et
827 3902 1005 3969 possessiones
1024 3907 1117 3955 tuae.“
1153 3905 1253 3960 Face.

428 3986 545 4038 Animus
563 3993 666 4054 oportet
685 3996 752 4038 tuus
770 3996 804 4037 te
821 3986 935 4052 iudicet]
972 3986 1084 4043 Habent
1097 4001 1124 4042 te
1150 3992 1217 4045 Orx.
1235 3992 1267 4046 E.
1286 3993 1307 4048 Ι.
1326 3994 1357 4047 N.
1373 3989 1399 4043 U.

357 4076 415 4127 Cre.
437 4078 463 4127 1.
480 4076 505 4129 3.
529 4078 553 4125 2.
580 4073 637 4143 (bic
665 4074 816 4145 praeposito
842 4074 957 4141 iudicet)
985 4074 1057 4130 Gud.
1076 4077 1110 4131 A.
1136 4078 1255 4136 Dresdd.
1283 4081 1400 4153 quinque,

356 4162 423 4216 Edd.
435 4162 530 4215 Graev.
544 4160 612 4215 Oliv.
631 4162 674 4231 (ut
692 4161 756 4216 dicit
771 4162 890 4227 Gernb.;
909 4175 935 4217 et
952 4175 991 4217 est
1008 4165 1119 4219 sortasse
1136 4167 1222 4221 sicin
1241 4167 1341 4223 Oliveti
1359 4166 1398 4219 Ed.

355 4252 437 4306 Paris.
463 4250 502 4305 vel
531 4250 648 4317 Genev.;
678 4252 707 4304 in
735 4264 823 4306 nostra
852 4251 980 4305 Patavina
1008 4267 1047 4307 est
1072 4252 1115 4323 se)
1141 4254 1248 4310 Gernb.
1271 4256 1323 4311 Or.
1339 4254 1398 4308 Hub-

356 4338 486 4394 Ochsner.
514 4339 547 4393 ad
572 4338 644 4393 Otiv.
672 4338 784 4412 Eciogg.
812 4339 869 4395 Cic.
891 4363 916 4414 p.
931 4344 992 4396 att.
1017 4341 1058 4395 ed.
1073 4344 1099 4396 3.
1124 4345 1171 4415 qui
1197 4343 1291 4399 laudat
1316 4347 1398 4398 Senec-

356 4426 463 4482 Consob
483 4431 516 4483 ad
534 4425 608 4483 Helv.
625 4434 668 4495 1¹,
686 4434 718 4485 ti:
752 4432 871 4484 Animus
889 4442 944 4497 est,
969 4431 1016 4503 qui
1033 4432 1132 4485 diuites
1145 4435 1226 4506 facit
1246 4465 1279 4477 -
1296 4432 1399 4506 pecunia

356 4514 425 4566 nibil
442 4518 479 4567 od
495 4518 613 4571 animum
627 4521 755 4590 pertinet.
793 4521 919 4574 Ceterum
938 4520 1036 4592 legitur
1053 4532 1128 4591 optet
1147 4523 1176 4577 in
1186 4523 1239 4580 Ed.
1249 4524 1398 4582 Ventus,
