3517 5450
696 730 737 775 m
761 729 957 776 ranluoxon
978 730 1022 792 vr,
1051 725 1074 772 r.
1339 706 1411 781 363

360 890 533 942 annotatione
562 888 594 940 ad
621 907 642 941 v.
670 887 834 942 recordetur,
883 887 953 940 Cum
982 906 1044 941 sero
1068 888 1226 960 Borgersius
1253 889 1413 943 simillimam

360 975 500 1047 errallagen
520 993 549 1027 es
568 974 618 1029 Or.
636 974 702 1027 Phil.
721 975 753 1040 ΙΙ,
772 978 816 1029 16.
843 974 990 1029 laudaverit
1018 995 1131 1048 eamque
1160 977 1295 1030 defensam
1326 997 1413 1032 essea

360 1064 509 1118 Garatonio
528 1065 561 1116 ad
581 1082 642 1116 eum
661 1063 750 1117 locum
771 1063 878 1130 dixerit,
911 1063 964 1117 huc
982 1063 1195 1117 translerendum
1220 1064 1295 1116 illum
1324 1064 1413 1118 locum

360 1172 418 1206 cum
440 1152 615 1205 annotatione
635 1151 770 1217 duximus,
794 1161 839 1216 ut,
866 1171 935 1221 quae
954 1151 1007 1206 huc
1025 1151 1139 1217 saciant,
1169 1151 1279 1207 collecta
1300 1151 1414 1207 babeant

359 1239 478 1293 lectores.
515 1240 600 1293 Locus
620 1251 670 1292 est:
693 1239 778 1293 Velim
797 1239 861 1290 inihi
880 1240 914 1290 di
923 1260 998 1306 cas,
1016 1270 1051 1280 —
1069 1245 1102 1295 It.
1126 1240 1264 1292 Turselius
1284 1260 1339 1312 qua
1360 1243 1412 1313 sa-

357 1329 394 1379 cie
407 1329 518 1399 fuerit,
540 1358 581 1380 -.
626 1327 704 1379 Nihil
721 1328 792 1392 seio,
811 1328 967 1398 inquies,
992 1328 1045 1380 nisi
1062 1346 1131 1399 quae
1146 1328 1260 1398 praedia
1279 1327 1413 1383 habuerit.

358 1417 450 1486 Igitur
463 1416 586 1486 fratrem
602 1416 784 1482 exheredans,
804 1425 837 1466 te
849 1414 976 1485 faciebat
995 1416 1124 1469 heredem.
1161 1421 1196 1467 In
1214 1414 1316 1467 multas
1331 1432 1412 1484 prae-

356 1514 431 1556 terea
447 1503 578 1572 pecunias
597 1503 820 1555 alienissimorum
840 1504 983 1567 hominurn,
1001 1504 1094 1556 eiectis
1108 1503 1179 1555 veris
1197 1501 1337 1554 heredibus
1348 1511 1412 1553 tan·

357 1609 438 1659 quarn
459 1591 535 1641 heres
554 1601 663 1654 esset,
681 1593 691 1641 i
697 1594 827 1645 nonsit.
871 1594 1041 1663 Quamquam
1060 1591 1109 1643 hoc
1127 1591 1241 1642 maxime
1259 1591 1411 1643 admiratus

355 1697 431 1741 suar,
451 1679 607 1729 mentionem
626 1689 660 1729 te
679 1679 861 1732 hereditatum
879 1697 977 1732 ausum
995 1697 1051 1731 esse
1058 1679 1171 1748 facere,
1189 1696 1271 1749 quum
1288 1678 1345 1748 ipse
1363 1678 1410 1729 he-

356 1767 501 1818 reditatem
516 1767 607 1835 patris
625 1786 677 1819 non
696 1768 842 1820 adisses.
893 1767 949 1820 lloc
980 1766 1061 1837 igitur
1078 1766 1139 1820 loco
1163 1765 1344 1837 Heusingerus
1361 1765 1411 1834 (lo.

355 1853 466 1923 utica),
486 1853 519 1905 ab
538 1852 697 1908 Heumanno
717 1855 844 1920 monitus,
871 1854 1013 1926 legendum
1033 1852 1149 1907 censuit:
1176 1863 1308 1924 tanquam
1336 1853 1412 1903 heres

355 1961 464 2009 asses,
483 1943 667 1996 invasisti.
706 1943 747 1995 Ad
767 1962 848 2016 quarn
868 1942 1050 1996 coniecturam
1071 1939 1246 2004 Garatouius,
1275 1938 1349 2006 „sic
1370 1937 1413 1989 in-

356 2031 431 2101 quit,
451 2029 552 2084 solebat
570 2031 759 2084 Heumannus:
787 2031 831 2085 sed
852 2031 936 2084 miror
955 2029 1093 2102 prudentis
1111 2028 1157 2081 viri
1185 2026 1317 2082 calculum
1337 2025 1413 2079 addi·

357 2127 423 2169 tum.
469 2116 538 2170 Huic
568 2118 675 2172 criticae
701 2119 840 2173 temeritati
870 2119 923 2171 iam
952 2137 1001 2171 nos
1029 2134 1172 2171 occurrere
1190 2113 1360 2168 meminimus
1378 2113 1411 2166 ad

356 2222 380 2256 a.
400 2207 443 2259 st.
463 2205 491 2256 in
511 2206 650 2272 Pisonem,
676 2207 721 2259 ubi
742 2206 807 2260 vide.
852 2207 980 2260 Similiter
1006 2223 1085 2277 supra
1111 2222 1170 2274 cap.
1190 2208 1219 2257 t:
1245 2201 1312 2253 tibi
1336 2204 1412 2258 idem,

357 2295 430 2364 quod
448 2294 504 2346 illis
522 2295 636 2358 accidit,
666 2295 828 2365 contigisset.
875 2296 924 2349 Ad
941 2294 1110 2364 sepulturam
1136 2310 1231 2360 corpus
1249 2290 1339 2342 vitrici
1358 2291 1412 2342 sui

357 2393 467 2453 negat
487 2402 503 2432 u
524 2401 563 2433 me
581 2383 686 2438 datum.
737 2385 797 2433 Hoc
816 2401 878 2434 vero
907 2400 939 2433 ne
956 2385 988 2433 Ρ.
1015 2380 1120 2453 quidem
1139 2378 1246 2431 Clodius
1271 2377 1341 2429 dixit
1359 2396 1412 2428 un·

358 2489 454 2542 quant:
475 2490 563 2542 prtem,
590 2470 655 2541 quia
673 2470 732 2521 iure
750 2470 797 2538 fui
815 2471 839 2520 ei
856 2471 995 2527 inimicus,
1024 2469 1098 2521 doleo
1116 2487 1134 2519 a
1152 2477 1185 2518 te
1211 2466 1266 2517 iarn
1291 2463 1410 2517 omnibus

357 2557 433 2608 vitiis
450 2576 506 2609 esse
523 2567 689 2626 superatum.
726 2554 791 2609 ltem
811 2557 881 2609 inlra
903 2575 926 2612 c.
945 2560 988 2612 31.
1006 2575 1069 2628 ergo
1087 2567 1119 2607 ut
1138 2565 1165 2607 te
1183 2556 1342 2607 catamitum
1360 2565 1409 2608 etc.

355 2645 596 2714 perturbasti.
646 2650 685 2698 Et
713 2647 783 2698 dorni
812 2646 917 2718 quidem
944 2664 1054 2697 causum
1082 2645 1180 2696 amoris
1205 2642 1333 2694 habuit
1359 2652 1408 2696 etc.

354 2734 505 2803 productus
524 2746 614 2786 autem
633 2746 682 2789 etc.
701 2754 761 2787 cum
780 2735 973 2805 respondisses,
998 2746 1027 2786 te
1043 2734 1082 2786 rei
1108 2746 1174 2786 tuae
1196 2750 1282 2784 causa
1305 2731 1407 2783 venisse

357 2834 407 2876 etc.
443 2823 498 2874 Pro
515 2822 551 2891 Q
569 2823 666 2877 Roscio
686 2827 718 2878 1:
746 2824 820 2893 Quid
845 2825 888 2875 ita
908 2843 960 2876 non
976 2820 1143 2895 profers?
1169 2839 1224 2873 non
1251 2819 1408 2890 conficit

357 2910 490 2963 tabulas?
519 2913 571 2963 imo
587 2911 797 2983 diligentissime.
836 2913 897 2964 Non
924 2911 1038 2982 refert
1054 2928 1143 2980 parva
1162 2909 1269 2960 nomina
1288 2910 1317 2958 in
1336 2908 1409 2959 codi-

357 2998 434 3050 cem?
452 3010 501 3052 etc.
525 3000 655 3070 quomoda
671 2999 739 3051 tibi
758 3010 839 3053 tanta
853 2999 970 3071 pecunia
987 2997 1205 3050 extraordinaria
1224 2995 1318 3047 iacet?
1354 2995 1408 3047 Sed

356 3087 446 3139 omnia
473 3085 624 3139 huiusmodi
651 3089 775 3161 persequi
800 3088 912 3161 longum
939 3088 1032 3141 esset.“
1087 3084 1168 3139 Addit
1193 3082 1409 3137 Wernsdorsrus:

355 3174 503 3240 „Ernestus
521 3185 547 3227 et
563 3173 700 3228 Scbiiteius
725 3177 858 3231 immerito
880 3174 1033 3230 Heumauni
1052 3174 1233 3229 coniecturam
1253 3174 1409 3246 probarunt.

355 3262 405 3316 llic
424 3262 503 3314 etiam
521 3281 579 3314 eam
601 3263 629 3316 in
650 3274 746 3317 textum
767 3266 894 3335 recepit.“
931 3264 992 3315 Non
1012 3263 1113 3333 recepit
1131 3262 1257 3316 Orellius.

428 3350 509 3419 Quod
530 3363 618 3405 autem
636 3371 710 3405 suam
730 3352 762 3404 ad
782 3351 831 3405 Or.
850 3351 878 3404 in
897 3350 987 3404 Pison.
1006 3368 1029 3403 c.
1047 3352 1092 3403 31.
1140 3348 1303 3403 Garatonius
1320 3348 1409 3403 laudat

356 3439 572 3505 annotationem,
598 3460 627 3493 ea
654 3440 783 3494 eiusmodi
802 3450 848 3492 est.
894 3437 965 3491 Dicit
991 3435 1087 3490 Cicero
1105 3434 1129 3507 5.
1151 3440 1199 3490 te:
1228 3441 1264 3486 Te
1282 3437 1408 3505 (respon-

355 3526 429 3595 disti)
455 3546 508 3579 non
525 3546 581 3579 esse
600 3538 657 3579 tam
670 3528 787 3599 fortem,
814 3545 895 3599 quarn
920 3528 977 3595 ipse
1002 3524 1180 3597 [Torquatus]
1206 3523 1236 3574 in
1263 3521 1407 3574 consulatu

350 3616 470 3686 suisset,
489 3624 539 3668 aut
557 3634 622 3687 ego:
642 3645 676 3656 —
694 3636 733 3668 me
750 3635 826 3686 posse
844 3617 943 3667 iterum
959 3632 1013 3666 rem
1030 3613 1165 3684 publicam
1180 3627 1298 3677 servare,
1315 3610 1339 3660 si
1351 3626 1408 3660 ces-

355 3704 461 3755 sissem:
481 3731 516 3743 -
535 3703 628 3758 deinde
646 3704 685 3754 ad
700 3715 861 3769 extremum,
879 3723 964 3776 neque
982 3722 1030 3768 se,
1057 3720 1141 3774 neque
1159 3716 1299 3772 generum,
1322 3715 1406 3768 neque

355 3790 483 3861 collegam
502 3808 599 3842 suum
618 3791 827 3862 tribunoplebis
846 3792 1015 3862 defuturum.
1059 3792 1114 3844 Hic
1132 3798 1170 3840 tu
1189 3787 1275 3839 hostis
1293 3804 1326 3836 cc
1342 3803 1407 3855 pru-

354 3878 427 3928 ditor
445 3877 509 3929 aliis
527 3897 565 3929 me
584 3880 769 3938 inimiciorem,
796 3898 876 3952 quam
904 3880 934 3931 ti
942 3879 991 3944 bi,
1018 3877 1109 3930 debere
1132 3895 1189 3929 esse
1215 3872 1328 3927 dicis?
1365 3872 1406 3924 Ad

353 3964 419 4017 haec
438 3963 614 4019 Garatonius:
633 3967 742 4033 „Facile
761 3966 819 4021 heic
837 3978 903 4022 esset
915 3967 1004 4021 dicam
1017 3965 1131 4020 librariis
1149 3963 1264 4019 scribere
1276 3974 1302 4017 et
1313 3980 1407 4015 emen-

355 4052 432 4104 dare:
452 4070 534 4123 neque
555 4064 599 4117 te,
618 4073 702 4126 neque
718 4075 859 4127 generum,
877 4074 961 4128 neque
980 4054 1108 4125 collegam
1126 4064 1237 4119 tuum,
1263 4062 1292 4104 ut
1310 4048 1404 4101 similia

354 4139 419 4191 haec
446 4138 540 4193 sterent
563 4141 759 4211 superioribus,
792 4164 915 4216 unusque
940 4154 1018 4197 tenor
1043 4141 1201 4194 Pisonianae
1228 4137 1407 4208 responsionis

354 4228 492 4281 exsisteret.
535 4226 588 4280 Sed
608 4230 723 4284 notanda
743 4231 831 4303 potius
849 4243 887 4285 est
905 4249 1034 4302 personae
1053 4228 1178 4291 mutatio,
1207 4244 1275 4297 quae
1301 4223 1406 4275 aLati·

354 4335 451 4368 norum
470 4317 663 4370 consuetudine
682 4340 737 4372 non
757 4320 891 4374 abhorret.
937 4318 973 4372 Ut
993 4318 1051 4371 heic
1071 4337 1085 4368 a
1105 4314 1221 4368 secunda
1241 4312 1273 4364 ad
1293 4311 1406 4374 tertiam,

353 4406 421 4458 sica
443 4405 517 4458 tertia
538 4405 569 4457 ad
589 4407 732 4461 secundam
752 4411 839 4464 oratio
857 4409 1021 4464 convertitur
1040 4408 1150 4476 cap-33.
1164 4413 1289 4467 extremo,
1308 4400 1404 4452 iterum
1439 4470 1450 4488 ·

353 4504 440 4544 antem
461 4514 474 4546 a
495 4494 610 4547 secunda
630 4496 662 4548 ad
682 4498 784 4551 tertiam
804 4499 890 4570 capite
911 4502 954 4552 41.
999 4496 1067 4547 Vide
1095 4494 1182 4545 locum
1209 4487 1327 4541 Terentii
1354 4486 1408 4538 lle·
