3517 5450
772 737 976 789 reconstruit.
1360 725 1407 798 17

357 907 407 950 tum
438 913 519 951 causa
546 895 612 950 baec
641 895 776 952 Paradoxa
805 899 1007 970 conscripsisse,
1040 911 1068 955 ut
1095 910 1258 974 acceperunt
1288 904 1411 959 nonnulli

356 983 520 1055 interpretes,
558 983 665 1038 Dicitur
682 985 755 1038 enim
773 985 866 1038 ludere
892 987 925 1039 de
950 987 1135 1043 exercitatione
1159 1009 1313 1058 armerum,
1342 1012 1363 1045 v.
1388 1011 1412 1048 c.

355 1072 379 1126 in
402 1089 504 1143 campo
533 1071 645 1138 Martio,
671 1073 742 1144 apud
767 1071 824 1127 Cic.
849 1072 884 1126 de
912 1071 970 1127 Off.
988 1074 1009 1141 l,
1027 1079 1072 1130 ²9.
1096 1087 1123 1130 et
1148 1077 1289 1133 Horatium
1317 1080 1350 1134 ele
1377 1081 1411 1135 A.

354 1160 380 1214 Ρ.
403 1163 474 1216 319ι
503 1161 595 1212 ludere
629 1162 676 1232 qui
702 1163 803 1227 nescit,
834 1163 1026 1231 campestribus
1055 1163 1173 1218 abstinet
1204 1168 1295 1222 amris.
1342 1168 1413 1225 Hinc

354 1250 432 1303 ludus
461 1249 543 1304 etiam
569 1248 667 1303 dicitur
694 1248 784 1303 ecbola
813 1247 1004 1317 Grammatici‚
1035 1250 1174 1320 Rhetoris,
1207 1254 1271 1308 item
1300 1254 1411 1312 Gladia-

354 1346 439 1393 torum
465 1348 494 1392 et
511 1333 655 1392 Palaestra.
687 1337 808 1389 Conieci:
827 1335 871 1392 bic
889 1339 1041 1409 exquisitius
1059 1341 1156 1395 elicitur
1180 1361 1231 1414 pro
1255 1345 1410 1417 conscripsi,

353 1426 488 1482 distribui:
519 1425 557 1480 sic
589 1443 639 1497 pro
665 1425 835 1480 conscribere
867 1426 968 1480 dicitur
991 1429 1117 1482 coniicere
1140 1430 1170 1482 in
1194 1428 1327 1485 chartam:
1353 1438 1410 1486 La-

352 1535 393 1570 cus
412 1526 506 1569 autem
524 1526 563 1569 est
587 1533 664 1587 pars,
689 1525 779 1586 caput,
803 1529 978 1587 praeceptum
1002 1517 1115 1573 alicuius
1142 1519 1288 1574 doctrinae.
1334 1520 1410 1575 Dici-

352 1603 438 1659 turin
459 1601 602 1657 dialectice
626 1612 653 1657 et
670 1602 802 1657 rhetorica
826 1605 979 1677 argumenti
1003 1606 1095 1673 sedes,
1123 1607 1195 1661 unde
1219 1607 1409 1665 demonstratio

352 1690 460 1746 alieuisu
478 1691 625 1746 sententiae
643 1691 757 1762 petenda
777 1702 822 1744 est.
867 1693 910 1746 De
929 1691 968 1747 bis
985 1692 1052 1748 locis
1071 1693 1225 1749 Aristoteles
1242 1694 1346 1768 scripsit
1363 1718 1410 1750 ro-

351 1777 426 1848 meri,
444 1791 472 1836 et
491 1779 549 1834 eius
567 1780 715 1834 imitatione
733 1781 838 1836 Cicero.
876 1784 1029 1834 Communes
1047 1782 1110 1836 dicti
1128 1793 1199 1849 sunt,
1219 1783 1281 1855 quia
1300 1785 1408 1838 unirer-

350 1866 410 1923 sales
429 1879 457 1924 et
475 1867 567 1923 multis
587 1868 672 1923 musis
690 1869 944 1942 quaestionibusque
962 1888 1119 1926 communes
1137 1882 1207 1938 sunt,
1230 1892 1251 1924 v.
1270 1890 1294 1926 c.
1313 1873 1346 1926 ‹le
1364 1893 1408 1926 re-

349 1956 459 2031 igione,
478 1958 513 2011 sle
529 1975 623 2011 amore
640 1956 750 2028 patriae,
773 1957 862 2028 legum
881 1956 1063 2025 observantia,
1083 1959 1197 2029 quaein
1216 1976 1326 2013 omnem
1344 1979 1407 2013 ora-

348 2045 446 2100 tionem
466 2045 577 2101 cadunt.
623 2043 679 2100 Cic
696 2045 725 2099 in
745 2044 822 2098 Orat.
841 2047 885 2098 bb.
907 2044 943 2096 ita
962 2061 1008 2097 eos
1027 2045 1162 2099 describit:
1189 2047 1242 2097 loci
1258 2065 1407 2100 communes

337 2135 479 2206 ,appellati
496 2128 580 2198 suni,
598 2134 670 2205 quod
687 2134 814 2186 videntur
831 2131 981 2185 multarum
1004 2132 1084 2183 iidem
1103 2151 1160 2186 esse
1179 2151 1334 2187 causarum.
1364 2134 1406 2188 Cf.

350 2222 380 2278 itl.
397 2221 432 2276 de
450 2222 553 2275 lucent.
571 2221 604 2288 ll,
624 2224 673 2274 tt:
693 2220 738 2288 [ad
756 2239 838 2292 quern
856 2219 948 2273 locum
967 2220 1018 2274 vid.
1037 2232 1129 2274 annot.
1146 2231 1228 2275 nostr.
1239 2221 1268 2275 in
1286 2223 1406 2278 versione

350 2328 439 2365 earum
459 2309 594 2364 librorum
612 2310 781 2381 germanica:
801 2308 901 2380 stuttg.
918 2311 999 2364 1837.
1016 2329 1043 2380 p.
1053 2310 1146 2377 3065]
1181 2308 1257 2364 llaec
1277 2330 1343 2383 ergo
1360 2331 1405 2366 ar·

350 2408 491 2470 gemente,
510 2415 581 2470 quae
599 2397 740 2452 transferri
760 2398 787 2451 in
806 2396 904 2450 multas
921 2415 1013 2450 causas
1032 2408 1158 2468 possunt,
1177 2408 1249 2452 recte
1266 2399 1319 2452 loci
1336 2419 1405 2454 com-

350 2505 436 2541 mines
462 2486 654 2559 appellantur.‘'
681 2484 788 2556 Ergo,
815 2484 888 2557 quod
914 2483 963 2538 aits
996 2485 1095 2536 corriwi
1121 2485 1188 2536 baec
1209 2485 1352 2554 paradoxa
1377 2489 1406 2540 in

351 2592 494 2628 conmunes
513 2576 600 2639 locas,
617 2574 689 2628 idem
708 2570 760 2640 est,
786 2591 818 2627 ac
837 2573 858 2626 si
876 2572 995 2627 dixisset:
1022 2571 1100 2625 retuli
1127 2571 1194 2625 baec
1219 2573 1350 2642 paradoxa
1376 2577 1405 2629 in

349 2661 415 2720 boos
437 2681 605 2729 communes,
623 2661 713 2736 prouti
731 2661 850 2716 rhetores
866 2662 931 2716 item
950 2661 1142 2716 sententiarum
1155 2671 1312 2731 argumenta
1328 2654 1404 2716 coin-
1464 2697 1467 2702 -

349 2754 469 2807 munibus
487 2752 555 2807 locis
571 2750 713 2824 complecti
727 2751 840 2806 solent.“
859 2750 965 2822 Wytt.
1001 2748 1044 2804 At
1059 2749 1216 2803 sententiam
1225 2750 1299 2805 verbi
1312 2751 1405 2804 ludere

351 2840 440 2897 ncic.
467 2842 502 2895 de
525 2839 577 2895 Or.
595 2840 629 2906 ll,
647 2846 693 2909 20,
710 2844 760 2895 84:
783 2840 837 2893 aad
853 2841 982 2904 videant,
1007 2840 1075 2912 quid
1096 2839 1196 2892 veiint:
1223 2839 1261 2890 ad
1284 2839 1404 2893 luden-

352 2926 474 2987 dumne,
493 2946 531 2981 an
546 2928 586 2979 ad
598 2929 778 3000 pugnandum
791 2946 868 2980 arma
887 2930 942 2981 sint
961 2926 1112 2997 sumpturi:
1130 2925 1210 2978 aliud
1223 2926 1292 2977 enim
1307 2945 1403 2999 pugna

351 3023 373 3066 e
387 3017 471 3080 acies,
490 3015 571 3067 aliud
588 3016 695 3068 ludus
712 3034 875 3088 campusque
897 3026 988 3069 noster
1006 3016 1158 3068 desiderat:
1178 3012 1227 3066 rel.
1273 3014 1315 3067 De
1338 3016 1402 3069 locis

352 3102 524 3155 communibus
546 3102 606 3156 virle
631 3102 778 3175 Apbthonii
809 3104 958 3175 Progymn.
985 3122 1008 3158 c.
1026 3107 1052 3158 ¹l.
1071 3122 1097 3175 p.
1108 3106 1161 3157 158
1179 3121 1238 3173 sqq.
1264 3101 1306 3155 ed.
1330 3102 1402 3175 Lips.

352 3192 426 3250 itte:
446 3190 624 3261 Hermogenis
636 3192 785 3263 Progymn.
795 3203 819 3246 c.
828 3196 852 3247 e.
866 3211 893 3264 p.
905 3194 940 3246 24
949 3211 1008 3264 sqq.
1026 3191 1068 3246 ed.
1080 3192 1294 3260 Veesenmeyer;
1311 3189 1403 3243 Tbeo-

353 3276 385 3332 nie
400 3280 550 3351 Progymn.
567 3297 591 3333 c.
602 3282 629 3332 ¹1.
639 3281 707 3349 plia
714 3298 773 3350 sqq.
784 3278 825 3332 ed.
834 3277 946 3333 Finclb.
957 3298 984 3351 p.
992 3281 1027 3333 st
1033 3297 1093 3350 sqq.
1104 3277 1146 3329 ed.
1157 3276 1229 3329 Dan.
1237 3273 1327 3329 licias.
1343 3275 1401 3329 Mn.

411 3368 488 3437 (luae
507 3367 573 3439 quia
591 3367 669 3434 sunt]
687 3364 758 3420 cod.
771 3364 864 3419 ΟΜ.
902 3369 1122 3437 Quaecunque
1140 3373 1222 3415 sunt:
1242 3362 1315 3415 unde
1334 3382 1401 3416 con·

353 3447 427 3520 licias,
448 3453 530 3507 fuisse
547 3451 577 3507 in
594 3452 678 3520 libro,
698 3472 779 3525 quem
798 3452 961 3507 describeret
978 3451 1102 3505 librarius
1118 3450 1241 3520 ineptus,
1269 3467 1401 3519 compen·

355 3536 525 3612 lioscriptum
537 3559 607 3612 quae
615 3542 779 3613 quoniam
790 3551 864 3605 sunt,
876 3540 950 3612 qued
959 3540 992 3594 ab
1005 3559 1037 3594 eo
1048 3556 1190 3611 perperam
1201 3537 1234 3590 sit
1245 3535 1354 3591 lectum.
1364 3565 1399 3576 -—

355 3626 416 3683 Voce
434 3629 608 3681 admirabilia
626 3627 706 3701 plane
726 3629 765 3685 sic
784 3648 848 3683 usus
866 3640 905 3683 est
932 3628 989 3683 Cic.
1014 3629 1047 3682 de
1072 3627 1151 3681 Finn.
1170 3626 1218 3694 lV,
1237 3628 1285 3679 27:
1322 3628 1399 3677 Haec

353 3712 476 3785 micae
493 3716 551 3781 itti,
568 3734 616 3769 nas
635 3716 808 3769 admirabilia
826 3717 956 3771 dicamus.
974 3716 1035 3770 llllr'.

409 3802 564 3871 Opinionem
582 3805 738 3871 omnium]
762 3803 950 3870 „Duodecim
976 3805 1140 3857 bominum.“
1176 3800 1250 3855 Ald.
1268 3800 1398 3855 Manut·

354 3882 405 3944 011.
421 3890 453 3945 E.
472 3890 492 3943 l.
509 3889 546 3943 U.
562 3908 591 3954 ψ.
609 3892 673 3946 item
692 3893 828 3944 bominum
845 3910 909 3945 cum
927 3890 987 3945 Cra.
1007 3894 1032 3944 1.
1052 3896 1077 3944 2.
1094 3890 1176 3944 Drsd.
1194 3894 1221 3943 2.
1247 3888 1278 3941 ln
1298 3887 1347 3941 Or.
1365 3888 1397 3942 N.

355 3979 543 4048 euopinionm
558 3980 743 4052 vulgarem
762 3981 893 4044 omnium,
921 3980 1006 4051 glossa
1024 3979 1052 4033 in
1079 3977 1209 4033 orationis
1231 3977 1327 4030 seriem
1353 3997 1398 4031 re·

354 4074 424 4135 cepta.
458 4068 490 4121 ln
508 4065 590 4121 Drsd.
599 4071 627 4123 4.
645 4071 672 4123 ll.
691 4078 729 4121 cst
748 4077 896 4139 contraque
909 4069 1045 4121 bominum
1055 4068 1202 4139 opinionem
1211 4086 1221 4126 ,·
1241 4066 1269 4119 in
1283 4064 1362 4118 Drsd.
1371 4068 1396 4119 1.

353 4161 373 4202 et
386 4166 476 4208 contra
495 4174 537 4225 ap.
556 4174 624 4211 omn.
641 4156 761 4228 itemque
779 4155 809 4209 in
827 4155 899 4210 Gud.
909 4157 959 4223 A.;
978 4156 1095 4227 denique
1113 4156 1142 4209 in
1159 4153 1240 4208 Drsd.
1252 4155 1277 4208 3.
1296 4160 1397 4203 etesn-

351 4246 386 4292 tra
400 4262 467 4298 amn.
484 4261 528 4313 op.
546 4241 606 4295 Mr.
638 4247 641 4252 ’
794 4269 796 4277 ·
1058 4283 1087 4291 .,

406 4328 441 4381 ab
458 4329 526 4399 ipsis
543 4330 637 4397 etiam]
656 4329 790 4386 scribitur
814 4332 844 4387 in
866 4330 956 4386 codd.
973 4331 1068 4386 Duisb.
1085 4341 1120 4381 et
1146 4326 1181 4379 ab
1204 4326 1270 4393 ipsis
1292 4322 1393 4383 etiarn:

348 4414 409 4485 quad
428 4416 554 4489 placebat
569 4417 598 4470 in
615 4418 940 4487 addendichrnbarelo,
960 4421 1006 4493 qui
1025 4418 1217 4488 obsequentem
1236 4409 1328 4465 babuit
1345 4426 1395 4463 ne·

344 4501 443 4558 minent·
481 4506 513 4558 ln
533 4501 600 4558 cod.
617 4504 697 4561 Drstl.
714 4511 740 4563 b.
756 4519 795 4562 cst
812 4507 847 4559 ab
866 4508 921 4562 bie
938 4510 1004 4578 ipsis
1015 4507 1113 4569 ‚etianq
1129 4503 1157 4555 in
1174 4499 1255 4552 Bern.
1276 4497 1311 4552 ab
1326 4495 1394 4567 ipsis

1084 4608 1106 4680 2
