3517 5450
485 676 534 746 tlt
822 702 994 748 prunnon
1023 703 1217 751 srorcouuu.

485 859 590 912 nullum
609 859 698 913 locum
718 858 810 926 habet,
831 860 948 914 secunda
967 871 993 913 ct
1010 859 1109 913 habere
1124 873 1224 932 potest,
1252 874 1278 917 et
1305 864 1332 916 iu
1353 865 1440 919 multis
1461 867 1515 917 inu·

486 949 559 1002 nitur
578 947 729 1013 codicibus,
748 967 804 1001 uon
825 960 912 1002 tamen
932 948 1078 1001 necessaria
1098 959 1144 1002 est.
1163 949 1185 1001 F
1192 968 1260 1004 acc.

556 1047 598 1088 tot
616 1037 750 1088 virtutum
766 1036 912 1105 praesidio]
932 1035 977 1098 „lu
998 1034 1072 1088 nullo
1091 1033 1191 1091 Codice
1210 1050 1296 1092 vetere
1323 1041 1443 1091 munitus
1459 1060 1516 1112 repe-

485 1126 560 1178 ritur.
599 1124 746 1192 [Vidimus,
775 1123 928 1194 complures
952 1143 982 1176 ex
1004 1124 1100 1177 nostris
1119 1124 1216 1179 habere
1234 1146 1294 1179 eam
1313 1126 1452 1199 glossa'mt]
1469 1128 1516 1199 quin

484 1215 563 1266 etiam
582 1223 701 1283 saeptus,
720 1213 793 1284 quod
813 1211 903 1283 paullo
922 1223 981 1282 post
997 1213 1126 1284 sequitur,
1145 1214 1219 1267 abest
1235 1234 1249 1267 a
1264 1214 1428 1288 plerisque.“
1446 1216 1517 1266 Lan·

484 1303 552 1355 bin.
573 1331 608 1340 ··-
653 1299 742 1366 „Cum
768 1300 812 1354 hic
833 1300 942 1370 quidam
967 1299 1028 1352 libri
1047 1312 1155 1369 septus,
1173 1301 1216 1355 alii
1236 1304 1375 1368 munitus,
1399 1304 1442 1357 alii
1464 1302 1515 1356 aliud

485 1389 627 1453 haberent,
647 1400 673 1442 et
690 1389 719 1441 in
735 1388 841 1441 duobus
859 1388 1037 1442 uetustissimis
1056 1389 1120 1443 nihil
1137 1389 1233 1443 horum
1249 1390 1401 1464 legeretur,
1428 1390 1515 1445 iudicari

484 1481 521 1532 sic
541 1496 597 1531 esse
618 1477 739 1531 locutum
760 1475 936 1544 Ciceronem,
955 1488 985 1531 ut
1002 1477 1141 1549 superiore
1158 1477 1242 1532 libro:
1270 1497 1435 1552 quamquam
1452 1481 1515 1539 miror,

483 1568 533 1619 itta
551 1564 677 1634 superbia
695 1576 722 1616 et
740 1565 947 1634 importunitate
965 1567 990 1618 si
1008 1583 1168 1637 quemquam
1186 1565 1284 1618 debere
1300 1567 1405 1637 potuit.
1449 1566 1479 1619 Et
1498 1566 1514 1616 in

484 1655 516 1706 ll.
534 1652 649 1724 Philipp.
669 1653 711 1704 liis
730 1653 817 1724 igitur
835 1653 995 1706 maioribus:
1015 1654 1061 1707 ubi
1080 1653 1160 1725 vulgo
1179 1655 1233 1706 orti
1250 1653 1371 1708 additum
1391 1665 1428 1709 est
1446 1665 1513 1708 contu

484 1752 584 1795 veteres
601 1740 734 1794 codices.“
752 1743 783 1794 C.
802 1741 964 1814 bangius.
1002 1742 1092 1811 Quem
1112 1741 1277 1814 superiorem
1297 1741 1398 1796 librum
1416 1741 1512 1814 appellat,

484 1842 523 1884 est
541 1829 657 1896 Laelius,
676 1829 722 1881 ubi
742 1849 810 1900 quae
828 1828 933 1898 laudat,
952 1831 1079 1902 leguntur
1097 1849 1121 1884 c.
1141 1834 1185 1896 15,
1203 1834 1249 1886 54.
1268 1861 1302 1870 -
1346 1817 1446 1897 „Recte
1461 1829 1512 1882 Gru·

483 1932 556 1971 terus
577 1915 624 1968 has
641 1935 718 1969 voces
734 1918 872 1979 (munitus
888 1929 915 1972 et
933 1919 1046 1971 virtutis
1064 1923 1170 1988 septus)
1189 1917 1283 1972 delerit
1301 1918 1329 1973 iu
1348 1919 1461 1973 editione
1476 1936 1511 1981 su,

483 2025 534 2059 nec
553 2004 757 2076 conspiciuntur
774 2005 801 2057 in
821 2004 998 2060 Pithoeano.“
1018 2004 1140 2059 Graev.
1158 2034 1193 2044 -
1239 2007 1310 2059 Vere
1335 2017 1429 2060 monet
1444 2003 1510 2073 Borg,

484 2112 602 2149 errorem
628 2092 804 2165 repetendum
830 2092 911 2146 rideri
936 2112 966 2146 ex
992 2092 1053 2146 loco
1080 2092 1175 2147 Parad.
1194 2094 1240 2158 tV,
1254 2096 1279 2148 l.
1301 2113 1359 2167 prc.
1404 2092 1510 2162 Sapientis

483 2186 589 2236 animus
603 2211 633 2224 -·
650 2182 799 2234 virtutibus
811 2181 923 2253 denique
937 2180 1066 2246 omnibus,
1084 2191 1116 2232 ut
1126 2181 1269 2240 moenibus,
1287 2192 1390 2252 septus.
1426 2177 1509 2233 Attuli

484 2281 546 2324 sunt
563 2268 693 2334 absoluti,
719 2286 868 2340 quoscum
887 2286 943 2322 non
962 2267 1142 2339 intelligerent
1162 2269 1337 2343 interpretes,
1363 2269 1465 2323 vocibus
1481 2285 1509 2318 su·

484 2357 655 2432 pervacaneis
671 2367 801 2410 auxerunt
820 2355 992 2411 Ciceronem.
1028 2356 1088 2410 Mr.

555 2466 616 2498 cum
634 2465 730 2515 corpus
747 2445 806 2498 eius
825 2455 1030 2515 caperetur,
1049 2446 1130 2515 capi
1149 2447 1195 2513 -]
1243 2444 1309 2512 „Sic
1335 2465 1429 2500 omnes
1453 2442 1506 2496 urei!¹

484 2536 556 2590 Ald.
574 2535 701 2587 Manut.
719 2562 755 2573 -
790 2533 852 2586 Fre.
871 2531 993 2604 Sylvius,
1015 2533 1062 2605 qui
1079 2532 1185 2604 legebat
1201 2543 1372 2604 carperetur,
1396 2533 1474 2602 carpi,
1486 2526 1506 2580 al

484 2625 509 2678 h.
522 2624 538 2677 l.
558 2624 623 2678 haec
641 2620 786 2676 annotavit:
806 2621 842 2686 „i.
860 2640 883 2674 e.
898 2621 1065 2675 cruciaretur
1082 2631 1109 2675 et
1126 2621 1302 2675 laceraretur:
1321 2621 1367 2673 sed
1382 2620 1462 2674 addit:
1475 2614 1506 2679 „ln
1537 2664 1542 2679 ,

484 2713 550 2767 cod.
570 2711 680 2783 antiqno
700 2708 768 2763 male
786 2709 866 2764 etiam
885 2709 1014 2782 scriptum
1034 2729 1089 2764 non
1110 2720 1161 2764 est:
1181 2730 1240 2761 cum
1258 2728 1355 2779 corpus
1379 2709 1434 2761 eius
1454 2721 1505 2773 erpe-

485 2811 574 2865 retur,
602 2801 664 2868 capi
682 2809 752 2850 certe
776 2799 832 2868 ipse
854 2818 908 2849 non
929 2802 1047 2867 potuit.“
1092 2798 1166 2851 Idem
1193 2798 1225 2851 ad
1255 2796 1451 2852 antecedentia:
1470 2790 1505 2860 „lt

485 2906 561 2939 more
578 2887 731 2941 Stoicorum
752 2886 888 2957 loquitur,
917 2886 963 2957 qui
983 2886 1090 2941 virtutes
1115 2885 1272 2941 coniunctas
1299 2884 1371 2939 inter
1389 2904 1415 2937 se
1434 2882 1505 2940 dicunt,

486 2986 527 3042 et,
556 2986 586 3029 ut
604 2975 639 3027 ita
658 2975 745 3027 dicam
764 2985 965 3039 concatenatas,
991 2986 1020 3029 ut
1039 2974 1139 3030 nullam
1159 2974 1300 3047 quisquam
1330 2972 1428 3026 habere
1444 2965 1505 3043 poili

486 3061 551 3134 quin
571 3062 665 3116 habeat
682 3061 825 3133 reliquas.“
865 3062 1038 3117 Existimabat
1064 3063 1148 3130 idem,
1178 3082 1239 3117 cum
1270 3060 1374 3133 legeret
1401 3053 1507 3113 cumulis
1541 3081 1542 3120 3

485 3152 616 3202 comitutu
635 3151 747 3202 virtutis
765 3161 872 3219 septus,
891 3150 1049 3223 vidissetque
1067 3170 1159 3205 vocem
1178 3150 1307 3214 virtutis,
1327 3149 1417 3202 abesse
1433 3166 1446 3200 a
1461 3139 1505 3195 Col·
1541 3149 1542 3188 ἓ

485 3238 610 3310 antiquo,
630 3256 689 3289 eam
706 3256 929 3308 supervacaneam
948 3258 1018 3293 esse:
1037 3258 1088 3293 nec
1105 3258 1168 3291 vero
1187 3238 1265 3305 vidit,
1284 3236 1352 3290 illud
1370 3247 1456 3307 septus
1470 3246 1504 3283 1¹⁰n

485 3326 574 3379 minus
593 3344 647 3378 esse
666 3325 876 3396 reprobandum.
894 3356 928 3365 —
965 3325 1015 3392 „ln
1035 3326 1171 3398 plerisque
1189 3324 1273 3379 Codd.
1299 3324 1399 3398 legitur
1423 3335 1504 3387 earp-

484 3425 574 3468 retur,
594 3414 700 3481 carpi:
720 3413 746 3465 id
767 3415 839 3485 quod
859 3415 959 3469 lactum
976 3416 1092 3485 putarim
1112 3416 1146 3468 ab
1164 3413 1285 3487 ineptulo
1303 3413 1410 3486 aliquo,
1436 3402 1503 3483 quiid

483 3502 571 3555 solum
590 3502 752 3573 supplicium
771 3502 928 3573 respexerit:
948 3501 1010 3555 ideo
1028 3503 1155 3568 fortasse,
1185 3500 1257 3573 quod
1284 3519 1366 3572 supra
1392 3497 1503 3569 legissett

482 3589 580 3642 Poenis
598 3588 693 3660 Reguli
712 3609 767 3642 non
786 3590 899 3644 cruciari
920 3591 1175 3661 magnanimitatem.
1222 3588 1259 3643 At
1290 3588 1389 3643 sciolus
1415 3588 1456 3640 iste
1469 3596 1503 3634 1¹⁰⁰

484 3674 619 3741 intellexit,
634 3674 817 3730 Ciceronema
834 3677 1055 3749 praecedentibus
1073 3676 1263 3750 argumentari.
1300 3674 1423 3737 Animus,
1438 3667 1504 3738 inquit

484 3762 579 3833 Reguli
610 3782 665 3816 uon
694 3764 744 3817 luit
773 3776 881 3837 captus,
907 3765 1041 3819 cruciatus
1065 3784 1131 3837 ergo
1161 3784 1216 3817 non
1235 3762 1293 3818 fuit.
1340 3763 1376 3816 Ar
1400 3779 1446 3815 cur
1469 3768 1504 3806 1¹⁰⁰

485 3850 598 3921 captus?
633 3849 721 3918 Quia,
739 3852 844 3923 inquit,
870 3863 910 3906 tot
927 3864 983 3906 erat
1001 3853 1128 3906 virtutum
1145 3850 1276 3924 praesidio
1295 3850 1427 3912 munitus,
1444 3851 1505 3898 tanto·

485 3957 538 4009 que
556 3938 683 3993 comitatu
703 3940 806 3993 virtutis
824 3952 923 4013 septus.
967 3942 1068 3994 Rursus
1093 3940 1135 3994 tic
1154 3960 1209 3993 non
1229 3938 1291 3992 vidit
1311 3938 1402 3991 locum
1419 3930 1463 3987 dni
1476 3926 1505 3980 ni

484 4022 625 4082 ἀδυνάτου.
663 4026 799 4082 Germana
815 4028 898 4100 igitur
917 4030 996 4084 lectio
1015 4041 1054 4083 est
1071 4037 1228 4098 caperetur,
1247 4027 1309 4095 copi
1326 4055 1377 4092 -,
1397 4014 1506 4078 cuiusal·
1541 4031 1542 4038 ’

484 4115 537 4169 huc
561 4127 641 4169 exstat
671 4115 698 4168 in
730 4135 792 4169 meo
822 4118 938 4188 quodam
969 4115 1142 4171 vetustissimo
1169 4113 1312 4186 exemplari
1346 4108 1508 4167 testimonium·
1537 4051 1542 4174 l

483 4200 623 4256 Praeterea
644 4202 718 4256 locus
736 4202 780 4257 hic
798 4221 827 4256 ex
849 4205 938 4277 primo
962 4204 1125 4268 Officiorum
1154 4205 1210 4273 [13,
1227 4203 1284 4270 39.]
1313 4220 1377 4254 eum
1395 4210 1424 4253 ut
1439 4210 1510 4267 sequt·
1541 4205 1542 4210 ’

486 4307 562 4355 mur,
580 4309 629 4343 nos
647 4289 727 4343 etiam
747 4291 872 4362 impellit:
902 4295 996 4366 Atque
1023 4294 1105 4345 etiam
1121 4292 1146 4344 si
1164 4292 1232 4364 quid
1247 4290 1352 4363 singuli
1377 4282 1512 4359 temporibus

485 4377 599 4428 adducti
617 4377 689 4429 hosti
713 4380 901 4447 promiserint,
933 4392 974 4433 est
1001 4380 1030 4431 in
1056 4398 1086 4431 eo
1110 4381 1168 4449 ipso
1179 4380 1253 4448 fides
1278 4375 1472 4430 conservando:
1493 4374 1515 4419 ”l

482 4464 568 4531 primo
585 4464 689 4516 Punico
709 4464 775 4517 bello
794 4468 916 4538 Regulus
934 4480 1032 4539 captus
1051 4487 1069 4519 α
1088 4468 1184 4520 Poenis
1202 4486 1262 4519 curn
1281 4466 1313 4517 de
1334 4464 1450 4534 captivis
1466 4475 1517 4512 com·
