3517 5450
677 681 870 728 rtnnnoxon
899 685 947 732 nr.
975 685 1044 734 cir.
1064 689 1098 737 n.
1338 677 1407 749 l5l

363 839 408 887 en
430 837 501 888 enim
531 837 650 910 aliquid,
679 841 751 911 quod
768 861 820 893 non
847 853 1025 912 oporteat,
1053 847 1160 900 ctiuntci
1180 850 1275 907 licet.
1326 859 1410 925 Quic-

360 924 419 993 quid
444 943 507 976 vero
528 927 699 989 nonlicet,
732 939 802 980 certe
827 949 879 981 non
910 944 1058 1000 oportet.
1076 961 1111 974 —
1155 940 1253 991 Decere
1281 953 1307 995 et
1331 943 1407 998 licere

357 1009 399 1062 cibi
426 1011 542 1066 invicem
566 1027 742 1085 opponuntur
765 1037 813 1086 pro
842 1017 926 1072 Marc.
950 1023 1000 1083 103
1034 1022 1112 1074 licere
1132 1034 1156 1077 et
1177 1027 1257 1096 nesae
1282 1049 1405 1103 eccepto

357 1095 435 1151 Balbo
458 1104 485 1154 4.
524 1099 581 1153 Mc.

421 1204 553 1275 quicquid
571 1225 623 1257 non
642 1211 765 1276 oportet,]
793 1209 931 1281 „Eiiiptice
957 1213 1068 1279 dicitur,
1096 1235 1145 1285 pro
1171 1230 1276 1289 oportet
1303 1224 1403 1296 aliquid

354 1308 404 1341 uon
425 1291 525 1345 iacere.
563 1295 617 1346 tam
636 1313 698 1347 vero
717 1296 788 1366 apud
809 1297 967 1351 Ciceronem
987 1312 1090 1370 oportet
1109 1304 1157 1354 troc
1169 1306 1237 1372 fieri
1263 1307 1332 1362 idem
1352 1332 1402 1365 no-

354 1387 385 1430 tat
404 1398 437 1433 ac
457 1381 557 1448 justum
575 1393 628 1447 est,
646 1381 929 1438 secundumossicium
949 1397 995 1441 εει.
1043 1391 1102 1443 Vid.
1131 1391 1257 1466 Heusing.
1285 1398 1317 1449 ad
1346 1399 1401 1454 Cic.

353 1465 406 1519 ΟΙΙ.
427 1469 473 1534 ΙΙΙ,
494 1473 537 1523 28.
556 1474 581 1534 §.
602 1474 644 1524 15.
681 1470 753 1541 Ergo
774 1475 904 1544 quicquid
920 1493 973 1526 non
992 1487 1097 1545 oportet
1117 1479 1187 1531 idem
1206 1492 1252 1546 est,
1272 1502 1303 1536 ae
1322 1485 1341 1536 ci
1362 1487 1402 1538 di—

353 1564 424 1606 catur
443 1557 573 1627 quicquid
593 1570 631 1611 est
650 1570 743 1611 contra
762 1559 848 1629 legem
868 1562 1025 1615 naturalem.
1072 1563 1100 1616 td
1130 1577 1217 1619 autem
1237 1569 1323 1624 scetus
1350 1594 1402 1626 esse

353 1653 442 1709 putare
462 1643 598 1698 debemus.
635 1646 715 1699 Notat
732 1658 821 1700 autem
840 1648 925 1701 scetus
944 1669 1078 1703 summum
1097 1655 1223 1707 deticrum
1251 1659 1339 1713 civite:
1365 1674 1402 1716 εει

353 1732 418 1782 enim
439 1751 454 1784 a
475 1751 570 1802 graeca
590 1735 693 1804 origine
712 1736 784 1788 verbi
803 1741 882 1800 octor,
901 1749 977 1807 tego:
996 1739 1058 1792 hinc
1076 1741 1175 1795 dicitur
1193 1742 1275 1797 homo
1294 1759 1401 1817 opertus

352 1820 491 1872 sceleribus
510 1823 580 1892 apud
601 1823 678 1877 Cic.“
697 1824 802 1894 Wytt.
845 1823 906 1875 Non
927 1824 990 1877 dixit
1010 1825 1107 1879 Cicero
1125 1843 1234 1898 opertus
1253 1834 1401 1895 sceleribus,

351 1907 390 1959 ced
410 1920 551 1977 coopertae
569 1910 681 1962 scelere:
698 1911 813 1981 Philipp.
838 1910 898 1976 ΧΙΙ,
918 1916 943 1975 Ι,
964 1915 1015 1975 15;
1041 1925 1066 1967 et
1084 1928 1223 1984 coopertae
1242 1919 1400 1971 sceleribus:

351 1995 374 2046 in
394 1997 473 2048 Verr.
493 1997 552 2050 Act.
571 1996 602 2063 ΙΙ,
622 1998 650 2051 lt.
669 1996 689 2067 Ι,
707 2004 733 2064 4,
753 2003 776 2052 ΙΙ.
801 1999 859 2050 Mr.
910 2001 1019 2056 ‚mirere
1048 2014 1073 2054 et
1102 2015 1220 2071 oportere
1246 2009 1283 2059 sic
1307 2006 1397 2059 distin·

350 2083 419 2150 guit,
451 2096 480 2137 ut
509 2087 560 2139 hoc
583 2088 684 2158 species
707 2088 754 2152 sit,
788 2087 853 2139 ittud
880 2091 991 2157 genus.‘⁴
1024 2089 1045 2140 F
1053 2109 1097 2142 rc.
1117 2090 1206 2161 Sylr.

416 2207 504 2258 scelus
523 2239 556 2246 —
576 2211 667 2280 ηερε]
717 2211 824 2283 Operae
844 2215 958 2284 pretium
979 2227 1015 2266 εει
1035 2213 1137 2286 legere,
1163 2236 1230 2287 quae
1251 2217 1283 2269 de
1301 2216 1397 2271 horum

350 2295 538 2350 vocabulorum
557 2301 684 2353 sententia
705 2310 730 2352 et
741 2300 892 2354 differentia
903 2302 1018 2373 disputat
1035 2303 1206 2357 Doederlein.
1220 2303 1276 2357 Lat.
1294 2303 1397 2376 Synon.

349 2402 372 2436 u.
401 2385 519 2456 Etymoi.
543 2387 575 2439 ΙΙ.
602 2409 627 2458 p.
649 2393 700 2442 ΙΙΙ
722 2408 759 2459 sq.
791 2389 835 2459 qui
867 2400 972 2456 tamen,
1006 2392 1037 2443 de
1070 2402 1161 2444 nostro
1190 2391 1249 2445 ioco
1276 2391 1397 2464 loquens,

349 2475 506 2528 Ciceronem
527 2488 615 2530 censet
644 2497 697 2529 non
725 2487 778 2528 tam
808 2497 836 2530 ea
864 2478 1026 2547 distinguere
1051 2479 1176 2544 voluisse,
1207 2500 1288 2551 qnam
1316 2499 1396 2532 unam

347 2563 514 2635 eandemque
533 2567 689 2617 sententiam
709 2565 824 2618 oratorie
844 2567 968 2632 dilatare,
995 2574 1077 2638 qtcare
1106 2587 1157 2619 nec
1174 2578 1294 2636 oportere
1319 2579 1344 2619 et
1362 2568 1397 2618 ti-

347 2669 402 2700 cere
422 2651 508 2722 magic
526 2649 685 2718 deraditur,
705 2672 785 2723 quam
807 2651 973 2717 συνωνύμως,
994 2655 1072 2724 poni,
1092 2655 1233 2727 omnisque
1252 2656 1396 2708 sententiae

346 2739 395 2791 cim
416 2760 471 2791 esse
491 2741 577 2810 potius
603 2742 628 2792 in
652 2761 715 2794 voce
734 2742 863 2813 quicquid
892 2763 940 2813 per
966 2743 1138 2815 Anaphoram
1168 2745 1288 2815 repetita.
1342 2742 1396 2796 Sed

344 2829 462 2883 conferri
483 2829 577 2894 veiint,
597 2850 665 2901 quae
685 2831 716 2882 de
732 2842 845 2902 utroque
865 2833 994 2886 vocabulo
1013 2834 1112 2895 (coetus
1131 2844 1156 2885 ει
1173 2833 1267 2903 nefor)
1287 2850 1396 2884 eorum-

345 2938 397 2989 que
417 2916 583 2989 Synonymis
601 2917 717 2989 disputat
741 2920 768 2971 in
789 2918 848 2970 iibri
869 2920 1085 2974 Doederleiniani
1109 2940 1237 2986 censura,
1264 2940 1333 2992 quae
1359 2933 1397 2975 eet

343 3005 371 3057 in
398 3004 488 3057 Jahnii
513 3006 638 3058 Annalib.
665 3006 771 3060 ΡΙιίΙοΙΙ.
792 3012 870 3062 1829.
892 3008 936 3073 ΙΙΙ,
954 3012 978 3061 Ι.
1005 3029 1030 3079 p.
1048 3012 1083 3064 34
1101 3028 1159 3080 sqq.
1189 3028 1269 3081 quam
1293 3010 1396 3079 scripsit

342 3092 375 3146 G.
401 3097 430 3147 C.
451 3094 482 3148 F.
501 3093 590 3161 Lisch,
609 3094 708 3166 Gymn.
727 3095 833 3149 Suerin.
852 3098 943 3149 Praec.
981 3096 1039 3149 Mc.

415 3216 546 3287 quicquid
561 3236 613 3268 non
630 3217 717 3283 ticet,]
732 3216 831 3284 „Quod
852 3217 959 3269 vetitum
979 3227 1017 3269 est
1035 3216 1138 3288 iegibus
1152 3218 1286 3284 civilibus,
1313 3219 1393 3272 debe-

343 3324 403 3355 mua
422 3316 516 3374 putare
535 3306 615 3374 nesus
633 3324 703 3362 esse,
721 3305 737 3355 i.
758 3325 779 3356 e.
798 3306 860 3358 itern
881 3315 975 3356 contra
995 3303 1080 3374 legem
1099 3305 1223 3358 divinam.
1261 3306 1328 3358 Nam
1341 3309 1394 3377 sos

341 3404 367 3447 et
385 3393 574 3461 nefandicitur
592 3394 620 3444 in
639 3392 698 3463 lege
716 3404 826 3445 naturae
845 3413 864 3445 s.
886 3392 982 3456 divina,
1001 3412 1048 3445 ac.
1063 3393 1135 3462 sori,
1153 3393 1224 3444 unde
1236 3404 1274 3444 εει
1286 3394 1393 3462 sutum,

341 3482 416 3553 quod
436 3481 555 3532 divinum
575 3492 697 3551 putatur,
727 3483 816 3552 prouti
836 3502 859 3534 a.
878 3501 900 3532 v.
918 3500 995 3532 orare
1013 3492 1051 3533 εει
1069 3479 1221 3542 oraculum,
1240 3479 1392 3550 quod'item

341 3569 461 3621 divinum
481 3580 612 3622 censetur.
626 3598 659 3608 -
696 3570 833 3623 Sententia
848 3567 999 3641 argumenti
1015 3588 1047 3621 eo
1066 3567 1143 3633 redit,
1164 3578 1193 3620 ut
1211 3567 1350 3618 virbonus
1367 3582 1393 3622 et

341 3656 447 3727 sapiens
466 3675 521 3708 non
541 3657 719 3710 absterreatnr
745 3678 759 3710 a
783 3657 851 3711 maie
874 3658 998 3711 iaciendo
1029 3655 1212 3728 magnitudine
1235 3673 1391 3726 poenarum,

343 3765 412 3816 quae
430 3745 533 3798 delictis
551 3745 651 3816 positae
670 3757 731 3798 eunt
750 3765 799 3816 per
817 3745 888 3817 teges
906 3745 1008 3810 civiles,
1034 3745 1079 3798 sed
1106 3743 1218 3796 eandem
1245 3743 1296 3794 vim
1321 3743 1391 3813 apud

342 3854 404 3885 eum
424 3834 520 3886 habeat
538 3845 564 3887 et
583 3834 621 3885 lex
641 3833 723 3886 civilis
741 3844 766 3885 et
787 3832 825 3884 Ιει
852 3832 986 3885 naturali‘c
1038 3835 1129 3903 ltaque
1155 3831 1240 3883 hanc..
1253 3830 1392 3901 periodum

342 3920 386 3975 tali
408 3923 489 3975 modo
508 3922 643 3976 dilatando
662 3944 681 3977 ε.
703 3943 750 3993 per
770 3922 941 3994 paraphrasin
961 3921 1128 3992 interpretari
1147 3919 1220 3972 licet:
1239 3919 1391 3972 Nosautem

341 4011 368 4062 in
388 4011 454 4063 vitae
473 4012 598 4065 societate
618 4023 643 4064 et
662 4011 855 4065 consuetudine
875 4012 993 4064 'actiones
1011 4020 1113 4061 nostras
1131 4007 1246 4079 dirigere
1263 4007 1390 4059 debemus

344 4117 397 4150 non
418 4100 602 4169 magnitudine
622 4118 740 4169 poenae,
762 4120 841 4170 qnam
862 4099 900 4151 lex
919 4096 1002 4151 cicilie
1019 4096 1121 4149 delictis
1138 4096 1274 4165 imposuit,
1292 4095 1337 4147 sed
1351 4115 1393 4147 se-

344 4186 460 4239 cundum
483 4186 636 4240 facultatem
655 4188 724 4240 bene
742 4187 866 4251 faciendi,
887 4205 966 4256 qnam
983 4184 1081 4255 cuique
1098 4182 1201 4235 homini
1222 4193 1313 4235 natura
1327 4201 1393 4234 con-

345 4276 425 4327 cernit.
462 4275 598 4346 Quicquid
618 4276 690 4327 enim
709 4288 801 4329 contra
813 4275 933 4328 officium
953 4284 999 4338 εει,
1020 4272 1047 4323 id
1066 4272 1117 4343 tegi
1129 4282 1239 4324 naturae
1252 4282 1392 4340 repugnat,

347 4371 371 4413 ει
388 4362 499 4415 eandem
520 4364 571 4414 vim
590 4363 661 4434 apud
683 4383 731 4415 noc
750 4363 848 4415 habere
866 4362 959 4425 debet,
978 4360 1097 4431 quamsi
1116 4358 1175 4430 lege
1194 4356 1262 4410 ciriii
1274 4377 1323 4428 pro
1334 4377 1392 4412 ace-

347 4445 398 4498 lere
423 4447 566 4504 habeatur:
596 4461 620 4503 ει
641 4449 768 4521 quicquid
786 4450 845 4520 lege
865 4448 932 4503 cicili
952 4448 1060 4502 vetitum
1087 4458 1139 4513 εει,
1163 4444 1214 4499 hoc
1232 4446 1295 4498 item
1322 4447 1393 4517 apud
