3517 5450
368 786 372 793 ,
468 712 543 787 208
794 735 967 783 nannuoxn
995 733 1190 780 scorcoauu.

468 907 644 970 atriensem
679 907 868 986 diligentem
904 905 1053 986 putaret?
1105 903 1291 1000 lieviviscat
1322 893 1369 967 Μ’
1396 900 1505 977 Curios,

469 1054 524 1110 aut
549 1063 665 1110 eorum
692 1047 830 1128 aliquis,
866 1059 1007 1124 quorum
1046 1042 1080 1105 in
1111 1042 1188 1105 villa
1224 1058 1264 1105 ao
1304 1040 1410 1106 domo
1441 1042 1504 1105 nibil

467 1185 690 1267 splendidum,
717 1185 796 1248 nihil
824 1186 977 1246 ornatum
1004 1181 1084 1257 luit,
1109 1185 1241 1262 promer
1259 1180 1371 1261 ipsos,
1408 1185 1444 1244 et
1469 1182 1504 1244 ri

468 1322 543 1385 deal
568 1322 731 1403 aliquem,
756 1321 892 1384 summis
920 1320 1033 1400 populi
1058 1318 1227 1382 beneficiis
1248 1330 1368 1393 nsum,
1401 1317 1503 1381 barba·

393 1518 396 1524 .
468 1461 554 1524 tulos
579 1457 699 1521 mullos
727 1461 955 1538 exceptantem
979 1456 1021 1519 de
1047 1456 1172 1548 piscina
1198 1460 1231 1518 et
1256 1457 1503 1535 pertractantem,

469 1605 503 1660 et
527 1612 761 1659 muraenarum
789 1597 890 1677 copia*
913 1598 1128 1677 gloriantem·
1156 1605 1273 1658 nonne·
1296 1594 1387 1657 hunc
1413 1592 1502 1657 honi·

468 1749 545 1797 nem
582 1733 627 1796 ita
663 1749 795 1796 servum
836 1733 974 1811 iudicet,
1018 1739 1054 1799 ut
1084 1747 1131 1797 nc'
1161 1732 1195 1796 in
1229 1730 1359 1795 lamilia'
1392 1728 1502 1809 quidm

470 1854 604 1933 dignum
631 1853 758 1917 maiore
783 1854 896 1935 aliquo
922 1854 1057 1934 negotio
1082 1855 1196 1935 putati
1229 1855 1281 1917 An
1309 1867 1435 1916 eorum·
1449 1866 1501 1912 ser·

470 1992 554 2056 vitus
581 1992 681 2056 dubia
703 1997 770 2071 cst,
816 1994 871 2074 qui
907 1992 1084 2074 cupiditate
1111 1990 1230 2079 peculii
1255 1989 1387 2054 nullam·
1408 1986 1501 2051 condi

470 2130 595 2193 tionem
622 2133 773 2192 recusant
800 2129 994 2194 durissimae
1019 2129 1206 2194 servitutis?
1230 2128 1430 2193 Hereditatis
1447 2139 1500 2205 spos

471 2267 549 2349 quid
574 2267 752 2348 iniqnitatis
778 2269 812 2330 in
838 2267 1013 2331 serviendo
1040 2284 1108 2331 uon
1134 2266 1291 2348 suscipit?
1331 2283 1436 2348 quam·
1456 2281 1501 2324 nu·

470 2409 539 2468 tum
566 2405 737 2485 locupletis
764 2404 838 2469 orbi
873 2404 961 2469 senis
988 2420 1055 2469 non
1077 2405 1263 2469 observati·
1302 2404 1447 2485 loquitur
1471 2400 1501 2464 ad

470 2543 691 2606 voluntatem:
719 2541 886 2623 quidquid·
904 2541 1137 2606 denunciatum
1162 2546 1231 2619 ost,
1257 2541 1354 2606 lacit:
1382 2545 1501 2606 amento

471 2684 533 2753 tur,
556 2679 686 2755 assidet,
710 2684 911 2744 muneratur.
965 2677 1055 2757 Quid
1077 2679 1198 2744 horum
1223 2682 1273 2743 est
1299 2679 1421 2744 liberii
1444 2674 1501 2758 quid

421 2818 614 2898 rudenique
637 2834 704 2881 nou
731 2818 817 2881 servi
844 2818 981 2881 inertis?
1034 2816 1146 2896 Quint
1179 2819 1253 2883 iam·
1269 2819 1330 2883 illa
1353 2818 1501 2902 cupiditas

472 2972 556 3036 quae
580 2953 802 3017 videturesse
827 2952 1016 3031 liberalior,
1038 2954 1196 3030 honoris,
1222 2920 1376 3035 imperii·
1389 2952 1501 3035 provin

472 3094 614 3165 ciarum,
650 3107 749 3171 quam
790 3090 874 3154 dura
907 3096 972 3168 est»,
1000 3090 1151 3158 domina-l
1189 3111 1291 3174 quam
1329 3087 1501 3179 imperiosa!
1543 3066 1544 3138 3

473 3246 572 3312 quam
594 3226 791 3292 vehemens!
828 3226 991 3309 Cethego,
1027 3204 1157 3294 homini
1185 3248 1253 3295 nou
1280 3208 1502 3313 probatissimo,

471 3366 596 3431 serv-irc
618 3365 725 3447 coligit
751 3383 828 3444 eos,
860 3367 917 3447 qui
939 3368 1002 3432 sibi
1036 3385 1111 3433 esse
1144 3358 1340 3450 amplissimi
1368 3370 1503 3435 vidclan

472 3514 540 3571 tur:
567 3522 706 3570 munera
732 3505 880 3582 mittere,
920 3511 1018 3569 noctu
1046 3508 1159 3572 venire
1193 3508 1332 3574 domum
1372 3510 1504 3579 adeun,

473 3647 611 3725 precari,
638 3644 780 3725 deniqne
796 3619 994 3726 supplicare,
1046 3644 1296 3725 Quaesorvitus
1314 3654 1378 3726 est,
1402 3649 1504 3713 mnam
1532 3726 1534 3734 y

473 3780 605 3844 libertas
633 3781 813 3845 existimari
838 3783 966 3862 potest?
1019 3781 1128 3861 Quid?
1173 3802 1276 3865 quum
1311 3787 1505 3869 cupidinum

475 3921 661 3985 dominatus
700 3923 857 3998 excessit,
906 3927 939 3987 et
980 3924 1064 3988 alius
1105 3929 1155 3989 est
1191 3924 1354 3994 ¹domiuus
1392 3926 1503 3990 exortu

474 4078 518 4123 ex
559 4060 761 4123 conscientia
801 4031 1030 4141 peccatorum,
1069 4065 1186 4137 timor-3
1239 4082 1356 4144 quam·
1384 4070 1433 4130 est
1465 4060 1503 4125 illa

474 4197 612 4271 misera,
655 4213 753 4276 quam
785 4196 867 4261 dura
905 4197 1062 4305 servitus!
1106 4200 1383 4267 adolescentibus
1414 4196 1502 4283 paullo

473 4335 720 4416 loquacioribus
743 4338 792 4397 est
818 4323 1045 4401 serviendum:
1071 4355 1199 4414 omnes,
1225 4339 1288 4419 qui-
1300 4338 1424 4419 aliquid
1440 4334 1501 4400 seire
1543 4357 1544 4361 ¹

474 4471 643 4547 videnlur,
691 4477 847 4553 tanquam
886 4472 1028 4552 donnini,
1076 4476 1240 4539 timentur.
1309 4477 1412 4542 ludex
1442 4483 1499 4535 vero
1541 4515 1544 4531 ..
