3517 5450
358 699 433 771 216
574 755 577 758 .
695 722 866 768 rananoxt
893 705 1087 769 s'rorconuu.

358 883 411 934 rios
439 881 557 951 Linguae
586 880 720 944 Graecae,
751 879 796 932 ubi
827 879 860 930 de
878 879 919 931 bis
944 880 1068 933 lormulis
1092 881 1209 951 disputat
1239 900 1266 952 p.
1283 884 1348 935 lats
1364 903 1392 952 sq.

359 969 410 1025 Ed.
434 967 513 1022 Basil.
539 971 617 1023 1556.
644 968 662 1020 f.
690 988 724 1020 m.
769 969 837 1020 Cum
864 967 898 1019 de
922 967 1038 1021 formula
1063 989 1116 1020 non
1141 969 1217 1021 modo
1237 997 1285 1032 -,
1311 969 1392 1020 sed-

358 1078 425 1122 non,
449 1067 475 1110 et
499 1055 629 1110 similibus
655 1055 707 1108 iam
732 1054 793 1107 satis
811 1072 946 1124 superque
964 1054 1127 1125 disputatum
1146 1056 1179 1108 sit
1203 1074 1267 1108 cum
1287 1055 1313 1106 in
1335 1054 1392 1107 libris

359 1144 551 1216 grammaticis,
578 1155 633 1196 tum
654 1143 680 1194 in
700 1141 899 1195 commentariis
925 1142 958 1193 ad
982 1143 1124 1213 scriptores
1148 1153 1267 1208 veteres,
1299 1142 1392 1194 sufficiet

359 1234 466 1287 laudare
486 1232 631 1302 Reisigium
650 1232 679 1284 in
697 1230 781 1295 libro,
815 1230 862 1302 qui
887 1229 1043 1283 inscribitur
1069 1230 1258 1300 Vorlesungen
1289 1230 1333 1282 iib.
1350 1229 1391 1281 lat.

358 1319 529 1391 Spraclswiss.
553 1317 577 1389 5.
595 1323 647 1372 249
666 1338 705 1389 sq.
731 1339 757 1388 p.
777 1320 944 1372 434-436.
971 1317 1036 1390 ibiq.
1064 1318 1094 1370 F.
1120 1317 1208 1370 llaasii
1232 1328 1325 1370 annot.
1346 1321 1391 1371 42⁰.

358 1407 392 1460 G.
411 1409 443 1460 T.
462 1410 495 1462 Α.
518 1407 634 1477 Kriiger.
653 1404 775 1470 Gramm.
799 1406 824 1458 d.
849 1406 907 1459 Lat.
927 1405 989 1477 Spr.
1011 1406 1046 1461 T.
1063 1403 1096 1458 ll.
1121 1403 1145 1476 5.
1164 1408 1226 1459 642.
1256 1424 1283 1475 p.
1300 1407 1390 1474 uoq.

357 1495 399 1548 Ad
429 1496 586 1549 sententiam
612 1493 762 1565 llottingeri
799 1495 845 1562 (ad
874 1493 933 1550 Cic.
962 1495 995 1548 de
1023 1493 1083 1548 Dis.
1109 1490 1130 1559 l,
1149 1491 1208 1560 56.)
1235 1491 1391 1546 Gernhardus

357 1582 419 1636 dicit
440 1595 531 1636 nostro
551 1582 611 1636 loco
633 1582 711 1634 verba
730 1582 869 1634 habendus
889 1603 943 1636 non
960 1584 1012 1634 erit
1032 1582 1065 1635 ad
1092 1593 1238 1652 utrumque
1257 1580 1390 1634 membrum

361 1670 511 1739 pertinere,
526 1670 575 1722 sed
592 1668 696 1740 gravius
711 1689 761 1741 pro
780 1671 927 1722 sedetiam
946 1672 1040 1742 posito.
1077 1668 1135 1741 lpse
1154 1680 1245 1722 tamen
1265 1669 1358 1722 rectius
1365 1669 1390 1722 ita

357 1755 502 1809 dicendum
522 1767 611 1828 putat,
644 1757 758 1810 duarum
784 1759 1020 1813 constructionum
1044 1757 1201 1811 confusione
1229 1758 1329 1810 lactum
1345 1775 1391 1818 esse,

358 1855 386 1897 ut
405 1843 461 1898 Cic.
480 1847 528 1896 sed
544 1845 610 1896 liber
629 1875 664 1884 -
682 1847 787 1898 onsnino
803 1866 856 1898 nnn
874 1847 1018 1913 scriberet,
1037 1864 1099 1900 cum
1118 1855 1179 1916 post
1195 1865 1250 1896 non
1268 1844 1341 1899 modo
1353 1845 1390 1894 in·

353 1944 466 2000 perator
485 1945 648 2004 exspectares
662 1934 710 1985 secl
727 1953 758 1985 ne
778 1932 843 1986 liber
861 1935 976 2006 quidam.
1022 1933 1147 1988 Ceterum
1166 1932 1233 1986 illud
1258 1952 1309 1984 non
1333 1931 1389 1982 nudo

357 2040 420 2073 raon
436 2021 550 2074 enotavit
566 2021 644 2075 etiam
665 2020 714 2074 Or.
732 2041 760 2073 ex
779 2023 828 2076 Ed.
848 2021 931 2076 Sulsr.
949 2023 1031 2078 Petri.
1067 2021 1127 2075 Mr.

427 2110 476 2161 sed
491 2097 557 2161 tibe'r
575 2109 713 2161 habendus
732 2111 836 2162 omniuo
854 2130 908 2162 non
925 2111 998 2179 erit.]
1036 2110 1108 2176 „Sed
1124 2128 1192 2161 omn.
1211 2106 1258 2160 tib.
1278 2105 1337 2158 liat.
1351 2123 1389 2155 non

355 2197 418 2260 erit,
438 2197 662 2267 quattuordecim.
699 2198 752 2249 Sed
778 2197 845 2250 liber
872 2199 976 2251 omnino
994 2219 1046 2250 non
1071 2198 1136 2262 erit,
1155 2215 1235 2249 unus.
1288 2194 1339 2246 Sed
1356 2189 1389 2243 tt.

355 2282 417 2335 tat.
432 2285 507 2336 modo
519 2286 642 2349 nouerit,
661 2288 758 2338 unus.“
777 2285 849 2338 Ald.
870 2286 921 2339 ttta
930 2307 956 2341 n.
994 2286 1047 2338 Sed
1061 2295 1096 2336 et
1115 2283 1182 2336 liber
1201 2281 1271 2336 Cod.
1282 2283 1348 2336 Gud.
1357 2281 1390 2341 ll.;

356 2370 404 2421 sed
420 2371 469 2421 eti
475 2389 525 2423 am
544 2371 610 2424 liber
627 2371 728 2436 Ox.1.;
746 2374 795 2426 sed
812 2373 877 2428 tiber
897 2376 1034 2448 quidem
1052 2372 1114 2426 hab.
1132 2370 1183 2425 Or.
1204 2371 1252 2435 E.;
1281 2371 1327 2424 sed
1341 2369 1389 2420 liber

356 2458 452 2510 ltomo
471 2458 533 2512 aab.
552 2461 610 2513 Cra.
630 2464 672 2524 1.;
694 2461 719 2514 in
737 2462 816 2515 Drsd.
834 2467 859 2516 2.
886 2475 925 2517 est
943 2464 1047 2515 omtsino
1071 2460 1228 2521 habendum
1260 2460 1289 2512 in
1308 2457 1387 2513 Onll.

355 2546 429 2599 deest
447 2547 559 2600 omnino.
578 2547 638 2600 Mr.
657 2579 692 2588 -
729 2549 872 2617 Graevius,
898 2552 943 2624 qui
963 2552 991 2604 in
1011 2560 1080 2604 textu
1099 2547 1220 2614 exbibet,
1250 2548 1320 2619 quod
1345 2564 1388 2608 nos,

356 2633 383 2686 in
403 2633 542 2699 lemmate,
567 2637 657 2690 nescio
677 2637 761 2702 unde,
784 2640 889 2710 scripsit
906 2639 954 2692 sed
970 2638 1036 2690 liber
1062 2639 1201 2690 omnino
1227 2634 1388 2686 habendus

356 2742 408 2774 non
427 2734 479 2776 est
486 2745 496 2785 ,·
525 2723 603 2797 eique
622 2724 692 2779 hanc
717 2728 919 2781 annotationem
939 2727 1064 2781 subiecit:
1093 2723 1228 2796 „Egregie
1247 2721 1390 2777 Claudianus

358 2810 403 2863 lV.
422 2810 532 2883 Consul.
551 2812 680 2879 Honos-ii,

472 2903 513 2951 Tu
533 2900 595 2951 licet
614 2912 746 2953 extremos
765 2902 821 2954 late
841 2904 971 2955 dontinere
986 2922 1036 2972 per
1055 2902 1147 2954 Indos·
1221 2914 1224 2918 ’

473 2990 508 3037 Te
527 2980 639 3045 Medus.
659 2999 686 3039 te
705 2989 791 3043 mollis
810 2990 918 3047 Arabs,
937 3000 963 3041 te
980 2992 1058 3041 Seres
1077 2990 1206 3040 odorent:

469 3074 499 3123 Si
518 3077 629 3138 metuis,
646 3076 671 3126 si
685 3094 774 3145 prava
792 3079 885 3147 cupis,
904 3078 928 3130 si
947 3077 1051 3129 duceris
1068 3077 1124 3141 iro,

469 3162 579 3213 Seruilii
592 3162 698 3231 potiere
717 3163 827 3234 iugum,
846 3164 973 3219 tolerabis
987 3164 1095 3237 iniquas

471 3250 591 3301 Interius
609 3250 687 3321 leges.
706 3278 742 3290 -

356 3332 505 3389 Extremam
524 3337 675 3391 servitutem
702 3350 777 3391 vocat
795 3338 923 3393 Boethius
941 3341 975 3394 V.
994 3340 1028 3393 de
1046 3338 1182 3393 Consolat.
1209 3338 1308 3394 Philos.
1332 3341 1393 3392 cit

355 3426 486 3476 Extremo
505 3436 545 3477 est
564 3425 695 3490 servitus,
721 3444 781 3476 cum
807 3426 913 3478 animae
940 3428 1090 3493 humanae,
1117 3427 1194 3479 vitiis
1217 3428 1335 3489 declitae,
1356 3441 1391 3475 ra·

356 3512 436 3565 tionis
452 3514 578 3583 propriae
593 3513 759 3582 possessione
777 3514 939 3567 ceciderunt.
976 3514 1036 3567 Vid.
1055 3513 1086 3567 C.
1097 3513 1238 3568 Barthium
1259 3514 1323 3567 olim
1340 3510 1392 3563 ado·

356 3599 504 3662 lescentiae,
521 3612 626 3654 nostrae
652 3601 784 3654 fautorem
812 3601 839 3655 in
864 3603 934 3657 notis
956 3604 989 3657 ad
1016 3603 1042 3657 d.
1062 3602 1079 3657 l.
1103 3600 1276 3655 Claudiani.“
1322 3602 1394 3653 Locus

355 3684 495 3740 Claudiani
513 3689 552 3741 est
577 3708 598 3739 v.
617 3691 781 3743 257-261.
806 3710 832 3760 p.
852 3692 913 3743 163.
940 3689 1037 3756 Gesn.;
1064 3688 1166 3744 Barthii
1192 3698 1287 3741 annot.
1306 3686 1352 3738 vid.
1372 3682 1394 3734 in

355 3772 388 3839 ej.
413 3774 474 3827 odit.
498 3794 524 3844 p.
545 3778 707 3829 oet—632.
730 3776 818 3829 Locus
844 3775 947 3831 Boethii
966 3788 1004 3831 est
1029 3778 1056 3830 in
1075 3776 1124 3830 Ed.
1143 3776 1230 3849 Lugd.
1251 3776 1309 3831 Bat.
1327 3779 1394 3831 1bl8.

357 3877 383 3928 p.
403 3860 463 3912 239.
494 3859 580 3916 studit
599 3860 701 3916 Gernlr.
719 3863 810 3918 Horat.
829 3867 947 3922 Carmm.
965 3865 997 3933 ll,
1018 3872 1043 3933 2,
1063 3868 1079 3919 ll
1099 3885 1157 3936 sqq.
1196 3864 1257 3917 Mc.

427 3949 572 4000 Praeclare
600 3951 669 4005 enim
692 3961 734 4003 est
760 3953 810 4005 boc
838 3965 1003 4023 usurpatum
1032 3973 1050 4005 α
1079 3951 1240 4005 doctissimis
1249 3955 1268 4021 ,]
1315 3949 1395 4016 „Enim

356 4052 449 4086 onmes
467 4034 528 4089 mei.
563 4037 656 4088 Etiam
675 4058 725 4109 pro
742 4040 812 4093 enim
830 4040 922 4095 alias.“
954 4041 1027 4095 Atd.
1043 4040 1132 4096 Man.
1181 4040 1309 4105 „Stoicos
1336 4039 1394 4092 dicit.

355 4121 464 4194 Alioqui
483 4122 650 4181 doctissimos
669 4123 791 4182 homines
809 4130 926 4202 appellat
944 4135 1044 4204 poetas,
1065 4139 1095 4182 ut
1113 4147 1163 4199 pro
1184 4128 1289 4181 Milone
1309 4126 1394 4196 [3,S.]:

355 4212 417 4265 Non
433 4210 490 4265 sine
510 4228 594 4262 causo
605 4212 685 4279 fictis
698 4214 808 4285 sabulis
827 4219 974 4272 doctissimi
993 4217 1110 4270 hormines
1127 4217 1269 4268 memoriae
1283 4217 1395 4287 proditis·

355 4303 445 4353 runt.“
464 4298 538 4353 Fro.
556 4296 644 4370 Sylv.
689 4300 828 4375 „Longior
845 4303 908 4359 b.'l.
936 4316 974 4359 est
993 4302 1155 4378 parenthesis
1179 4302 1244 4357 inde
1262 4323 1278 4356 a
1296 4318 1394 4374 quorum

357 4386 521 4467 auctoritate
540 4406 624 4459 usque
643 4387 674 4441 ad
700 4391 857 4458 perdidisse·
876 4426 910 4435 —
952 4398 1121 4463 Usurpatum
1148 4402 1189 4445 est
1215 4392 1234 4445 i.
1253 4412 1280 4464 q.
1305 4388 1394 4461 saepius

359 4467 469 4537 dictum,
486 4473 639 4543 repetitum,
663 4477 869 4549 frequentatum,
889 4481 1062 4537 celebratum.
1093 4480 1253 4535 Dostissimi
1270 4490 1330 4535 sunt
1345 4474 1393 4549 plsiv
