3517 5450
676 751 871 801 rautnoxou
899 753 941 800 ιν.
969 754 1039 802 etr.
1058 755 1079 802 t.
1331 734 1403 806 177

357 913 429 968 labet
446 911 633 968 auctoritatem
651 911 753 966 codicis
777 909 836 967 MS.
880 908 950 964 Mira
975 922 1015 965 est
1037 910 1116 964 lectio
1134 910 1182 965 Ed.
1208 924 1314 967 nostrae
1335 917 1402 969 Ven.

355 1005 435 1056 teta:
454 1018 526 1073 quoe
546 999 638 1051 vitta
657 1008 726 1053 erat.
764 997 832 1052 lllud
852 1008 911 1050 tum
923 997 1027 1051 addunt
1041 997 1153 1052 Lambb.
1165 997 1246 1054 Goth.
1263 1000 1403 1054 AudTat.

352 1087 425 1161 sylb.
443 1086 506 1141 ald.
527 1089 607 1142 1548.
627 1089 706 1142 1551.
725 1085 802 1139 Boul.
823 1083 886 1138 Car.
905 1082 997 1155 Steph.
1033 1084 1097 1138 Sola
1116 1085 1178 1142 Aac.
1197 1090 1278 1143 1511.
1301 1089 1404 1142 exhibet

353 1177 434 1248 quia
453 1173 533 1226 nulla
549 1185 619 1228 erat.
655 1172 725 1227 lllud
743 1183 803 1225 tum
824 1192 879 1227 non
898 1182 937 1226 est
954 1172 983 1224 in
1003 1170 1089 1227 Codd.
1108 1175 1186 1229 notis.
1225 1178 1283 1230 Mr.

420 1261 570 1313 arcessitus
587 1262 618 1312 in
634 1261 773 1312 civitatem
791 1262 874 1329 sum,]
912 1259 1000 1313 Nemo
1019 1261 1162 1314 mirabitur
1179 1282 1233 1316 esse
1252 1264 1280 1316 in
1300 1265 1403 1338 aliquot

348 1349 421 1403 libris
438 1348 545 1419 scriptis
564 1359 590 1402 et
608 1348 685 1403 editis
703 1347 870 1400 accersitus.-
899 1358 924 1401 et
941 1347 1041 1402 habent
1058 1347 1111 1402 lroc
1130 1351 1188 1402 Cra
1207 1353 1233 1404 1.
1250 1349 1315 1405 On.
1333 1373 1358 1422 η.
1378 1374 1402 1407 ι.

347 1454 376 1499 ψ.
395 1438 455 1490 Cra.
474 1441 499 1490 ².
519 1433 593 1489 Gud.
610 1434 642 1490 Β.
658 1434 744 1504 (Gud.
763 1434 797 1487 Α.
816 1445 965 1488 assertus
984 1455 1043 1488 sum
1058 1436 1087 1488 in
1102 1437 1259 1507 civitatem).
1295 1439 1403 1497 Suerin.

347 1522 405 1592 (sed
424 1522 470 1576 hic
488 1522 635 1596 praemisso
653 1522 712 1586 ssd,
731 1532 760 1574 ut
779 1519 844 1574 On.
857 1520 889 1573 E.
903 1518 937 1589 l.)
955 1521 1072 1594 itemque
1088 1524 1157 1580 Edd.
1170 1537 1229 1580 vett.
1241 1539 1302 1583 ante
1312 1528 1401 1595 Grut,

348 1611 464 1681 suceptis
480 1609 575 1662 Lamb.
592 1620 619 1663 et
637 1608 735 1663 Colon.
780 1608 823 1671 De
849 1626 903 1678 qua
930 1609 1078 1680 scripturae
1104 1611 1252 1669 diversitate
1280 1636 1335 1671 non
1364 1629 1402 1673 est

348 1698 421 1771 qnod
441 1697 601 1769 loquamur,
621 1717 683 1752 curn
701 1695 848 1761 sufficiant,
878 1708 1026 1767 quaesunt
1049 1699 1078 1751 in
1098 1699 1148 1753 Ed.
1167 1701 1311 1757 Forcellini
1331 1702 1403 1758 Ger·

349 1786 455 1839 manica
476 1805 500 1837 v.
526 1803 647 1851 arcesso,
670 1795 697 1837 et
721 1784 792 1855 apud
816 1782 1054 1850 Doederleinium,
1079 1787 1127 1857 ‘qui
1154 1788 1253 1842 ibidem
1279 1790 1402 1846 laudatur

349 1877 428 1936 (Lat.
445 1876 548 1942 Syrien.
566 1891 594 1925 u.
612 1872 747 1943 Etymol.)
767 1869 813 1923 111.
830 1890 856 1941 p.
876 1873 929 1925 281
949 1891 988 1943 sq.
1024 1871 1103 1940 Quae
1127 1888 1277 1946 sequuntur
1298 1881 1344 1944 „in
1363 1882 1402 1930 ci-

349 1961 462 2012 vitatem
474 1963 551 2012 sunt“
568 1959 696 2032 leguntur
708 1979 767 2012 sum
781 1959 810 2010 in
818 1959 958 2010 civitatem
972 1959 999 2012 in
1015 1961 1101 2014 Codd.
1112 1961 1171 2016 Bas.
1184 1961 1274 2018 Guelf.
1286 1964 1357 2019 Gud.
1368 1968 1402 2021 Α.

349 2047 429 2101 Dnd.
439 2049 466 2100 1.
479 2049 505 2102 3.
518 2051 545 2102 5.
581 2047 611 2101 ln
630 2047 680 2101 Ed.
690 2047 752 2101 Aac.
763 2050 841 2102 1511.
861 2057 887 2100 et
905 2047 966 2101 Par.
977 2067 997 2101 s.
1010 2067 1034 2101 a.
1054 2067 1110 2104 acc.
1129 2069 1189 2102 sum
1206 2054 1402 2124 aliquando

348 2135 377 2187 in
394 2135 543 2189 civitatem.
586 2133 629 2188 Ad
654 2135 812 2188 sententiam
839 2145 932 2189 monet
956 2136 1044 2207 Wyu.
1072 2136 1138 2191 liaeo
1162 2139 1265 2205 omnia,
1280 2140 1402 2211 pluribus

349 2222 476 2295 explicari
491 2223 519 2297 in
540 2221 591 2276 Or.
608 2234 668 2294 post
685 2223 750 2276 Red.
769 2223 803 2277 ad
823 2221 901 2290 Quin
922 2241 945 2276 c.
965 2226 991 2277 6.
1027 2223 1089 2278 Mr.

420 2329 523 2382 quum
541 2321 610 2362 esset
637 2312 665 2362 in
683 2310 838 2380 republica
862 2297 986 2378 consul]
1023 2312 1104 2378 „Non
1131 2314 1226 2369 desunt
1249 2315 1277 2369 in
1303 2319 1403 2389 quihus

349 2399 456 2470 legatur
477 2399 521 2450 Ut
539 2408 609 2450 esset
634 2399 663 2450 in
682 2399 835 2467 republica
852 2400 954 2452 consul.
997 2398 1051 2452 Sed
1076 2399 1217 2456 lectionem
1245 2403 1316 2457 hanc
1340 2406 1403 2459 reii-

349 2487 472 2542 ciendam
498 2503 571 2550 esse,
595 2485 655 2538 satis
673 2497 840 2539 ¹constat-es
860 2484 1022 2551 Plutarcho,
1051 2488 1097 2558 qui
1124 2488 1152 2541 in
1179 2490 1240 2542 Vita
1264 2489 1403 2545 Ciceronis

350 2573 385 2640 [c.
403 2575 461 2638 33]
480 2571 520 2625 sic
538 2571 587 2625 ait:
611 2567 647 2638 ‘Q
669 2574 699 2625 dl
718 2569 842 2631 Κλώδιος
861 2602 895 2612 -
918 2569 1025 2642 φοβερδς
1043 2569 1078 2625 ὂν
1095 2587 1150 2633 τοῖς
1168 2570 1403 2646 α’ριστοκρατικιις,

350 2665 392 2712 καὶ
408 2657 457 2712 ‘cdv
474 2661 559 2729 δῆμον
578 2655 706 2721 drumm
731 2663 768 2718 εὶς
792 2652 866 2731 ὕβριν
892 2656 990 2731 πολλήν
1007 2666 1052 2713 καὶ
1076 2659 1234 2733 θρασύτητα
1253 2664 1403 2727 συνεφελκὸ·

349 2766 423 2809 paroc
439 2750 562 2817 ἐπεχείρει
579 2751 617 2817 τῷ
642 2750 788 2817 Πομπηΐῳ,
815 2751 867 2801 τῶν
895 2751 1059 2817 διῳκημένων
1084 2747 1128 2803 ὑπ’
1153 2748 1236 2805 αὐτοῦ
1262 2750 1330 2807 nurci
1355 2753 1403 2825 τήν

350 2844 491 2909 στρατείαν
508 2836 563 2888 ἕνια
582 2834 748 2907 σπαράττων.
793 2834 849 2897 Ἐφ’
867 2833 905 2895 οἷς
924 2832 937 2887 ὅ
954 2837 1092 2907 Πομπήϊος
1109 2836 1208 2899 (idaeus
1225 2836 1336 2901 ἐκάκιζεν
1354 2840 1402 2895 uai-

349 2915 511 2988 ra'c'u'ricdr,
537 2920 674 2993 προέμεναι·
698 2921 744 2977 κᾶν
767 2927 918 2996 Κικέρωνα·
944 2931 988 2978 καὶ
1011 2926 1090 2979 πάλιν
1114 2930 1140 2979 ἐκ
1167 2932 1313 2998 μεταβολῆς
1337 2950 1403 2982 παν-

349 3025 419 3071 τοῖος
446 3016 554 3077 ἐγένετο,
579 3008 702 3081 πράττων
733 3009 851 3065 κάθοδον
877 3010 950 3083 αὐτῷ
969 3007 1035 3077 μετα
1057 3016 1110 3066 τῶν
1136 3018 1224 3077 φίλων.
1269 3017 1404 3072 Favebant

350 3100 495 3175 praecipue
514 3097 639 3153 Ciceroni
658 3100 786 3155 Lentulus
806 3102 898 3155 consul
926 3113 952 3156 et
971 3103 1072 3156 tribuni
1096 3102 1179 3174 aliqui
1205 3102 1303 3174 plebis,
1334 3105 1404 3158 inter

350 3208 417 3261 quos
437 3198 495 3242 erat
511 3187 668 3259 Uannius
686 3188 767 3255 llllilo,
778 3188 826 3243 ⁴vir
844 3191 920 3244 lortis
938 3201 964 3244 et
985 3190 1138 3253 vehemens,
1158 3210 1207 3261 pro
1227 3211 1282 3263 quo
1301 3204 1340 3246 est
1357 3193 1404 3247 Ci-

351 3277 460 3333 ceronis
479 3276 616 3346 praeclara
636 3280 730 3330 oratio.
768 3277 897 3348 lslegem
917 3278 1021 3331 serebat
1037 3277 1070 3330 de
1089 3298 1121 3332 eo
1139 3278 1302 3331 reducendo.
1350 3277 1405 3333 Ce-

350 3378 438 3422 terum
456 3362 569 3419 exulavit
585 3365 689 3431 Cicero,
709 3363 814 3430 Pisone,
837 3363 1000 3436 Calpurniae
1018 3375 1110 3435 patre,
1129 3375 1154 3417 et
1172 3365 1202 3416 P.
1221 3363 1347 3427 Gabinio,
1364 3366 1403 3417 vel

350 3457 394 3525 (nt
410 3445 450 3508 est
469 3455 497 3507 in
516 3453 567 3507 vita
586 3450 697 3506 Catonis
715 3450 849 3506 Uticensis
872 3451 945 3522 apud
964 3449 1152 3518 Plutarchum)
1177 3449 1294 3503 Gabinio
1319 3450 1404 3503 Paulo

349 3540 520 3598 consulibus:
540 3558 655 3612 quorum
674 3539 719 3593 ille
737 3539 781 3609 (ut
799 3538 870 3591 idem
889 3538 981 3607 tradit)
999 3558 1076 3592 socer
1103 3548 1160 3590 erat
1178 3535 1313 3602 Caesaris,
1343 3536 1404 3589 ideo

351 3627 480 3686 Ciceroni
499 3628 611 3692 infensi,
633 3628 706 3699 quod
716 3666 724 3695 ,
742 3646 805 3681 cum
823 3627 888 3688 eius,
899 3628 928 3681 in
946 3626 1063 3681 Galliam
1080 3626 1182 3697 legatus
1192 3623 1405 3693 essetprofectu·

350 3738 408 3785 rus,
428 3717 582 3771 institutum·
597 3726 736 3769 mutasset:
755 3714 799 3768 hic
817 3734 845 3767 ez
865 3714 998 3786 supplicio
1017 3714 1219 3768 coniuratorum
1236 3710 1327 3762 odium
1337 3729 1405 3764 con-

351 3818 469 3879 ceperat.
506 3806 599 3877 ltaque
625 3804 721 3875 partim
747 3803 884 3869 simulate,
911 3804 1008 3874 partim
1034 3800 1165 3855 beneficio
1194 3797 1354 3851 accusatoris
1381 3812 1406 3853 et

351 3894 478 3948 mercede
497 3891 698 3963 provinciarum
716 3890 830 3956 inducti,
848 3888 945 3943 Clodio
965 3891 1097 3944 latebant.
1132 3886 1170 3940 At
1184 3906 1229 3939 eos
1240 3886 1320 3939 luisse
1339 3906 1407 3940 con·

350 3982 435 4049 sules,
457 3979 555 4034 Cicero
573 3991 662 4051 negat.
706 3977 775 4032 Nam
794 3997 857 4031 cum
876 3979 971 4032 exactis
996 3978 1103 4049 regibus
1122 3974 1316 4030 consulendum
1342 3986 1407 4027 esset

352 4070 390 4122 rei
413 4067 551 4141 publicae,
571 4068 653 4122 creati
671 4078 732 4120 sunt
752 4064 883 4120 consules.
931 4065 1031 4118 Consul
1050 4065 1201 4136 igiturest,
1228 4064 1275 4135 qui
1294 4062 1407 4116 consulit

349 4157 402 4211 sive
422 4156 552 4227 providet.
598 4155 635 4209 At
652 4174 715 4209 cum
734 4154 771 4207 illi
790 4155 875 4207 virum
895 4154 1028 4225 optimum
1045 4172 1077 4205 ac
1094 4150 1231 4223 praeclare
1259 4150 1292 4201 de
1309 4169 1337 4201 re
1355 4168 1406 4218 pu-

352 4234 421 4298 blic'a
441 4243 568 4297 meritum
589 4243 615 4295 in
636 4243 743 4295 exilium
762 4243 907 4307 mitterent,
927 4261 985 4302 nec¹
996 4240 1047 4294 alia
1067 4240 1203 4293 mitterent
1221 4255 1307 4302 causa,
1327 4255 1407 4307 quam

352 4332 424 4403 quod
445 4330 542 4385 Clodio
561 4331 760 4386 sceleratissimo
778 4350 811 4385 ac
829 4330 1042 4402 pestilentissimo
1060 4327 1192 4381 laterent:
1220 4343 1282 4395 quo·
1301 4323 1407 4375 tandem

353 4419 435 4474 modo
454 4420 495 4472 rei
512 4418 636 4490 publicae
654 4418 849 4475 consulebant?
887 4419 967 4472 llecte
992 4417 1074 4489 igitur
1092 4414 1188 4468 Cicero
1220 4432 1235 4465 a
1260 4414 1409 4482 coniugatis

355 4509 469 4577 probat,
501 4526 556 4560 non
582 4508 661 4562 luisse
687 4507 837 4582 consules.“
865 4507 1067 4560 Morisotus.
1113 4504 1171 4567 „Te
1191 4500 1283 4572 fuisso
1308 4502 1409 4551 Romae

1135 4588 1179 4659 12
