3517 5450
358 736 464 782 xxvtu
524 733 762 781 PROLEGOMENA
789 734 831 778 ΑΙ)
860 733 1029 780 CICERONIS
1057 734 1242 780 Ptmuoxs.

358 896 428 946 vides
445 895 622 965 suspicionem
642 906 728 947 ortam
748 912 802 945 esse
821 912 849 944 ex
871 911 948 962 prora
969 893 1113 947 multorum
1140 893 1270 948 librorum
1297 893 1401 947 lection.

358 983 384 1034 in
412 983 570 1047 Prooemio,
601 983 645 1035 ubi
675 1002 748 1034 nunc
774 994 844 1035 recte
876 982 972 1052 legitur
997 982 1025 1032 in
1061 994 1242 1051 acceptum
1262 993 1294 1034 ut
1321 984 1401 1053 rese·

358 1092 422 1123 ras.
467 1071 591 1137 Accedit,
626 1072 697 1142 quod
731 1072 757 1123 in
784 1071 877 1123 eodem
900 1070 1038 1140 prooemio
1064 1070 1195 1141 significat
1223 1070 1279 1141 ipse
1304 1069 1401 1123 Cicero

357 1161 471 1230 proferri
486 1179 516 1212 se
535 1159 600 1211 velle
618 1160 644 1211 in
663 1159 750 1212 lucem
771 1161 810 1222 id,
830 1159 902 1230 quod
923 1159 974 1210 hoc
993 1158 1082 1211 libello
1102 1160 1244 1211 scribendo
1264 1158 1401 1211 tentaverit

356 1249 476 1318 lpsornm
495 1258 584 1299 autem
604 1245 757 1300 Stoicorum
778 1248 810 1300 de
829 1249 868 1300 his
883 1247 1020 1317 paradoris
1037 1247 1180 1300 sententias
1200 1247 1290 1299 laudat
1303 1247 1331 1298 in
1351 1244 1396 1297 Ma

357 1336 519 1387 nuductione
546 1335 580 1387 ad
605 1335 802 1406 Philosophiam
832 1335 949 1389 Stoicam
975 1336 1003 1388 L.
1024 1335 1067 1387 ΙΙΙ.
1094 1334 1162 1387 Diss.
1181 1335 1212 1386 ll.
1240 1355 1265 1405 p.
1284 1339 1349 1387 150.
1370 1335 1400 1387 ed

357 1423 458 1487 VesaL,
478 1442 592 1494 quarum
612 1424 677 1477 duas
695 1423 880 1489 Graecorum,
919 1444 999 1476 unam
1026 1423 1140 1476 hominis
1159 1423 1274 1474 Romani
1304 1421 1401 1474 addam

356 1511 498 1583 Chrysippi
518 1513 590 1564 enim
608 1513 645 1564 ibi
657 1511 722 1566 haec
733 1513 812 1566 affert
822 1513 855 1565 de
874 1508 1045 1581 παραδόξοις·
1065 1506 1117 1562 Aoo*
1136 1515 1179 1561 καὶ
1197 1507 1244 1561 daci
1262 1507 1313 1578 τήν
1333 1506 1400 1578 dnsp

355 1596 435 1665 βολήν
454 1601 500 1648 τοῦ
518 1620 546 1650 τε
564 1604 691 1664 μεγέθους
710 1606 753 1651 καὶ
771 1603 819 1652 τοῦ
838 1600 949 1658 κάλλους
968 1596 1103 1660 πλάσμασι
1122 1601 1249 1659 δοκοῦμεν
1274 1593 1351 1658 ὅμοια
1371 1602 1401 1650 ΙΙ

354 1707 422 1750 year,
440 1692 483 1737 καὶ
501 1685 532 1737 od
549 1685 607 1738 κατ’
625 1686 825 1757 ἄνθρωπονκαὶ
843 1684 892 1755 τήν
911 1686 1080 1756 ἀνθρωπίνην
1095 1687 1186 1748 pilon:
1205 1685 1344 1739 Cleanthis
1362 1706 1401 1738 au·

357 1785 424 1827 tem:
444 1776 578 1844 παράδοξα
596 1779 648 1839 μὲν,
669 1774 700 1828 ου’
716 1773 769 1844 μήν
789 1773 936 1844 παράλογα.
973 1775 1010 1826 Es
1029 1775 1147 1828 Senecae
1167 1786 1255 1827 autem
1276 1775 1310 1826 de
1322 1775 1401 1827 Bene·

356 1865 420 1920 liciis
439 1864 508 1916 libro
528 1865 559 1929 ll,
579 1867 623 1918 35.
643 1864 720 1917 haec:
746 1867 775 1917 A
801 1865 992 1915 consuetudine
1019 1865 1166 1934 quaedum,
1193 1880 1262 1932 quae
1288 1863 1401 1913 dicimus

356 1951 517 2004 abhorrent:
548 1952 640 2003 deinde
667 1952 724 2002 alia
749 1951 794 2004 via
815 1951 853 2001 ad
873 1951 1092 2002 consuetudinem
1117 1951 1239 2002 redeunt.
1282 1947 1400 2000 Ceterun

355 2039 435 2109 longe
462 2042 589 2093 maiorem
614 2040 694 2093 luisse
723 2040 923 2092 Paradororum
956 2038 1110 2091 Stoicorum
1139 2058 1296 2101 numerum,
1328 2057 1400 2107 quan

356 2148 424 2198 quae
442 2127 547 2182 libellus
565 2139 654 2181 noster
674 2130 795 2199 exponit,
815 2140 908 2181 notum
928 2138 975 2180 est.
1018 2128 1106 2180 Pauca
1131 2138 1248 2191 tautum,
1270 2147 1361 2197 neque
1379 2147 1401 2179 ei

357 2217 516 2286 praecipua,
535 2216 681 2270 tractavisse
701 2215 876 2280 Ciceronem,
902 2217 983 2286 idque
1003 2236 1058 2268 non
1078 2214 1227 2285 philosophi
1246 2215 1292 2266 sed
1318 2229 1401 2268 orato·

357 2303 391 2355 ris
411 2304 507 2369 modo,
528 2304 591 2357 dicit
609 2303 712 2374 Lipsius
730 2304 746 2356 Ι.
767 2325 788 2358 c.
808 2325 833 2375 p.
853 2307 949 2372 TW).
986 2305 1164 2376 Hieronymus
1182 2317 1271 2357 autem
1292 2304 1401 2358 Wolfio:

357 2391 507 2456 contendit,
526 2393 593 2442 hoec
612 2391 777 2461 potissimum
798 2393 924 2463 delegisse
944 2391 1119 2458 Ciceronem,
1149 2393 1227 2463 quia,
1253 2378 1298 2444 liis
1325 2395 1401 2463 probi

357 2479 482 2548 cognitis,
509 2480 609 2550 reliqua
637 2481 794 2534 existimaret
819 2482 938 2534 faciliora
963 2502 1016 2534 esse
1040 2483 1130 2534 omnis
1149 2493 1175 2534 et
1202 2482 1234 2532 ad
1256 2482 1401 2552 intelligen-

356 2568 419 2619 dum
439 2568 598 2638 expeditiora
609 2569 654 2640 **).
703 2570 829 2642 Disputat
854 2583 942 2624 autem
964 2572 981 2622 Ι.
1002 2571 1105 2641 Lipsius
1125 2570 1157 2622 de
1178 2570 1268 2639 viginti
1288 2570 1401 2640 quinque

355 2657 469 2728 amplius
488 2656 643 2720 Paradoris,
663 2676 717 2709 non
737 2660 839 2712 omissis
857 2661 902 2723 iis,
922 2680 990 2731 quae
1010 2657 1105 2710 Cicero
1126 2657 1252 2718 tractavit,
1271 2658 1401 2709 omnium-

357 2766 408 2817 que
427 2757 453 2798 et
472 2745 559 2797 sedem
585 2756 610 2797 et
628 2747 786 2799 sententiam
814 2749 922 2818 exponit
941 2748 957 2799 Ι.
977 2768 999 2801 c.
1019 2747 1086 2799 Dies.
1104 2746 1247 2798 ll—XXl.
1269 2767 1295 2815 p.
1315 2748 1401 2799 ⁶13-

356 2838 417 2887 821.
463 2832 496 2885 Et
519 2833 551 2884 de
574 2835 662 2901 primo
690 2835 797 2904 quidem
824 2858 856 2890 ac
874 2839 989 2887 secundo
1008 2836 1127 2907 loquitur
1153 2835 1180 2885 L.
1201 2834 1231 2887 ll.
1260 2834 1327 2885 Diss.
1348 2834 1400 2885 XX.

357 2943 383 2993 p.
402 2925 567 2975 tut-732.
586 2921 615 2972 L.
636 2920 679 2975 lll.
698 2922 764 2975 Diss.
783 2927 816 2977 Χ.
837 2947 862 2996 p.
882 2929 1054 2987 its-'tw
1074 2925 1106 2975 de
1126 2925 1206 2973 tertio
1226 2922 1254 2973 L.
1274 2920 1319 2975 ΙΙΙ.
1340 2921 1397 2973 Diss

356 3010 427 3064 XXl.
455 3030 481 3079 p.
500 3012 672 3073 sut-8⁰83
704 3011 736 3063 de
765 3024 863 3082 quarto
893 3015 928 3067 ib.
955 3014 1023 3066 lliss.
1042 3014 1101 3065 XX.
1131 3032 1155 3082 p.
1173 3014 1344 3075 803-806,
1375 3010 1401 3060 dr

357 3099 450 3167 quinto
479 3096 548 3149 Diss.
566 3095 624 3163 Xll,
651 3117 676 3167 p.
694 3102 864 3166 ‘da-tem
900 3105 932 3156 de
959 3114 1036 3154 sexto
1064 3101 1180 3170 denique
1203 3099 1239 3151 ib.
1268 3098 1337 3150 Diss.
1362 3097 1396 3151 ΙΙΙ

364 3231 566 3240 ——w

427 3310 454 3371 *)
474 3306 793 3377 Morgensternius,
813 3320 906 3361 contra
926 3310 1004 3379 Lipsii
1025 3307 1191 3371 sententiam,
1215 3307 1317 3376 potiora
1339 3326 1401 3358 con-

357 3378 439 3431 tendit
459 3381 617 3430 Ciceronem
638 3379 758 3450 elegisse:
778 3381 850 3451 quod
868 3381 931 3432 mihi
951 3400 1063 3451 quoque
1083 3380 1193 3430 videtur.

408 3452 448 3516 ”J
469 3450 559 3503 Refert
578 3452 647 3503 idem
667 3451 798 3515 Wollms,
825 3453 973 3523 scripsisse,
1000 3454 1033 3504 ad
1059 3451 1234 3504 imitationem
1259 3449 1396 3499 Ciceronis

355 3523 464 3575 doctum
476 3522 609 3592 quendam
621 3520 724 3588 ltalum,
737 3523 799 3575 Bra
810 3545 826 3576 n
835 3525 850 3575 d
860 3543 875 3576 o
885 3525 892 3575 Ι
902 3526 909 3575 i
919 3545 935 3575 n
945 3544 961 3575 u
971 3544 996 3575 m
1011 3524 1125 3593 Lippum
1137 3523 1193 3592 [qui
1213 3522 1263 3572 luit
1274 3520 1401 3571 Florenti-

357 3613 421 3657 nus,
441 3592 541 3644 Romae
560 3603 679 3645 mortuus
700 3614 722 3646 a.
741 3598 825 3659 1498,
855 3607 926 3665 peste
945 3595 1110 3665 absumptus]
1137 3605 1237 3663 septem
1258 3591 1401 3642 Paradoxc

358 3663 527 3725 Christiana,
555 3682 669 3734 quorum
700 3664 748 3717 tria
776 3666 865 3735 priora
894 3678 966 3719 sunt:
1008 3666 1167 3735 Diligendos
1196 3682 1252 3714 esse
1279 3663 1397 3713 inimicos

357 3738 472 3785 Mortem
483 3736 597 3803 flagitio
614 3752 670 3785 esse
688 3738 909 3804 anteponendum.
946 3737 1058 3788 Nullum
1076 3738 1103 3785 in
1123 3737 1174 3785 lzcc
1193 3736 1250 3785 vitu
1269 3754 1326 3785 esse
1338 3734 1401 3802 seli-

356 3807 473 3856 citatem.
510 3805 592 3858 Addit
607 3805 688 3869 idem,
707 3807 774 3859 duos
791 3808 861 3860 viros
879 3810 972 3860 doctos
990 3820 1083 3861 contra
1098 3806 1256 3860 Ciceronem
1273 3805 1401 3874 scripsisse

357 3876 582 3943 Antiparndoxo:
603 3877 717 3930 Vitum
730 3879 999 3946 Amerpachium
1012 3881 1069 3950 [qui
1080 3878 1184 3949 scripsit
1197 3879 1275 3929 eiiam
1290 3878 1401 3929 Enarra-

357 3948 441 4000 tiones
460 3946 589 4000 librorum
610 3949 642 4000 de
660 3949 778 4016 Officiis,
805 3950 884 4002 Basil.
905 3950 1021 4021 Oporin.
1041 3953 1118 4004 1548.
1137 3951 1189 4017 8.],
1208 3950 1314 4001 brevius
1333 3948 1401 4000 illum

357 4017 464 4089 quidem
486 4030 511 4071 et
525 4019 680 4085 adstrictius,
698 4022 743 4074 sed
763 4022 898 4074 nervosius
917 4034 942 4074 et
960 4022 1106 4074 efficacius:
1127 4034 1151 4074 et
1165 4020 1201 4071 Μ.
1215 4021 1401 4072 Antonium

357 4089 596 4160 Maioragium,
615 4092 697 4144 lusius
712 4104 737 4144 et
755 4095 897 4163 copiosius,
916 4094 960 4145 sed
982 4096 1064 4163 magis
1082 4095 1114 4145 ad
1134 4093 1233 4162 ingenii
1252 4091 1401 4146 ostentatio·

357 4181 428 4226 nem,
449 4182 528 4234 quum
543 4163 574 4215 od
587 4174 675 4216 tantae
685 4167 877 4217 controversiae
891 4166 1091 4235 explicationem
1105 4166 1267 4234 diligentem.
1280 4167 1315 4231 [A
1326 4184 1352 4215 m
1361 4182 1401 4213 er-

358 4255 394 4301 pa
404 4234 458 4287 clri
468 4236 475 4286 i
495 4235 705 4302 Aueiparodoxc
718 4236 875 4304 prodierunt
886 4238 1054 4308 Argentorati
1073 4258 1096 4289 a.
1107 4242 1185 4290 1541.
1203 4241 1236 4299 8,
1258 4237 1286 4287 Μ
1295 4256 1309 4288 a
1318 4238 1325 4289 i
1333 4257 1349 4290 o
1358 4254 1401 4288 ra·

357 4305 406 4374 gii
421 4318 507 4358 autem
519 4305 651 4375 Lugduni,
671 4327 693 4358 a.
706 4310 784 4360 1546,
821 4307 869 4359 Hic
887 4329 947 4360 vero
964 4327 996 4360 eo
1012 4310 1120 4359 nomine
1134 4309 1248 4377 graviter
1261 4309 1401 4378 reprehen-

359 4396 401 4426 sus
420 4389 456 4428 est
477 4398 490 4429 a
511 4376 623 4429 Mario
643 4378 780 4429 Nizolio
800 4379 826 4429 in
843 4379 973 4448 Epistola,
995 4400 1074 4450 quam
1095 4380 1196 4449 legesis
1210 4381 1235 4430 in
1249 4383 1401 4430 Collectiom

358 4448 542 4514 Epistularum
562 4451 652 4520 Murq.
670 4450 751 4500 Gudii
768 4460 794 4500 et
815 4450 922 4502 Claudii
940 4454 1072 4515 Sarravii,
1091 4470 1171 4522 qinom
1182 4451 1262 4503 edidit
1282 4452 1311 4502 Ι).
1325 4451 1401 4502 Bur·

360 4537 518 4585 mannus,
538 4519 626 4589 Hagae
646 4518 722 4573 Com.
742 4524 820 4573 ΙΙΙΙ.
840 4525 864 4573 4.
886 4544 910 4592 p.
932 4525 1107 4590 132—1tt.]
1153 4522 1210 4592 Ego
1236 4535 1330 4576 neutra
1351 4519 1398 4586 ridi
