3517 5450
681 741 875 791 etxtouxon
900 743 943 789 ιι.
971 743 1039 790 cer.
1057 743 1091 790 n.
1335 724 1404 797 193

353 910 418 982 pisse
438 906 574 971 affirmat,
596 924 629 958 ne
648 906 748 957 amicos
765 922 827 957 suos
847 922 896 974 pro
916 904 973 974 ipso
991 903 1148 976 depugnare
1167 918 1272 977 paratos
1291 908 1318 961 in
1339 909 1404 963 vitae

351 996 498 1050 discrimen
507 993 662 1047 adduceret.
701 992 785 1047 Cuius
803 992 949 1046 sententiae
967 992 1062 1063 plenae
1080 1005 1141 1048 sunt
1159 995 1293 1049 orationes
1304 996 1362 1050 eius
1379 998 1405 1050 in

351 1085 494 1149 Pisonem,
514 1101 565 1153 pro
585 1080 686 1144 Sextio,
702 1081 800 1134 aliae.“
821 1080 930 1151 Wytt.
968 1080 1009 1134 Ad
1030 1101 1086 1133 rem
1104 1081 1182 1136 docta
1202 1095 1241 1137 est
1259 1085 1334 1156 Xysti
1356 1087 1407 1138 lie-

351 1171 423 1224 tuleii
442 1169 600 1237 annotatio,
621 1187 701 1240 quam
722 1168 874 1223 exhibemus
893 1169 922 1222 in
941 1168 1058 1223 Excursu
1077 1167 1122 1243 IX.
1159 1169 1218 1223 Mt.

422 1277 511 1310 meum
536 1258 608 1310 illud
632 1259 686 1310 iter
709 1257 740 1310 ob
755 1255 990 1326 praeclarissimos
1017 1276 1059 1310 res
1084 1277 1102 1308 a
1129 1278 1169 1310 me
1191 1261 1296 1328 gestos]
1323 1259 1408 1315 codd.

353 1346 418 1400 Oxx.
428 1346 449 1399 Ι.
458 1367 486 1413 η.
505 1365 663 1418 meumque
682 1346 753 1397 illud
769 1345 829 1397 iter.
865 1344 919 1397 Pro
931 1345 963 1397 ob
981 1359 1021 1399 est
1036 1347 1075 1397 ad
1091 1347 1118 1401 in
1129 1344 1215 1400 Codd.
1226 1346 1292 1401 Oxx.
1303 1348 1334 1400 E.
1345 1349 1364 1401 l.
1377 1370 1406 1410 ψ.

353 1440 414 1492 Cra.
432 1438 459 1491 3.
479 1439 505 1488 2.
528 1433 602 1488 Gud.
629 1434 678 1500 B.;
706 1432 821 1504 glossam
854 1444 964 1502 propter
979 1435 1090 1488 ·lrabent
1121 1435 1200 1488 Drsd.
1219 1439 1244 1489 4.
1265 1439 1291 1489 5.
1318 1436 1408 1507 Pergit

353 1523 414 1576 Cra.
434 1522 658 1582 1.oldrt'ssr'mi1lr,·
688 1522 715 1574 in
742 1521 819 1574 Drod.
837 1526 863 1575 5.
888 1529 933 1576 εει
950 1523 1022 1587 illuri
1044 1525 1097 1575 iter
1124 1522 1274 1594 loquore
1298 1535 1408 1593 propter

351 1611 573 1681 praeclaras
599 1629 616 1660 a
647 1629 687 1662 me
713 1620 807 1680 gestos
827 1630 876 1664 res.
926 1609 1033 1663 Suerin.
1061 1609 1092 1662 ob
1116 1611 1348 1679 praeclarissimos·
1373 1623 1407 1663 et

332 1715 502 1769 'anagnias
530 1702 547 1748 rt
575 1715 613 1751 sne
638 1707 740 1767 gestos.
787 1697 843 1750 Pro
870 1715 888 1749 α
910 1715 955 1748 nte
980 1708 1074 1769 gestos
1100 1697 1197 1767 legitur
1222 1717 1239 1749 α
1267 1719 1306 1751 me
1328 1711 1408 1752 onte

353 1797 450 1857 gestos
467 1785 507 1839 ‚tn
533 1783 598 1838 Oxx.
625 1784 657 1838 E.
677 1788 695 1839 Ι.
715 1785 749 1838 U.
778 1805 802 1854 η.
822 1803 851 1847 ψ.
877 1783 937 1838 Cra.
955 1789 979 1839 1.
999 1789 1025 1841 3.
1049 1786 1128 1839 Drsd.
1148 1792 1174 1841 1.
1192 1791 1217 1839 2.
1233 1789 1259 1841 3.
1289 1798 1316 1840 ει
1340 1787 1407 1841 Edd.

355 1885 419 1929 vett..
434 1873 532 1926 nostris
548 1884 610 1926 ante
630 1872 724 1938 Grut,
752 1885 860 1944 excepta
879 1874 915 1942 (si
934 1872 1000 1927 fides
1018 1873 1168 1941 collationi)
1187 1872 1235 1927 Ed.
1255 1883 1298 1944 a'p.
1322 1874 1407 1933 Meus.

354 1964 473 2034 itemque
500 1961 593 2015 Laritb.
617 1960 713 2014 Colon.
740 1960 850 2013 Lanrbb.
875 1958 956 2014 Goth.
984 1973 1010 2015 et
1034 1961 1116 2015 libris
1132 1960 1242 2024 0rellii,
1271 1960 1325 2031 qui'
1343 1961 1406 2015 illud

354 2062 419 2103 onte
439 2050 626 2105 tantummodo
644 2070 673 2102 ex
694 2049 760 2102 Edd.
780 2050 928 2120 pro'Cral.
948 2050 1020 2103 Vic't'
1035 2049 1127 2122 Magn.
1149 2061 1176 2104 et
1193 2048 1268 2102 Man.
1285 2053 1407 2105 enotavit.

354 2141 385 2191 lu
405 2137 487 2191 Drsd.
501 2141 527 2191 4.
547 2148 607 2209 post
625 2156 667 2189 rea
685 2137 813 2208 seriptum
841 2147 879 2190 est
903 2136 991 2189 utlrioe
1013 2138 1077 2206 (sio)
1105 2157 1145 2191 me
1168 2157 1224 2191 esse
1246 2149 1407 2208 susceptum.

355 2224 428 2279 Gud.
451 2224 482 2278 B.
502 2224 581 2279 habet
599 2243 638 2277 ac
655 2234 695 2277 m'e
715 2244 764 2296 pro
784 2243 802 2276 a
821 2243 869 2276 me·
906 2224 966 2278 lllr.

357 2340 360 2347 ·
429 2313 463 2366 ol>
478 2314 710 2382 praeclarissimos
730 2332 771 2366 res
789 2333 806 2363 u
826 2331 865 2363 me
883 2299 986 2382 gestos]
1034 2313 1084 2379 „ln
1113 2314 1289 2385 opprimenda
1315 2315 1410 2368 coniu-

356 2403 462 2455 ratione
481 2413 508 2455 et
525 2401 628 2455 civitate
646 2402 783 2455 seruanda.
820 2401 888 2456 Nam
906 2413 1018 2473 propter
1035 2403 1190 2456 coniuratos
1214 2422 1272 2460 eos.
1298 2402 1330 2456 de
1349 2405 1410 2474 qui-

356 2493 413 2544 bua·
428 2489 552 2544 ultimum
573 2491 735 2561 supplicium
759 2491 786 2543 in
806 2510 914 2546 carcere
932 2490 1043 2562 sumpsit
1069 2489 1179 2555 Cicero,
1208 2491 1282 2543 alsire
1302 2502 1410 2544 coactus

355 2589 408 2644 est,
429 2577 503 2649 quod
524 2577 693 2632 indemnatos
709 2598 755 2631 eos
772 2578 852 2631 luisse
872 2577 983 2632 Clodius
1002 2579 1110 2632 diceret.
1154 2578 1207 2631 Eos
1230 2580 1301 2631 enim
1322 2599 1410 2651 popu·

355 2667 397 2721 lus
415 2666 555 2718 Romanus
574 2685 629 2719 non
650 2667 836 2734 damnaverat,
856 2667 935 2721 cuius
951 2668 1052 2722 iniussu
1075 2686 1130 2720 non
1149 2665 1246 2721 licebat
1263 2667 1322 2739 lege
1332 2666 1410 2720 Sem·

357 2755 455 2830 pronia
473 2753 507 2807 tle
526 2756 612 2827 capite
631 2757 694 2809 eivi's
703 2756 818 2810 Romani
836 2755 998 2829 supplicium
1017 2760 1150 2811 sumex·e.⁴‘
1170 2755 1192 2807 F
1200 2775 1243 2809 rc.
1263 2754 1410 2832 ¹Sylvius.

355 2846 392 2913 „i.
411 2865 436 2897 e.
456 2857 542 2916 quum
561 2853 676 2915 propter
689 2845 829 2900 extinctam
848 2846 1062 2900 coniurationem
1082 2843 1262 2899 catilinarium
1277 2844 1316 2897 in
1345 2843 1412 2895 inri-

357 2934 429 2987 dianr
450 2952 494 2985 me
512 2932 660 2987 adduxisset
678 2932 789 2988 Clodius
809 2934 927 3006 mihique
946 2935 1050 2990 exilium
1070 2932 1252 3003 irrogavisset,
1272 2932 1343 3002 quod
1362 2953 1412 3003 po·

357 3023 410 3077 tius
428 3020 674 3075 voluntarium'iter
691 3041 772 3092 quam
790 3022 897 3095 exilium
917 3022 1060 3077 dicendum
1081 3025 1144 3073 est.“
1163 3020 1202 3070 W
1209 3020 1340 3089 yttenb.
1370 3020 1411 3071 Cl.

358 3131 410 3183 pro
428 3110 497 3163 Bab.
515 3114 541 3164 4.
578 3109 637 3163 Mr.

432 3201 529 3251 Omnes
555 3198 678 3250 scelerati
703 3208 786 3270 utque
812 3201 898 3266 impii]
942 3199 983 3251 td
1011 3197 1174 3250 locutionem
1203 3195 1308 3249 conlert
1332 3196 1413 3268 Borg.

358 3286 420 3341 Cin·
434 3295 485 3358 pro
504 3285 571 3339 Sest.
590 3290 616 3354 4,
636 3290 661 3341 9.
681 3306 731 3357 pro
751 3287 815 3357 Reg.
835 3286 924 3340 Deiot.
943 3289 969 3351 1,
989 3291 1014 3339 2.
1033 3284 1100 3339 Ptit.
1120 3285 1162 3349 111,
1182 3289 1208 3349 4,
1227 3288 1269 3347 9..
1297 3304 1413 3354 quorum

359 3377 484 3430 locorum
503 3374 593 3444 primo
611 3373 716 3428 inverso
734 3374 829 3433 ordine
847 3374 997 3443 iunguntur
1015 3371 1141 3426 adieeti'va
1167 3371 1263 3439 (impia
1287 3382 1314 3420 et
1332 3372 1413 3422 scele-

359 3467 558 3527 ratumne),
578 3464 605 3516 in
626 3462 901 3534 reliquisutnostro.
938 3458 1106 3516 Substantias
1136 3459 1205 3510 iuxta
1232 3457 1316 3527 posita
1333 3456 1415 3510 habes

360 3552 426 3605 item
446 3568 497 3622 pro
514 3551 603 3605 Deiot.
624 3555 649 3616 1,
670 3558 699 3605 2:
728 3551 977 3603 commendationem
994 3548 1113 3601 ineuntis
1131 3545 1233 3597 aetatis
1259 3544 1294 3595 ab
1322 3545 1413 3614 impie-

360 3649 422 3692 tate
440 3650 467 3689 et
485 3640 582 3691 scelere
602 3640 690 3692 duxit.
710 3671 741 3679 -
781 3638 848 3693 Coxl.
877 3638 973 3693 Dresd.
992 3642 1018 3692 4.
1045 3634 1141 3690 omittit
1167 3644 1214 3685 tu:
1241 3632 1311 3685 idem
1337 3631 1414 3685 habet

361 3738 389 3778 te
409 3726 502 3776 ducem
517 3726 656 3794 profiteris
679 3746 735 3779 esse
754 3748 816 3783 cum
836 3728 916 3782 Drsd.
936 3732 969 3793 23
996 3726 1076 3779 Drsd.
1095 3727 1119 3777 1.
1139 3734 1164 3775 et
1183 3725 1208 3777 3.
1235 3720 1334 3777 habeut
1359 3738 1415 3771 esse

361 3826 394 3868 tu
413 3814 570 3883 profiteris5
589 3813 704 3869 Gudmt.
725 3827 752 3867 ιε
770 3836 825 3869 ease
844 3817 945 3870 durem.
982 3813 1032 3868 Or.
1051 3833 1081 3867 ex
1101 3811 1185 3865 Codd.
1202 3808 1263 3863 Bas.
1282 3819 1309 3862 et
1325 3806 1415 3860 Guelf.

362 3904 481 3957 enotavit
500 3904 593 3955 ducem
611 3906 772 3972 confiteris.
809 3904 869 3959 llllr.

437 4011 504 4063 quos
523 3992 594 4061 leges
611 3992 707 4044 exsilio
726 3993 799 4060 offici
819 3992 912 4049 volum
923 3992 940 4057 ,]
960 3989 1071 4060 Legitur
1088 3986 1164 4055 affici
1181 3984 1275 4036 exsilio
1293 3987 1320 4037 in
1333 3981 1416 4035 Codd.

363 4084 424 4135 Cra.
444 4086 470 4135 2.
490 4078 562 4133 Gud.
583 4079 613 4132 A.
631 4079 711 4133 Drad.
733 4083 773 4143 1.;
798 4082 883 4147 effici,
900 4077 998 4132 omisso
1016 4077 1113 4141 exilio,
1143 4072 1209 4128 cod.
1229 4071 1300 4124 Gud.
1318 4069 1351 4123 A.
1370 4087 1417 4118 ex-

362 4168 437 4220 sules
449 4169 512 4238 fiu
521 4178 574 4234 nt,
588 4176 644 4238 ‘pro
663 4178 746 4227 ωτι,-
767 4168 845 4222 Drsd.
858 4172 890 4221 1.·
902 4168 955 4220 etsi
973 4183 1022 4238 pro
1041 4163 1157 4225 etiamsi,
1174 4180 1224 4232 pro
1236 4169 1292 4229 'quo
1306 4155 1377 4209 Gud.
1387 4155 1417 4206 Α.

361 4256 443 4312 habet
461 4258 487 4309 si
495 4277 504 4316 ‚-
524 4256 553 4308 iu
572 4255 652 4307 Drsd.
672 4260 696 4308 2.
714 4268 752 4309 est
770 4257 794 4307 si
812 4256 898 4307 solum
918 4257 1010 4307 ertum.
1046 4251 1187 4304 Dederunt
1205 4243 1300 4300 deiude
1316 4241 1418 4294 Gernh.

362 4357 388 4398 et
405 4344 457 4397 Or.
476 4344 627 4408 aratorius,
645 4362 696 4413 pro
718 4344 823 4414 vulgato
842 4352 1002 4396 rrmtarurre:
1031 4340 1151 4412 quamvis
1177 4334 1242 4389 illud
1263 4328 1352 4384 nullus
1370 4330 1417 4383 lta-

360 4432 423 4486 beat
441 4432 535 4487 codex.
573 4430 644 4501 Ego,
664 4450 725 4484 curn
747 4431 770 4483 lr.
792 4432 807 4484 l.
826 4430 1011 4486 coniurt'c'tivus
1041 4436 1172 4500 praestare
1198 4422 1332 4483 videatur,
1357 4419 1418 4471 dedi

358 4519 529 4573 'titulaverint
550 4518 686 4572 ex'Codd.
707 4524 764 4586 tlrz.
786 4524 810 4573 l.
830 4522 855 4572 3.
875 4517 947 4570 Gud.
960 4517 999 4568 tt.
1020 4515 1086 4568 Oxx.
1104 4512 1138 4572 U.
1157 4531 1182 4577 η.
1203 4507 1419 4571 ψ.1)ιέι1.1..’1.

1091 4598 1190 4672 Υ13
