3517 5450
594 737 638 782 su
663 733 929 795 rsnsnox0n1n‚
958 731 983 781 ι.
1247 711 1320 787 335

272 899 417 969 voluptates
439 913 517 967 pares
542 893 617 959 dixit,
655 913 705 948 uec
733 893 841 947 differre
869 912 884 946 a
910 893 1043 965 voluptate
1068 894 1245 967 voluptatem,
1273 917 1322 951 nec

273 987 329 1058 plus
353 985 437 1038 altera
462 981 579 1036 mulcere
605 982 732 1048 alteram,
768 992 797 1035 ut
825 981 853 1034 in
882 982 932 1035 rita
958 982 1015 1035 eius
1044 983 1178 1054 Diogenes
1203 985 1322 1040 Laertius

272 1072 403 1145 scripsit.⁴‘
448 1071 547 1139 [Locus
573 1081 612 1123 est
629 1070 658 1122 L.
678 1068 711 1123 li.
731 1087 813 1140 segm.
830 1073 879 1124 ste
907 1067 944 1140 μή
960 1073 1091 1141 διαφέρειν
1107 1068 1203 1142 ἡδονήν
1221 1069 1323 1145 ἡδονῆς,

271 1163 335 1230 μηδὲ
355 1155 430 1227 ἥδιόν
448 1179 475 1209 τι
493 1153 579 1228 εἶναι]
617 1158 691 1211 Fre.
708 1156 859 1227 Sylvius.
896 1154 1107 1228 ,Ἀμαρτὴματα
1126 1161 1237 1215 Graecis
1256 1164 1324 1216 sicut

271 1247 369 1300 Latinis
389 1257 515 1317 peccata,
539 1263 644 1299 errores
661 1257 737 1312 sunt,
760 1265 816 1299 non
836 1246 936 1299 scelera
954 1259 981 1300 et
1004 1247 1116 1319 flagitia,
1139 1269 1208 1322 quae
1227 1271 1257 1303 ex
1275 1271 1324 1304 ne-

270 1334 337 1387 sario
357 1343 467 1406 pectore
487 1330 711 1404 proficiscuntur,
737 1332 782 1386 sed
803 1352 871 1405 quae
895 1336 1101 1390 committuntur
1121 1357 1150 1391 ex
1173 1340 1324 1410 incogitan-

270 1421 303 1474 tia
313 1432 341 1474 et
354 1423 504 1474 temeritate
514 1420 613 1492 aliqua,
632 1418 810 1491 negligentius
820 1432 901 1493 atque
910 1422 1051 1478 incautius.
1087 1423 1170 1493 Quod
1183 1439 1323 1498 propterea

270 1527 384 1574 moneo,
415 1519 445 1561 ut
468 1508 598 1562 discentes
616 1508 780 1576 doceantur,
805 1508 856 1564 hoc
881 1511 991 1565 nomine
1011 1512 1081 1566 aliud
1100 1513 1156 1567 sere
1175 1515 1324 1585 gentiliciis,

271 1616 351 1669 quam
370 1595 466 1662 sacris,
485 1594 578 1648 litteris
596 1595 748 1667 significari.
767 1624 802 1636 -
821 1626 857 1638 -
893 1597 1067 1669 Quamquam
1086 1603 1159 1655 enim
1177 1620 1257 1655 omne
1267 1621 1326 1656 sce-

271 1687 310 1739 lus
328 1694 471 1756 peccatum
490 1693 543 1748 est,
563 1702 619 1736 nou
637 1702 717 1737 omne
738 1695 826 1738 tamen
847 1698 989 1759 peccatum
1007 1688 1099 1742 scelus.
1143 1689 1211 1743 Nam
1232 1708 1324 1743 narem

271 1773 422 1845 impingere
441 1781 471 1824 ut
488 1771 573 1825 scelus
592 1791 647 1825 non
667 1783 712 1837 est,
732 1771 766 1825 ita
787 1785 930 1845 peccatum
950 1786 988 1830 est
1006 1775 1159 1829 maximum.
1195 1779 1327 1832 Aristote-

272 1864 307 1916 les
326 1862 354 1913 in
375 1858 525 1913 Moralibus
543 1862 576 1927 V,
596 1863 621 1913 8.
639 1860 709 1914 inter
736 1860 915 1915 infortunium
940 1881 985 1916 seu
1014 1882 1105 1916 casum
1136 1874 1161 1918 et
1186 1877 1326 1937 peccatum

271 1950 341 2003 hanc
360 1949 437 2020 pouit
456 1948 652 2002 differentiam
680 1941 744 1999 irus
761 1951 807 2011 μιν
833 1938 878 2000 οὖν
898 1946 1053 2020 παραλόγως
1071 1946 1088 2019 ἡ
1105 1946 1194 2020 βλάβη
1212 1955 1327 2021 γένηται,

273 2036 449 2105 άτάχημα,
472 2030 535 2088 ὅταν
559 2039 589 2088 di
613 2033 650 2106 μή
675 2036 845 2108 παραλόγως,
870 2033 930 2089 άνου
955 2040 985 2090 di
1005 2044 1110 2102 uantur,
1135 2033 1326 2109 ἁμάρτημα.

273 2123 417 2197 ἁμαρτάνει
434 2127 480 2186 μιν
498 2120 566 2190 γάρ,
596 2116 660 2176 ’ὅταν
685 2128 711 2177 ιν
736 2124 821 2194 ἑαυτῷ
846 2120 950 2195 ἡάρχῆ
977 2126 1025 2194 τῆς
1048 2129 1143 2184 cirtae.
1171 2123 1264 2191 α’τυχοτ
1289 2128 1328 2196 dt,

272 2209 335 2266 ‘irus
353 2213 460 2272 ἤυθιν.
480 2241 515 2251 -
551 2211 672 2265 Laertius
690 2212 742 2266 hoc
760 2208 907 2282 παράδοξον
926 2210 1087 2284 Chrysippo,
1106 2214 1220 2266 Persaeo
1239 2224 1264 2266 et
1275 2214 1328 2267 Ze·

273 2302 337 2355 noni
356 2301 463 2356 tribuit:
484 2302 573 2354 Verba
595 2300 692 2353 Laterii
711 2301 864 2355 subiiciam:
895 2298 996 2372 cipionis
1019 2321 1048 2353 re
1074 2298 1164 2361 αάτοτς
1188 2305 1232 2353 ἴσα
1259 2297 1328 2371 ἡμιτ-

274 2396 341 2443 σθαι
369 2384 404 2440 τά
429 2383 624 2457 ἁμαρτήματα,
652 2388 727 2440 καθά
753 2408 816 2451 φησι
844 2385 997 2459 Χρύσιππος
1015 2391 1041 2440 ἓν
1064 2391 1104 2457 τῷ
1133 2386 1251 2458 τετάρτῳ
1276 2392 1328 2441 νῦν

274 2475 377 2548 rideatis
395 2473 566 2546 ζητημάτων,
593 2481 638 2528 καὶ
655 2479 787 2547 Περσαῖος
805 2481 850 2529 καὶ
867 2473 966 2546 Ζηνων.
984 2480 1006 2528 ei
1023 2472 1073 2542 reip
1092 2473 1191 2546 άληθὶς
1209 2474 1328 2547 ἀληθοῦς

275 2567 377 2629 μᾶλλον
392 2561 438 2617 otiu
448 2565 515 2629 iore,
533 2561 594 2616 otidi
608 2567 705 2626 ψεῦδος
718 2564 840 2629 ψιάδους,
860 2557 943 2623 οὕτως
956 2561 1016 2615 ου’δὲ
1035 2560 1123 2632 άπάτη
1138 2561 1250 2633 άπάτης,
1268 2562 1329 2618 osttt

274 2652 419 2726 ἁμάρτημα
440 2648 638 2722 ἁμαρτήματος.
657 2655 701 2703 καὶ
718 2648 769 2722 γάρ
789 2646 803 2702 d
820 2647 912 2703 ἔνατάν
928 2654 1052 2709 σταδίους
1070 2647 1171 2717 άπέχων
1190 2652 1329 2717 Κανώβου,

275 2748 319 2795 καὶ
336 2737 350 2794 o‘
369 2738 560 2810 ἓνα,1οι’ϊοης
579 2736 624 2792 οάκ
643 2743 706 2793 τισὶν
723 2743 749 2792 ὃν
766 2736 902 2808 Κανώβῳ·
928 2731 996 2792 oiicu
1020 2744 1064 2792 sui
1091 2735 1104 2790 ά
1128 2742 1297 2809 eripuissent
1316 2737 1331 2793 o‘

274 2833 384 2883 ἓλαττον
403 2824 559 2900 ἁμαρτάνων
577 2825 616 2881 ἔπ’
634 2831 691 2897 ἴσης
710 2825 756 2880 otiu
775 2831 838 2881 sicis
856 2832 882 2881 ἐν
900 2831 938 2897 τῷ
963 2830 1121 2898 κατορθοῦν.
1137 2825 1141 2830 ’
1156 2823 1329 2899 Ἡρακλείδης

275 2925 363 2981 μίντοι
382 2914 395 2970 o‘
416 2910 532 2988 Ταρυοάς
550 2913 729 2985 Ἀντιπάτρου
749 2918 796 2967 τοῦ
814 2918 936 2984 Περσέως
953 2916 1094 2986 γνώριμος,
1115 2921 1158 2968 καὶ
1175 2912 1328 2986 Ἀθηνάδα-

276 3028 320 3078 ρος
338 3004 416 3059 άνιοα
435 3010 498 3067 φασι
518 3002 551 3056 τά
572 2999 780 3074 άμαρτήματα.“
800 3004 823 3056 Χ
830 3015 892 3075 yst.
912 3003 1104 3058 Betuieius.

347 3092 507 3163 „Quoniam
525 3091 609 3146 Stoici
630 3092 753 3145 virtutem
772 3089 866 3145 solunt
883 3111 938 3145 esse
958 3092 1061 3145 bonurn
1079 3090 1216 3163 quoddam
1235 3104 1329 3146 natura

277 3182 444 3254 perfectum,
464 3191 490 3232 et
508 3181 653 3250 sapientem
673 3180 806 3234 definiunt
823 3199 902 3247 eum,
931 3181 976 3252 qui
994 3182 1027 3235 sit
1046 3179 1173 3233 omnihus
1196 3182 1332 3235 absoluta·

277 3288 337 3322 rum
357 3268 483 3320 virtutum
503 3266 622 3320 numeris
639 3267 777 3321 absolutus
795 3286 845 3321 nec
863 3267 983 3338 sapiente
1002 3286 1167 3339 quemquam
1186 3270 1331 3340 sapientio-

277 3377 334 3410 rem
353 3355 467 3409 inreniri
487 3374 562 3426 posse
580 3355 740 3420 existimant,
767 3365 910 3407 uteorum
935 3353 1035 3407 iudicio
1063 3354 1168 3424 sapiens
1195 3357 1282 3409 omnis
1299 3357 1333 3409 sit

278 3444 486 3518 sapientissimus
502 3454 528 3497 et
546 3461 639 3497 omnes
663 3443 794 3513 sapientes
815 3460 905 3513 aeque
929 3441 1073 3512 sapientes,
1101 3452 1127 3493 et
1151 3459 1258 3507 omnes,
1284 3444 1330 3513 qui

278 3536 410 3606 sapientes
428 3551 484 3608 non
502 3543 579 3598 sunt,
604 3531 693 3584 miseri
712 3531 777 3583 sint:
803 3530 855 3583 hoo
872 3530 1017 3583 constituto
1036 3539 1245 3581 consentaneum
1272 3527 1330 3593 tuit,

277 3634 305 3677 ut
322 3623 373 3695 ipsi
392 3622 526 3688 dicerent,
552 3620 660 3675 virtutes
677 3638 770 3672 omnes
794 3616 954 3690 sapientium
979 3615 1134 3683 bominum,
1160 3614 1332 3686 quandoqui-

277 3711 338 3765 dem
357 3712 386 3763 in
405 3727 511 3763 summo
530 3707 614 3779 gradu
640 3706 815 3779 perfectionis
831 3705 983 3771 existerent,
1009 3723 1064 3757 non
1088 3713 1191 3757 tantum
1218 3702 1331 3755 intense

278 3817 355 3870 pares
372 3793 442 3863 esse,
466 3796 512 3849 sed
539 3815 574 3848 ne
593 3795 621 3847 in
646 3794 757 3865 singulis
786 3793 896 3865 quidem
920 3793 1064 3863 generibus
1088 3790 1331 3866 ullam-crescendi

278 3886 458 3940 accessionem
477 3884 590 3938 habere:
615 3885 733 3955 itemque
762 3884 838 3949 vitia,
867 3882 930 3955 quia
955 3900 1058 3934 summa
1084 3892 1181 3947 essent,
1211 3881 1281 3933 inter
1304 3899 1332 3932 se

278 3975 352 4046 paria
373 3984 398 4026 et
415 3971 537 4044 aequalia
556 3992 610 4025 esse
628 3970 728 4025 omnia.
766 3969 849 4038 Quod
868 3969 978 4041 quidem
999 3969 1155 4022 Paradoxon
1176 3969 1235 4041 plus
1253 3967 1332 4020 habet

277 4060 443 4127 subtilitatis,
464 4079 544 4132 quern
564 4059 693 4113 veritatis:
719 4079 774 4112 non
794 4060 866 4112 enim
886 4060 907 4111 si
924 4058 1015 4110 omnia
1036 4068 1144 4129 peccata
1165 4075 1249 4127 aeque
1266 4068 1331 4126 pec-

277 4161 335 4203 cata
355 4167 411 4201 esse
430 4147 585 4202 dixerimus:
615 4149 691 4220 (quia
710 4150 811 4219 species
836 4164 1010 4201 communem
1037 4157 1160 4199 naturam
1180 4142 1284 4214 generis
1302 4161 1331 4194 es

277 4255 366 4308 aequo
385 4235 436 4289 sibi
454 4235 597 4302 vindicant,
616 4247 646 4289 ut
663 4235 746 4289 homo
765 4255 820 4289 non
841 4246 878 4288 est
898 4234 983 4305 magis
1000 4233 1109 4300 animai,
1129 4250 1209 4305 quam
1222 4229 1332 4296 bestia3)

275 4324 398 4396 sequitur
425 4322 578 4391 etiam,'ut
596 4325 687 4377 omnia
719 4324 839 4396 aequalia
870 4321 999 4377 dicamus.
1046 4320 1188 4389 Quantitas
1214 4312 1332 4370 enimet

275 4422 393 4483 potestas
409 4410 516 4464 sceleris
534 4431 576 4465 res
601 4412 731 4483 quaedam
751 4412 892 4465 adventitia
912 4407 967 4475 est,
990 4428 1058 4481 quae
1076 4426 1125 4479 per
1143 4423 1237 4462 omnes
1255 4423 1332 4459 com·

275 4499 425 4572 parationis
442 4498 541 4571 gradus
558 4500 676 4571 parium,
696 4498 844 4565 maiorum,
868 4497 1006 4551 minorum
1025 4495 1087 4549 duci
1106 4502 1203 4567 potest:
1232 4503 1258 4546 et
1277 4491 1331 4545 cir-
