3517 5450
661 745 702 790 κο
734 741 938 794 οοοοιτυιυυ.
1247 727 1321 803 327

271 896 333 962 ubi,
365 907 393 949 ut
412 894 478 951 solet
496 897 592 953 Cicero
611 921 719 956 suorum
737 909 929 961 sententiarum
957 907 1073 979 optimus
1098 927 1152 961 esse
1180 911 1319 982 interpres,

268 984 318 1037 hoc
337 984 459 1056 scripsits
485 989 561 1039 Haeo
579 989 666 1058 igitur
686 995 811 1063 quaestio
829 1013 846 1045 ο
863 997 981 1067 propriis
995 996 1117 1064 personis
1141 1005 1168 1045 et
1194 1000 1313 1065 tempori·

267 1071 314 1123 lus
334 1072 374 1121 ud
392 1073 511 1125 universi
527 1077 632 1144 generis
642 1081 789 1133 orationem
801 1082 933 1134 traducta
943 1082 1099 1152 appelletur
1112 1085 1194 1139 θέσις.
1230 1084 1319 1151 Quem

267 1170 355 1212 autem
375 1179 456 1232 supra
476 1180 505 1213 ex
524 1162 640 1230 epistolis
664 1165 697 1218 ad
716 1166 836 1222 Atticum
862 1168 978 1224 laudavit
998 1169 1089 1223 locum
1116 1169 1211 1240 Xystus
1226 1168 1321 1225 ¹Betu-

267 1246 346 1311 leius,
366 1246 397 1298 L.
415 1247 459 1313 lX,
479 1252 505 1302 4.
531 1249 686 1322 addiditque
710 1253 803 1308 subiici
820 1256 873 1308 iam
898 1277 912 1310 a
932 1256 1063 1311 Cicerone
1087 1256 1205 1328 esernpla
1224 1263 1321 1311 θέσεων

267 1335 299 1387 de
317 1335 477 1406 tyrannide,
497 1356 526 1390 ee
547 1335 643 1391 Cicero
661 1358 736 1392 suam
756 1341 852 1412 ipsius,
874 1364 943 1416 quae
963 1356 1028 1397 tunc
1046 1355 1117 1409 erat,
1137 1344 1320 1398 conditionem

265 1423 421 1495 respiciens,
439 1423 473 1476 ed
492 1425 607 1478 amicum
617 1426 737 1481 Graecae
750 1429 857 1500 linguae
871 1432 1068 1502 peritissimum,
1088 1431 1191 1485 Graece
1209 1432 1320 1502 scripsit,

266 1530 351 1582 eaque
363 1510 426 1564 huic
436 1510 562 1565 Ercursui
574 1514 672 1568 addere
684 1516 767 1569 risum
777 1529 829 1571 est:
847 1522 881 1570 Ει
891 1524 1006 1580 μενετέον
1018 1523 1043 1570 έν
1056 1521 1092 1590 τῇ
1105 1521 1216 1590 πατρίδι
1224 1540 1321 1588 τυραν-

266 1603 390 1669 νουμένης
411 1603 622 1670 Τυραννουμένεγς
635 1606 663 1654 δέ
676 1601 767 1674 αύτῆς,
786 1610 808 1658 εί
817 1613 897 1659 παντί
911 1603 999 1678 τρόπῳ
1012 1609 1167 1676 τυραννίδος
1181 1608 1321 1660 κατάλυσιν

265 1690 487 1754 πραγματευτέον,
506 1684 554 1741 κάν
565 1692 646 1760 μέλλῃ
662 1689 708 1742 διά
718 1696 796 1745 τοῦτο
810 1701 869 1765 περί
883 1702 936 1747 τῶν
948 1689 1013 1746 ὅλων
1027 1691 1045 1762 ἠ
1055 1692 1129 1752 πόλις
1139 1697 1307 1748 κινδυνεύσειν
1312 1719 1321 1760 ,·

265 1778 297 1825 Εί
315 1771 474 1842 εύλαβητέον
492 1775 536 1828 τάν
554 1780 731 1844 καταλύοντα,
750 1779 786 1851 μή
805 1780 884 1841 αύτός
904 1787 1026 1853 αίρνγταις
1054 1785 1087 1832 έΐι
1105 1787 1240 1850 πειρατέον.
1255 1780 1322 1852 οἷρή-
1358 1810 1360 1815 ·

264 1885 317 1930 γειν
335 1868 373 1934 τῇ
390 1869 500 1936 πατρίδι
518 1873 709 1941 τυραννουμένῃ
733 1874 814 1942 καιρῷ
833 1876 876 1923 καί
896 1872 961 1938 λόγῳ
979 1871 1093 1936 μᾶλλον,
1118 1866 1270 1939 ἢπολέμῳς
1291 1875 1322 1924 Et

265 1950 399 2005 πολιτικδν
416 1953 448 2005 τά
468 1950 602 2024 ἡσυχάζειν
620 1954 827 2028 ἀναχωρήσαντα
846 1979 906 2023 ποι,
933 1961 981 2028 τῆς
999 1961 1128 2026 πατρίδος
1146 1962 1320 2028 τυραννονμέ·

264 2061 326 2109 νρςς
355 2046 389 2094 Εἰ
411 2039 458 2094 διά
483 2042 579 2104 παντδς
605 2048 671 2097 έτέον
696 2043 815 2099 κινδύνου
833 2050 883 2116 τῆς
901 2050 1050 2116 έλευθερίας
1070 2049 1142 2115 πέρις
1161 2048 1194 2096 lli
1212 2041 1321 2106 πόλεμον

265 2135 389 2185 ἐπακτέον
405 2134 439 2203 τῇ
455 2132 539 2202 χύρρ,
559 2138 602 2184 καί
618 2136 802 2204 πολιορκητέον
820 2131 920 2204 ταύτην
939 2137 1157 2204 τυραννουμένην,
1172 2136 1206 2184 Et
1225 2137 1268 2183 καί
1284 2133 1320 2200 μή

264 2215 441 2280 δοκιμάζοντα
460 2216 507 2288 τήν
534 2218 580 2272 διά
599 2222 710 2281 πολέμου
737 2203 878 2289 κατάλυσιν
897 2225 944 2290 τῆς
962 2223 1131 2290 τυραννίδος,
1157 2239 1322 2290 συναπογρα-

265 2311 343 2359 πτεόν
361 2301 429 2369 istuc
448 2319 503 2365 τοίς
522 2305 653 2378 α’ρίστοις,
680 2312 711 2360 Et
729 2322 784 2367 τοῖς
804 2307 948 2378 εὐεργέταις
974 2314 1018 2360 καί
1037 2311 1120 2369 φίλοις
1140 2311 1320 2374 συγκινδυνεύ-

265 2401 321 2448 τέον
346 2399 371 2447 έν
397 2408 453 2453 τοῖς
484 2398 640 2462 πολιτικοῖς,
661 2397 710 2449 κάν
728 2394 765 2465 μή
789 2399 899 2450 δοκῶσιν
921 2384 951 2449 eri
973 2398 1165 2462 βεβουλεῦσθαι
1188 2401 1246 2465 περὶ
1271 2401 1321 2447 τῶν

265 2479 347 2547 dium·
367 2487 401 2536 Εὶ
418 2480 548 2550 ὁμεγάλα
567 2482 615 2553 τήν
633 2487 751 2555 πατρίδα
768 2482 949 2554 εὐεργετήσας,
976 2481 1012 2535 δι’
1030 2480 1094 2536 αύτὸ
1113 2505 1141 2536 τε
1161 2486 1240 2535 τοῦτο
1259 2480 1321 2550 oisq'-

266 2593 345 2626 κεστα
356 2571 452 2624 παθάν
463 2579 506 2625 καί
516 2579 670 2642 φθονηθεὶς,
691 2570 871 2624 κινδυνεύσειεν
884 2575 917 2625 α”ν
935 2570 1073 2642 ἐθελοντής
1093 2567 1155 2641 ύπέρ
1165 2574 1213 2639 τῆς
1226 2578 1321 2640 πατρί-

266 2665 327 2724 doc,
347 2663 381 2712 Ei
396 2664 495 2722 έφετέον
514 2658 586 2730 αύτῷ
602 2663 696 2712 ἑαυτοῦ
713 2682 775 2714 ποτε
794 2666 838 2712 καί
855 2663 907 2712 τῶν
921 2657 1086 2712 οἰκειοτάτων
1104 2665 1238 2712 ποιεῖσθαι
1256 2658 1321 2728 πρό-

266 2772 338 2802 νοιαν
358 2747 473 2819 α’φεμένῳ
491 2747 540 2808 τάς
559 2746 625 2821 πρδς
644 2746 704 2809 τούς
723 2745 862 2816 ἰσχύοντας
880 2750 1072 2812 διαπολιτείαςς
1099 2748 1177 2815 Quae
1196 2766 1257 2799 cum
1277 2766 1322 2799 re·

267 2849 345 2909 putes
363 2837 460 2909 scripte
480 2858 534 2892 esse
553 2859 568 2891 ο
588 2837 720 2892 Cicerone
738 2857 762 2890 e.
780 2858 807 2890 u.
828 2856 851 2890 c.
871 2842 934 2892 205.
959 2838 1036 2890 cuius
1054 2836 1129 2890 initio
1149 2834 1247 2889 Caesar
1264 2834 1322 2887 Ru-

266 2926 394 2979 biconem
413 2928 567 2995 transierat,
586 2926 671 2994 vides,
690 2926 753 2997 quid
773 2926 893 2979 animum
914 2926 969 2978 eius
988 2924 1082 2996 quinto
1102 2922 1321 2977 antecessorem

267 3015 440 3068 interiectum
460 3034 532 3068 anno
552 3016 718 3088 potissimum
738 3014 921 3069 commoverit.
967 3012 1020 3065 Sed
1050 3022 1079 3064 ut
1102 3011 1134 3064 ad
1155 3010 1321 3083 propositum

266 3114 387 3156 revertar
405 3114 430 3156 et
448 3102 511 3157 huic
522 3104 554 3156 de
566 3124 620 3157 uno
634 3103 762 3158 vocabulo
774 3100 946 3174 disputationi
958 3099 1104 3154 clausulam
1118 3098 1223 3166 addam,
1242 3097 1322 3152 leudo

267 3192 337 3244 duos
355 3190 438 3243 libros
456 3192 543 3244 bonae
563 3192 647 3263 frugis
666 3179 769 3265 plenos,
790 3192 837 3264 qui
856 3190 936 3243 hodie
955 3189 1055 3254 minus,
1075 3208 1156 3260 quam
1176 3195 1322 3253 merentur,

267 3280 388 3332 virorum
407 3276 548 3331 doctorum
567 3281 689 3333 manibus
709 3281 759 3333 teri
779 3278 913 3331 videntum
933 3288 994 3329 sunt
1013 3286 1102 3328 autem
1122 3275 1142 3327 l.
1160 3273 1191 3327 C.
1208 3273 1258 3327 Th.
1271 3272 1323 3324 Er-

268 3365 336 3419 nesti
354 3366 469 3419 Lesicon
487 3366 687 3439 Technologioe
701 3365 870 3420 Graecorum
888 3362 1054 3427 Rhetoricae,
1075 3383 1096 3413 v.
1106 3364 1182 3419 Θέσις
1199 3363 1320 3431 ptes-

267 3453 331 3509 157.
351 3464 377 3507 et
404 3454 521 3507 eiusdem
541 3456 588 3508 viri
607 3456 722 3511 Lexicon
749 3452 947 3523 Technologiae
973 3450 1129 3503 Latinorum
1154 3446 1321 3511 Rhetoricae,

268 3563 290 3594 v.
310 3544 458 3611 Quaestio,
477 3546 682 3613 peto—318,
703 3542 801 3615 quibus
818 3540 899 3594 lectis·
911 3538 1020 3595 habebis
1030 3538 1103 3611 quod
1121 3535 1242 3591 sufficiet.
1261 3533 1321 3588 llllr.

694 3676 902 3687 ——n—-n

663 3794 874 3855 EXCURSUS
899 3794 936 3852 ll.

506 3932 581 4006 An
605 3884 959 4007 Ινκιυςυυνεου
984 3933 1017 4025 1,
1044 3928 1085 4004 t:

298 4127 341 4139 -
363 4088 425 4175 qui
447 4090 531 4155 leaeo
554 4089 729 4155 istibeoillo
756 4128 793 4137 —-
818 4088 918 4153 verbo
939 4088 1050 4152 bono
1068 4093 1288 4175 pictaverunt

685 4190 910 4279 appellanda.

342 4338 493 4397 „Bonorum
514 4353 611 4386 nomen
633 4353 683 4404 pro
701 4332 888 4404 facultatibus
907 4334 942 4387 ita
961 4331 1083 4383 usitatum
1103 4339 1150 4394 est,
1167 4338 1196 4380 ut
1216 4327 1242 4378 in
1261 4325 1323 4377 lure

264 4419 347 4473 Civili
367 4420 405 4471 vis
424 4420 568 4492 quicquam
589 4421 706 4474 invenias
726 4421 818 4474 tritius.
863 4420 892 4472 ld
918 4418 1096 4489 comprobant
1121 4415 1188 4469 tituli
1220 4415 1250 4464 de
1269 4418 1325 4464 Bo-

266 4528 365 4562 norum
387 4508 566 4578 possessione:
599 4521 624 4562 et
653 4528 735 4581 usque
764 4508 831 4563 adeo
858 4520 886 4562 tu
911 4525 1020 4579 quoque
1045 4503 1142 4559 Cicero
1171 4522 1232 4557 cum
1261 4500 1323 4554 alibi
