3517 5450
360 708 434 782 224
681 731 853 780 risurum
881 729 1076 779 srorcosmr.

358 898 439 947 etium
457 894 627 958 existimata,
647 909 736 964 vaga,
759 892 931 957 inconstans,
955 891 1074 955 incerta,
1104 893 1198 958 vario,
1223 894 1398 966 indignorum·

358 1002 409 1055 que
422 983 547 1054 fautrix.
593 981 668 1032 Huic
686 980 775 1032 omniu
793 997 925 1048 expensa,
951 979 1015 1030 tute
1032 979 1121 1031 omniu
1137 979 1275 1051 feruntur
1293 993 1398 1052 acceptu,

356 1083 383 1123 er
416 1071 445 1122 irr
472 1080 533 1123 totu
560 1068 665 1120 ratione
695 1065 851 1119 mortalium
882 1064 941 1118 solu
974 1075 1117 1138 utrumque
1148 1068 1282 1140 pagiuam
1311 1071 1398 1140 sucit.“

360 1159 431 1211 Frc.
449 1155 541 1229 Sylv.

423 1246 545 1317 fortune
562 1245 623 1313 ipso
642 1243 711 1294 cedit
721 1242 741 1309 .·]
771 1242 814 1294 Ad
838 1242 997 1296 seutentiam
1016 1241 1089 1294 conl.
1117 1239 1174 1296 Cic.
1194 1241 1221 1296 ,Τ
1223 1261 1295 1297 uscc.
1315 1244 1348 1310 V,
1366 1250 1398 1311 25,

360 1339 406 1388 tr:
427 1334 476 1386 Cui
495 1332 585 1400 [vitae]
604 1331 723 1394 refertae
743 1341 783 1382 tot
803 1331 942 1402 tantisque
959 1329 1070 1402 gaudiis
1083 1329 1244 1400 fortuna
1263 1331 1344 1400 ipsu
1361 1352 1398 1384 re·

360 1423 420 1474 dut
438 1440 542 1474 necesse
559 1430 609 1473 est.
645 1417 704 1470 Mr.

427 1508 465 1572 si,
484 1518 522 1560 ut
540 1506 646 1576 sopiens
661 1510 745 1575 portu
764 1504 855 1572 dexte]
876 1502 966 1575 Vulgo
979 1505 1060 1558 sicut.
1096 1505 1155 1576 Ego
1173 1523 1247 1572 vero,
1267 1525 1302 1559 ne
1321 1506 1397 1578 paullo

359 1597 493 1651 horridior
510 1593 543 1648 sit
560 1593 661 1657 oratio,
681 1590 783 1662 recepi,
810 1591 884 1663 quod
902 1602 942 1646 est
965 1591 993 1644 iu
1011 1591 1079 1646 Cod.
1098 1589 1156 1644 Cn.
1173 1597 1215 1646 2:
1236 1612 1397 1666 quamquem,

360 1695 389 1738 ut
414 1684 513 1746 fatear,
541 1679 613 1753 quod
640 1690 692 1744 est,
723 1677 814 1730 malim
844 1678 989 1750 siquidem,
1018 1689 1051 1731 ut
1070 1708 1113 1734 -.
1158 1679 1255 1752 Neque
1281 1682 1396 1754 displicet,

359 1771 431 1842 quod
452 1768 566 1824 coniecit
584 1766 613 1822 S.
630 1765 661 1819 E.
680 1765 699 1818 l.
718 1763 818 1817 Bauius
836 1763 864 1817 iu
885 1765 964 1817 Varr.
985 1766 1068 1831 Lectt.
1084 1767 1118 1820 ad
1136 1766 1193 1822 Cic.
1208 1768 1299 1823 Oratt.
1312 1769 1396 1840 (lugd.

358 1859 417 1913 Bai.
436 1859 515 1912 1834.
533 1855 573 1924 8.)
601 1874 627 1925 p.
645 1857 689 1909 04.
719 1852 764 1923 qui
792 1851 868 1923 legit:
901 1853 951 1904 c‘ui
967 1881 1002 1892 -
1025 1857 1149 1907 Fortuna
1174 1856 1237 1924 ipsa
1263 1858 1350 1908 cedit:
1371 1859 1396 1913 si,

358 1947 447 2018 quod
463 1944 571 2015 sapiens
586 1949 669 2014 poe'ta
687 1942 772 2006 dixit,
788 1941 847 1993 suis
863 1957 898 1992 eu
916 1941 1012 2013 cuique
1023 1942 1145 2013 fingitur
1162 1944 1290 2000 moribus.
1326 1945 1395 2014 Quod

358 2055 420 2088 veru
442 2046 479 2088 est
496 2034 526 2086 iu
542 2031 610 2085 Edd.
630 2030 704 2083 Man.
723 2028 815 2081 Lamb.
835 2026 920 2080 Suss'r.
938 2027 1009 2082 Petr.
1027 2029 1114 2096 Hah„
1142 2032 1240 2086 nostris
1258 2031 1353 2089 Colon.
1368 2033 1394 2087 H.

358 2123 445 2176 Wolf.
472 2120 586 2174 Lambb.
615 2117 697 2172 Goth.
723 2116 884 2171 Atd.1552.
909 2114 985 2187 syth.
1009 2115 1111 2172 Sturm.
1134 2117 1196 2172 Car.
1224 2119 1318 2193 Steph.
1340 2141 1394 2194 quoe

357 2213 429 2263 sicut
448 2240 483 2249 -
502 2208 614 2271 omisso,
641 2205 713 2277 quod
732 2204 868 2276 sequitur,
895 2221 942 2268 ea,
970 2203 997 2257 id
1016 2207 1163 2260 correctori
1182 2209 1289 2263 ridetur
1309 2210 1393 2263 deberi.

358 2300 461 2352 Vocem
478 2297 584 2366 sapiens
602 2294 700 2348 omittit
717 2292 789 2346 Gud.
810 2293 841 2344 A.
878 2292 934 2345 Pro
953 2292 1023 2344 dixit
1042 2305 1081 2348 est
1099 2295 1165 2347 dicit
1187 2296 1218 2349 in
1244 2295 1331 2352 Codd.
1347 2298 1393 2350 Bes

357 2384 446 2439 Guell.
466 2384 527 2438 Ere.
545 2382 613 2453 Eyb.
632 2380 704 2434 Gud.
721 2381 753 2434 Α.
772 2381 852 2434 Drsd.
871 2384 898 2435 3.
915 2384 941 2434 5.
977 2380 1020 2434 Ad
1038 2383 1197 2437 seutentiam
1214 2385 1278 2439 Frc.
1292 2385 1393 2457 Sylvius:

356 2474 384 2527 Si
399 2474 486 2528 virtuti
505 2473 612 2526 fortuna
629 2468 708 2535 cedit,
727 2469 797 2536 cedit
816 2469 896 2522 etiam
914 2468 1035 2538 sapienti.
1060 2469 1100 2524 'ld
1114 2470 1183 2525 adeo
1202 2491 1297 2526 verum
1313 2483 1355 2538 est,
1369 2482 1392 2525 ut

355 2561 526 2615 Metrodorus
544 2559 707 2629 Epicureus,
734 2557 862 2629 quoniam
880 2555 938 2608 siue
955 2556 1050 2610 virtute
1067 2558 1144 2612 beate
1172 2560 1223 2614 viri
1248 2581 1325 2632 posse
1341 2560 1394 2631 Epi·

356 2669 436 2703 curus
453 2648 582 2720 negabat,
600 2645 645 2701 itta
663 2645 734 2700 dicat
752 2645 824 2716 apud
843 2643 1003 2698 Ciceronem
1021 2644 1117 2701 Tusce.
1136 2649 1168 2703 V.
1187 2649 1224 2716 [c.
1243 2651 1301 2718 9.]:
1323 2653 1393 2702 Orcu-

354 2739 420 2807 puvi
437 2749 478 2804 te,
496 2741 632 2792 Fortuna·
651 2744 735 2809 etque
753 2734 825 2805 cepi,
843 2752 984 2807 omnesque
1003 2736 1097 2788 aditus
1113 2746 1175 2789 tuor
1192 2738 1345 2804 interclusi,
1368 2748 1394 2789 ut

356 2826 395 2876 ud
411 2843 450 2876 me
468 2825 590 2894 aspirare
608 2842 660 2875 nou
675 2842 775 2891 posses,
812 2823 940 2888 Potitum,
960 2842 1040 2895 quem
1061 2823 1201 2895 significat,
1220 2826 1338 2880 arbitror
1350 2844 1394 2879 esse

355 2911 485 2985 Appium,
501 2910 535 2965 de
554 2930 609 2981 quo
628 2908 766 2964 Sallustius
785 2910 813 2961 in
832 2908 964 2963 Oratione
981 2910 1015 2963 ad
1029 2909 1170 2966 Camarem
1189 2913 1223 2967 de
1242 2914 1283 2968 Re
1302 2914 1394 2986 publice

357 2999 506 3054 ordinanda
526 2997 587 3067 [Ed.
607 2996 781 3068 Havercrmp.
799 2997 831 3050 T.
850 2997 883 3050 lt.
911 3017 937 3069 p.
957 3001 1019 3053 156.
1033 2999 1098 3072 ibiq.
1117 3002 1245 3074 interprr.
1265 3003 1314 3057 Ed.
1332 3005 1393 3057 (ἔστι

356 3108 382 3157 p.
400 3086 493 3152 1016]
531 3089 600 3149 Res,
618 3084 720 3155 inquit,
739 3085 831 3135 docuit
848 3084 878 3136 id
899 3103 990 3138 verum
1007 3105 1081 3150 esse,
1108 3090 1180 3160 quod
1197 3091 1225 3142 irr
1244 3091 1394 3145 carminibus

355 3174 464 3244 Appius
483 3171 608 3241 [Caecus]
627 3172 685 3230 cit,
710 3170 828 3224 Fabrum
846 3190 902 3224 esse
922 3191 1052 3244 quemque
1063 3175 1230 3247 fortunae.“
1280 3178 1395 3233 Graevius

356 3282 385 3315 ex
404 3262 472 3316 Cod.
489 3260 559 3316 Pith.
578 3259 694 3314 enotavit
708 3258 850 3313 lectionem
872 3260 940 3323 sed,
960 3271 991 3312 ut
1004 3262 1110 3331 rapieris
1124 3270 1211 3333 poe‘tu
1229 3265 1304 3317 dici
1310 3276 1330 3318 t.
1346 3263 1395 3315 Mr.

426 3352 532 3420 sapiens
548 3349 642 3419 poeto]
678 3348 803 3421 „Appius
822 3348 948 3415 fortasse,
976 3349 1051 3403 cuius
1067 3349 1199 3405 ¹sententis
1224 3352 1301 3406 valde
1317 3348 1396 3406 similis

355 3440 500 3495 assertura
524 3436 649 3492 Sallustio
677 3438 704 3489 iu
723 3434 841 3506 Epistola
860 3436 881 3490 l.
908 3437 942 3491 ad
970 3435 1002 3491 C.
1027 3435 1169 3492 Caesarem
1198 3439 1233 3493 de
1258 3438 1395 3493 ordinanda

354 3548 410 3600 rep.
426 3527 559 3593 (Fabrum
576 3546 632 3580 esse
651 3542 780 3597 quemque
793 3523 952 3595 fortunus).
988 3522 1042 3577 Sed
1056 3535 1082 3578 et
1102 3524 1214 3580 Plautus
1230 3526 1261 3581 in
1276 3527 1395 3580 Triuumo

291 3633 295 3640 ’
354 3616 400 3685 (ll,
419 3621 445 3683 2,
463 3618 507 3669 84.
531 3615 639 3683 rapiens
661 3614 718 3683 ipse
739 3612 827 3684 fingit
844 3612 993 3683 fortunam
1019 3611 1083 3677 sibi)
1111 3623 1138 3667 et
1158 3613 1252 3685 Nepos
1280 3616 1309 3669 in
1327 3612 1396 3667 tutet

356 3704 405 3757 vita
424 3705 460 3772 (c.
480 3706 523 3755 11.
543 3701 620 3771 extr.)
638 3712 664 3755 et
682 3700 726 3754 alii
744 3699 840 3753 eodem
859 3699 942 3754 modo
959 3698 1134 3770 loquuntur.“
1157 3701 1181 3753 F
1187 3719 1259 3756 acc.

425 3792 488 3842 Suis
507 3808 540 3841 eu
551 3791 646 3861 cuique
651 3790 775 3860 fingitur
786 3787 914 3856 risoribus]
951 3787 1152 3854 „Pulcherrima
1163 3790 1307 3858 sententie,
1326 3804 1395 3862 quam

357 3889 384 3932 et
400 3877 490 3949 Nepos
507 3878 535 3929 in
556 3877 637 3931 Attici
662 3877 711 3930 rita
737 3877 775 3929 sic
798 3875 936 3946 expressit:
967 3876 1012 3928 eui
1035 3877 1130 3947 cuique
1154 3896 1241 3929 mores
1260 3878 1395 3949 fortuma

350 3968 476 4038 fingunt.
513 3964 596 4032 Quod
615 3966 724 4018 lortasse
741 3985 756 4017 a
774 3963 870 4018 Plauto
890 3974 1042 4035 sumptum,
1061 3964 1107 4035 qui
1126 3964 1153 4016 in
1172 3964 1339 4019 Trinummo
1355 3963 1395 4016 ait:

354 4054 467 4124 Sapiens
484 4054 541 4122 ipse
552 4052 641 4124 fingit
652 4053 801 4124 fortunam
819 4053 877 4107 sibi.
916 4046 997 4108 Haec'
1005 4052 1066 4105 ideo
1085 4051 1146 4118 diri,
1166 4054 1279 4126 nequis
1296 4054 1395 4120 demu-

357 4145 456 4197 tatione
481 4141 609 4211 cogitaret
627 4142 662 4193 ob
689 4141 840 4195 varietatem
867 4151 986 4195 veterum
1004 4140 1151 4194 librorum:
1178 4141 1244 4212 qui,
1270 4142 1291 4195 si
1309 4139 1395 4193 multos

355 4230 466 4297 habeas,
492 4228 582 4283 nullus
602 4240 692 4282 tamen
710 4240 748 4283 est
766 4240 820 4282 tam
839 4229 998 4282 emendatus
1016 4238 1123 4298 tamque
1141 4239 1254 4298 apertus
1272 4228 1357 4291 locus,
1371 4225 1393 4277 iu

355 4340 408 4391 quo
427 4340 482 4373 non
502 4317 665 4371 dissentiant.
706 4318 776 4370 Cum
805 4316 908 4371 delectu
928 4317 1009 4388 igitur
1032 4316 1202 4372 observandi.
1248 4316 1303 4369 Mei
1330 4325 1393 4368 octo:

354 4408 412 4458 suis
430 4408 542 4478 quisque
560 4405 697 4478 fungitur
717 4404 841 4461 moribus.
888 4406 965 4458 Duo:
992 4404 1050 4457 suis·
1069 4415 1110 4454 ‘eu
1135 4406 1253 4477 quisque
1272 4405 1393 4477 surgitur

355 4493 477 4550 moribus.
525 4493 602 4550 Duo:
621 4494 680 4547 suis
698 4495 767 4547 enim
787 4494 901 4567 quisque
913 4494 1049 4567 fungitur
1067 4492 1196 4550 moribus.
1239 4494 1333 4568 Unus:¹
1344 4492 1391 4546 suis
