3517 5450
676 740 873 788 rsusnoxon
893 743 923 788 v.
952 743 1021 789 car.
1033 745 1068 790 ιι.
1330 727 1405 801 245

412 917 466 950 ιιοιι
487 908 520 949 ut
546 900 656 951 uincula
681 903 799 954 uirorum
817 902 887 965 sint,
912 903 960 953 seri
983 913 1015 954 ut
1034 903 1227 958 oblectamento
1244 915 1402 980 puerorum]

346 986 481 1049 „Vincula
500 987 543 1040 bic
563 1006 617 1040 uon
649 989 762 1060 patitur,
782 988 827 1041 sed
853 989 944 1041 ioculo
962 989 1068 1060 reponit
1088 991 1119 1044 ls.
1145 994 1282 1051 Vossius.“
1327 998 1398 1053 llaec

345 1078 483 1128 annotatio
504 1087 542 1128 est
562 1076 589 1128 in
608 1075 656 1129 Ed.
676 1076 833 1129 Schrerelii=
859 1095 940 1147 quam
959 1089 1048 1130 tamen
1067 1079 1154 1133 statim
1173 1080 1238 1135 h'aec
1257 1084 1398 1156 subsequi-

345 1175 399 1221 tur:
425 1164 603 1234 „Legendum
624 1177 714 1219 censet
735 1164 893 1218 Salmasius:
924 1185 976 1217 non
994 1177 1026 1217 ut
1044 1167 1165 1219 ioculo
1189 1171 1307 1222 virorum
1335 1174 1399 1236 sint,

345 1254 391 1305 ssd
407 1252 460 1305 obl.
478 1271 636 1321 puerorum,
664 1249 698 1310 uie
724 1257 769 1313 uir
797 1249 861 1305 airus
886 1250 956 1322 [oriar]
976 1250 1078 1324 ἀνδρῶν
1096 1262 1218 1321 nulyrru,
1247 1254 1314 1309 ‹tttst
1333 1280 1396 1310 παι-

343 1341 440 1411 δαρίων
459 1340 614 1410 πράγματα.
661 1340 746 1393 Hodie
772 1341 871 1392 toralia
901 1360 1026 1394 vocamus
1056 1343 1267 1414 suppellectilem
1286 1365 1396 1399 omnem

342 1444 520 1498 gemmarum,
541 1446 593 1499 qua
607 1427 731 1480 mulieres
749 1427 926 1490 oblectantur.
963 1428 1048 1483 Latini
1061 1440 1159 1483 veteres
1177 1430 1295 1483 ioculum
1308 1433 1395 1488 dixere

342 1514 366 1567 id
385 1534 469 1568 omne
489 1535 518 1568 es
538 1535 593 1587 quo
611 1515 707 1586 uliquis
725 1515 887 1588 voluptatem
906 1528 1013 1588 caperet
1032 1528 1057 1570 et
1083 1518 1110 1570 in
1136 1536 1190 1589 quo
1219 1521 1331 1573 maxime
1349 1541 1395 1576 ac-

342 1603 498 1674 quiesceret.
536 1602 634 1657 Graeci
653 1596 779 1670 παιγιιον.
816 1605 884 1658 Vide
902 1605 1014 1659 Salmas.
1032 1605 1122 1658 Plin.“
1158 1605 1231 1660 Haec
1245 1609 1266 1660 si
1280 1620 1318 1661 est
1335 1608 1395 1662 Sal·

342 1692 414 1743 masii
435 1690 601 1754 coniectura,
620 1703 650 1745 ut
667 1703 705 1745 est
718 1692 794 1762 (nam
806 1693 917 1763 protulit
931 1713 988 1747 eam
1003 1692 1148 1746 Salmasius
1164 1693 1299 1748 Pliniana.
1312 1697 1396 1751 Exer-

342 1779 422 1833 citatt.
441 1780 469 1831 in
489 1778 575 1832 Solin.
595 1779 720 1850 Polybist.
741 1801 768 1851 p.
787 1785 849 1835 tto.
868 1782 917 1850 b.)‚
942 1801 1033 1835 rerum
1054 1800 1109 1833 non
1129 1791 1180 1844 est,
1209 1783 1321 1836 eandem
1341 1803 1396 1838 esse

341 1865 372 1920 ls.
392 1867 480 1920 .Vossii
499 1868 666 1921 sententiam.
703 1868 798 1940 Neque
822 1889 852 1922 ea
871 1882 925 1934 est,
947 1869 992 1922 sed
1012 1880 1105 1922 eontra
1124 1869 1283 1922 Salmasium
1303 1872 1395 1943 dispu-

341 1964 375 2009 tat
393 1957 426 2009 ls.
446 1956 557 2009 Vossius
573 1955 618 2022 [ad
637 1956 770 2026 Pompon.
807 1955 906 2008 Melam
938 1976 963 2027 p.
983 1959 1044 2010 634.
1063 1955 1111 2008 Ed.
1132 1957 1164 2009 A.
1184 1955 1327 2024 Gronorii]
1353 1958 1395 2010 di-

340 2062 415 2096 cens:
443 2042 553 2094 vinculo
581 2042 660 2096 babet
685 2043 790 2114 vulgata
818 2044 909 2096 lectios
938 2043 973 2096 ita
1000 2063 1094 2096 omnes
1118 2043 1178 2096 libri
1203 2045 1314 2115 antiqui.
1361 2044 1395 2096 Et

340 2149 416 2196 sane,
437 2129 501 2201 quid
520 2129 617 2182 clarius
635 2141 661 2183 et
679 2131 843 2184 manifestius
861 2130 1004 2202 excogitari
1023 2132 1104 2202 possit
1124 2130 1163 2184 his
1181 2129 1286 2184 verbis?
1312 2130 1394 2195 lubet,

341 2229 369 2271 ut
388 2216 496 2271 tabulae
516 2228 541 2270 et
569 2218 643 2288 signa
668 2218 801 2273 artificum
826 2219 879 2273 sint
900 2220 1094 2273 oblectamenta
1120 2229 1225 2285 nostra,
1240 2239 1305 2271 non
1331 2238 1393 2271 rero

340 2307 464 2372 vincula,
485 2325 554 2377 quae
572 2296 838 2361 totos-n'os'teneant
856 2327 888 2362 ac
907 2308 1065 2379 possideant
1113 2307 1209 2360 Vincla
1235 2317 1325 2361 tamen
1351 2307 1394 2360 bic

339 2412 394 2447 non
414 2394 516 2466 patitur
533 2393 679 2447 Salmasius
697 2406 723 2448 et
740 2396 830 2448 ioculo
848 2397 963 2468 reponit.
1009 2395 1091 2464 Quod
1120 2406 1222 2448 tanturn
1246 2396 1334 2462 abest,
1365 2409 1394 2450 ιιι

339 2481 370 2535 sit
388 2482 498 2553 elegans
516 2494 561 2535 aut
579 2483 667 2535 sensui
688 2483 826 2535 Ciceronis
845 2484 1019 2549 conveniens,
1049 2494 1078 2536 ut
1097 2501 1130 2535 ne
1149 2482 1261 2535 latinum
1281 2483 1389 2557 quidem

339 2569 398 2623 sit.⁴‘
449 2570 553 2623 Erravit
582 2571 663 2640 igitur
681 2569 847 2622 Scbrerelius
871 2571 1053 2624 coniecturam
1081 2569 1154 2623 illam
1180 2571 1211 2622 ls.
1231 2572 1327 2624 Vossio
1345 2573 1396 2625 tri-.

340 2659 433 2715 huens.
453 2658 512 2713 Mr.
550 2658 689 2729 „Vincula
711 2660 826 2709 virorum
843 2657 976 2729 intellige,
1001 2676 1069 2730 quae
1098 2658 1166 2710 riros
1193 2659 1220 2710 in
1240 2659 1392 2712 servitutem

339 2747 489 2819 redigant.“
507 2748 585 2800 Ern.
621 2748 651 2799 ln
671 2745 758 2799 Codd.
774 2745 853 2800 Drsd.
871 2750 898 2801 4.
917 2744 967 2799 Or.
987 2746 1017 2798 E.
1036 2756 1074 2824 est
1092 2756 1125 2797 ut
1142 2765 1208 2811 non,
1227 2746 1345 2818 itemque
1364 2747 1392 2798 in

339 2832 409 2887 Gud.
430 2836 462 2886 Α.
481 2833 512 2888 Β.
550 2836 580 2888 ln
600 2833 648 2887 Ox.
667 2855 693 2902 η.
713 2854 736 2888 o.
756 2833 829 2886 deest
846 2844 886 2886 ut.
922 2833 973 2886 Os.
984 2833 1015 2885 E.
1034 2833 1113 2887 babet
1125 2835 1194 2886 vitia
1213 2855 1264 2906 pro
1276 2836 1394 2887 vinculo.

339 2920 401 2974 Post
419 2922 470 2974 sed
486 2922 559 2975 deest
576 2932 608 2973 ut
626 2922 654 2974 in
675 2922 760 2975 codd.
787 2920 845 2975 Cra.
865 2925 890 2975 1.
916 2923 977 2993 (qui
1006 2922 1062 2975 eius
1086 2922 1146 2976 loco
1165 2920 1244 2975 babet
1260 2924 1309 2974 sed
1325 2925 1393 2988 sint)

339 3007 410 3063 Gud.
430 3007 464 3062 Α.
477 3009 508 3062 Β.
527 3009 608 3063 Drsd.
627 3014 652 3064 1.
672 3013 698 3065 3.
716 3015 742 3064 4.
759 3014 785 3063 5.
805 3010 885 3063 Bern.
903 3010 961 3063 Bas.
979 3009 1070 3067 Guell.
1118 3009 1197 3078 Quae
1215 3009 1240 3065 b.
1260 3010 1277 3062 l.
1296 3010 1392 3063 dicun-

338 3108 382 3151 tur
400 3096 597 3150 oblectamenta
614 3116 771 3168 puerorum,
801 3098 850 3152 Or.
873 3100 901 3151 in
926 3098 1077 3153 Pisones.
1100 3098 1226 3151 dicuntur
1247 3116 1392 3167 puerorum

340 3187 544 3239 delectamenta.
579 3185 639 3238 Mr.

409 3278 443 3327 Ι).
463 3274 620 3340 Mummius]
647 3279 695 3340 „L.
715 3275 861 3325 Mummius
880 3274 988 3337 Consul,
1006 3274 1079 3326 omni
1098 3272 1199 3327 Achaia
1217 3274 1245 3325 in
1264 3274 1391 3327 ditionem

339 3372 466 3433 accepta,
487 3358 647 3415 Corinthum
669 3382 697 3414 ex
717 3373 823 3415 senatus
841 3359 963 3414 consulto
981 3360 1077 3425 diruit,
1099 3360 1162 3430 quia
1181 3360 1217 3412 ihi
1236 3359 1314 3431 legati
1336 3362 1392 3413 Ro-

338 3468 483 3504 manorum
503 3448 589 3502 riolati
610 3449 733 3516 fuerant,
750 3449 831 3519 signis
849 3447 998 3518 tabulisque
1017 3448 1111 3500 urbem
1130 3446 1243 3500 Romam
1270 3446 1393 3515 replevit:

339 3538 413 3611 isque
435 3537 537 3610 primus
555 3538 650 3592 tabulis
669 3537 781 3590 externis
800 3536 983 3590 auctoritatem
1003 3535 1105 3588 Rornae
1124 3535 1193 3588 lecit.
1229 3533 1293 3585 Eius
1311 3535 1393 3586 ricto-

338 3627 375 3681 ria
395 3645 487 3678 mores
506 3625 598 3696 populi
619 3626 733 3679 Romani
752 3626 785 3678 ad
806 3623 944 3678 Corinthia
964 3636 989 3677 et
1010 3623 1111 3677 tabulas
1140 3623 1222 3694 pictas
1246 3620 1391 3685 inclinarit,

337 3725 365 3768 ιιι
383 3714 413 3766 L.
434 3712 569 3784 Scipionis
589 3726 614 3766 et
634 3713 684 3768 Cn.
702 3713 796 3767 Manlii
816 3714 849 3767 ad
868 3714 999 3768 caelatum
1019 3723 1163 3782 argentum
1179 3722 1205 3764 et
1224 3707 1393 3764 vestesAtta-

336 3800 417 3867 licas,
443 3811 473 3853 ut
487 3801 609 3877 Pom'peii
627 3801 719 3873 Magni
739 3803 772 3856 de
789 3803 943 3856 Mithridate
971 3803 1003 3854 ad
1031 3799 1187 3871 margaritas
1211 3818 1393 3871 gemmasque.

336 3888 600 3942 Abstinentissimum
627 3890 711 3942 virum
739 3892 792 3962 egit
816 3892 964 3945 Mummius
991 3891 1018 3942 in
1048 3891 1114 3942 urhe
1140 3888 1279 3942 diruenda.
1323 3888 1393 3941 Nihil

335 3977 408 4029 euim
430 3996 459 4029 es
478 3978 533 4031 istis
551 3978 647 4049 opibus
665 3980 900 4051 ornamentisque,
925 3997 993 4051 quae
1020 3977 1155 4049 praedives
1174 3975 1318 4030 Corinthus
1345 3974 1392 4027 ba-

335 4065 403 4131 buit,
422 4065 451 4117 in
471 4065 527 4118 eius
546 4064 657 4118 domurn
670 4069 789 4138 persenit
804 4080 851 4121 :ut
870 4088 885 4120 e
904 4066 953 4119 rita
966 4067 1021 4136 ipse
1037 4065 1174 4119 excesserit
1184 4084 1240 4116 non
1252 4062 1392 4115 relicturus

336 4152 407 4205 filiae
427 4152 527 4205 dotem.
565 4153 697 4207 Auctores
716 4168 777 4209 sunt
796 4156 898 4209 Plinius
917 4175 974 4225 cap.
993 4157 1019 4206 7.
1037 4153 1082 4206 lib.
1100 4155 1148 4215 34;
1168 4170 1227 4221 cap.
1245 4154 1270 4203 4.
1289 4148 1335 4200 lib·
1347 4151 1390 4201 35.

335 4249 362 4292 et
380 4259 441 4310 cap.
460 4244 484 4292 1.
511 4239 558 4294 lib.
578 4245 621 4295 37.
647 4254 674 4295 et
701 4243 733 4296 Τ.
753 4244 840 4297 Livius
865 4243 933 4295 libro
951 4245 1014 4297 32⁴⁴
1044 4242 1116 4293 Fre.
1142 4239 1233 4316 Sylv.
1278 4237 1328 4301 „ln
1352 4256 1394 4288 se-

335 4327 426 4380 cundo
445 4328 479 4380 de
498 4326 604 4382 Olliciis
620 4330 688 4385 libro
708 4331 804 4385 Cicero
830 4333 860 4385 L.
880 4330 1043 4383 Mummium
1062 4330 1166 4392 laudat,
1194 4326 1268 4399 quod
1293 4344 1394 4377 monu-

334 4416 431 4468 mentis
455 4413 635 4471 Corinthiacis
659 4419 776 4484 ltaliam,
802 4438 883 4492 quam
908 4418 1018 4471 domum
1044 4436 1135 4480 suam,
1166 4434 1263 4466 ornare
1289 4414 1390 4466 maluit.

334 4501 514 4579 Commendat
540 4503 656 4560 eiusdem
682 4508 868 4563 abstinentiam
898 4510 926 4560 in
953 4509 1066 4561 Verrem
1092 4504 1241 4556 actionibus
1268 4507 1293 4557 3.
1321 4514 1346 4555 et
1366 4507 1390 4555 li.
