3517 5450
388 700 462 773 206
721 721 893 770 anninoxn
922 721 1117 768 simeonem.

388 899 477 959 reeta
510 894 673 975 sequitur,
718 893 774 972 qui
810 890 930 970 gaudet
966 889 1095 966 officio,
1137 889 1190 952 eui
1223 890 1356 954 vivendi
1386 891 1430 954 via

389 1032 594 1098 considerata
632 1035 729 1111 atque
764 1028 899 1110 provisa
931 1029 1004 1090 est?
1047 1028 1102 1109 qui
1138 1027 1265 1107 tegibus
1310 1025 1428 1109 quidem

389 1188 455 1235 non
483 1173 618 1251 propter
642 1173 764 1231 metum
793 1171 897 1248 paret,
920 1164 979 1229 sed
1005 1182 1062 1230 eas
1088 1163 1236 1245 sequitur
1262 1168 1362 1245 atque
1381 1183 1428 1228 eo

389 1309 439 1384 tit,
465 1308 543 1389 quia
569 1306 601 1369 id
627 1307 770 1370 satutare
809 1304 955 1369 maxime
987 1321 1059 1367 esse
1095 1302 1236 1367 iudicat:
1273 1304 1330 1384 qui
1361 1303 1427 1368 nihii

388 1443 482 1520 dicit,
510 1443 591 1506 nihil
618 1443 713 1520 iaoit,
750 1443 831 1506 nihii
858 1443 979 1523 cogitat
1015 1441 1172 1521 denique,
1214 1440 1279 1503 nisi
1306 1440 1428 1505 libenter

389 1600 428 1644 ae
453 1580 572 1643 tibere:
610 1580 702 1643 euius
733 1579 845 1644 omnia
871 1578 1009 1642 comitia
1040 1593 1160 1658 resque
1183 1594 1323 1655 omnes,
1361 1594 1424 1658 quas

389 1718 488 1797 gerit,
524 1718 566 1781 ab
597 1717 670 1798 ipso
705 1716 973 1798 proficiscuntur,
1017 1715 1202 1796 eodemque
1237 1715 1424 1781 reseruntur:

390 1873 450 1918 nee
476 1857 524 1917 est
545 1854 613 1918 ulla
639 1872 710 1932 res,
745 1872 828 1936 quae
856 1853 928 1934 plus
952 1852 1040 1934 apud
1067 1871 1144 1917 eum
1164 1853 1308 1935 polleat,
1345 1869 1423 1934 quan

389 1989 489 2071 ipsius
524 1990 677 2053 voluntas
713 1996 811 2072 atque
848 1988 1023 2053 iudicium:
1066 1989 1119 2053 oui
1164 1989 1298 2069 quidem
1332 1988 1421 2061 etiam

390 2145 475 2208 quae
501 2127 567 2190 vim
594 2128 717 2192 habene
738 2131 920 2194 maximam
944 2128 1080 2205 dieitur,
1116 2127 1264 2192 Fortuna
1291 2128 1363 2208 ipsa
1383 2143 1422 2188 ee·

265 2308 270 2324 ,
390 2265 452 2329 nit:
478 2265 524 2341 si,
550 2271 586 2327 ut
612 2265 743 2346 sapiens
770 2269 869 2347 potita
896 2265 994 2342 dixit,
1032 2259 1118 2328 Setis
1153 2285 1198 2327 ea
1235 2260 1345 2328 caius·
1359 2257 1423 2350 fln-

387 2396 492 2488 gitur
528 2394 702 2464 moribus.
762 2400 831 2466 Soli
867 2402 966 2482 igitur
1002 2402 1066 2466 hoo
1102 2397 1264 2482 contingit
1292 2399 1421 2484 sapienti,

390 2545 425 2602 ut
459 2537 538 2602 nihii
575 2537 674 2601 saciat
710 2538 849 2615 invitus,
892 2538 972 2603 nihil
1003 2537 1138 2617 dolens,
1179 2538 1261 2603 nihil
1300 2542 1422 2602 coaetue

390 2673 489 2753 Quod
514 2675 574 2737 etsi
601 2675 646 2740 ita
668 2692 759 2753 esse,
796 2676 944 2757 pluribus
972 2677 1080 2742 verbis
1114 2674 1344 2741 disserendum
1365 2681 1422 2761 pet:

389 2810 470 2874 illud
495 2814 605 2874 tamen
632 2815 665 2875 et
690 2812 790 2876 breve
817 2819 849 2877 et
873 2814 1096 2879 confitendum
1122 2818 1190 2892 est,
1228 2814 1292 2878 nisi
1320 2814 1424 2897 quiite

390 2951 431 3013 sit
453 2946 606 3027 affectus,
632 2950 773 3013 liberum
790 2968 863 3015 esse
876 2952 1052 3017 neminem.
1105 2950 1198 3016 Servi
1215 2953 1318 3034 igitur
1330 2966 1424 3018 omnes

390 3087 543 3168 improbi.
595 3085 662 3151 Nee
679 3086 751 3151 ¹hoe
779 3091 846 3151 tam
874 3106 910 3151 re
934 3092 999 3166 est,
1034 3106 1133 3170 quam
1166 3089 1257 3153 dictu
1291 3091 1425 3173 inopina·

390 3230 457 3288 tum
483 3212 581 3304 atque
607 3225 767 3290 mirabile.
829 3226 904 3292 Non
935 3228 1022 3291 enim
1058 3230 1103 3292 ita
1140 3229 1253 3293 dieunt
1287 3249 1347 3295 eos
1371 3245 1426 3295 esse

389 3360 514 3440 servos,
540 3368 576 3425 ut
601 3363 776 3445 mancipia,
803 3382 888 3446 quae
915 3370 990 3430 sunt
1009 3366 1222 3431 dominorum
1239 3367 1328 3435 taeta
1348 3384 1426 3440 nem,

390 3504 447 3565 aut
472 3500 584 3581 atiquo
611 3500 683 3563 iure
708 3501 813 3565 civili:
836 3502 913 3579 sed,
949 3503 977 3566 si
1011 3504 1150 3578 servitus
1184 3505 1244 3584 sit,
1279 3507 1362 3571 sieut
1383 3506 1426 3575 m,

384 3638 577 3736 obedientia
602 3638 697 3702 fracti
724 3639 825 3703 animi
851 3644 883 3703 et
909 3640 1048 3716 abiecti,
1081 3645 1113 3703 et
1138 3641 1281 3705 arbitrio
1307 3640 1426 3707 carentis
1466 3713 1467 3740 ,

391 3791 463 3850 suo,
490 3774 562 3854 quis
588 3780 702 3854 neget,
728 3791 844 3837 omnes
868 3774 974 3852 leves,
1000 3790 1116 3839 omnes
1143 3776 1314 3856 cupidos,
1332 3790 1425 3843 omnes

355 3935 379 3981 11
393 3910 534 3989 denique
561 3910 749 3990 improbos,
773 3929 845 3975 esse
876 3912 1018 3988 servos?
1069 3914 1120 3974 An
1150 3910 1220 3974 itte·
1242 3912 1324 3976 mihi
1354 3909 1425 3983 tiber,

392 4049 445 4113 eui
471 4047 590 4111 mulier
626 4050 788 4129 imperat?
826 4035 882 4115 eui
919 4053 1008 4131 leges
1045 4049 1204 4130 imponit,
1245 4048 1424 4132 praeseribit,

391 4188 500 4264 iubet,
537 4190 641 4264 vetat,
671 4188 761 4268 quod
788 4189 942 4254 videtur?
985 4186 1046 4270 qui
1068 4187 1150 4251 nihii
1184 4187 1359 4271 imperanti
1380 4182 1424 4249 ne

392 4344 469 4405 gare
496 4328 619 4405 potest,
652 4323 732 4388 nihii
770 4344 924 4392 recusare
959 4325 1080 4391 audet?
1133 4324 1265 4403 Poscit,
1304 4321 1422 4390 dandum

393 4466 458 4523 est:
495 4466 609 4539 vocat,
647 4449 861 4526 veniendum:
904 4462 1010 4537 eiieit,
1045 4459 1255 4525 abeundum:
1295 4458 1421 4525 minator,
