3517 5450
377 721 448 794 162
692 747 865 792 nanlnoxa
895 748 1088 797 srorconuu.

679 902 1021 978 PARADOXON
1055 909 1121 981 lv.

522 1078 614 1165 Ὅτι
652 1089 729 1162 ercis
765 1077 897 1185 δίφρων
932 1083 1121 1176 μαίνεται.

528 1249 697 1335 [Omnem
727 1246 878 1312 stultum
905 1245 1099 1334 insanire]

349 1473 359 1517 1
445 1455 515 1534 Ego
542 1472 623 1518 vero
651 1457 682 1514 te
706 1469 773 1514 non
801 1451 952 1529 stultum,
979 1457 1015 1515 ut
1040 1469 1158 1533 saepe;
1194 1472 1263 1518 nou
1302 1459 1412 1539 impro-

371 1590 459 1666 bum,
486 1594 522 1652 ut
548 1606 695 1669 semper3
719 1586 777 1650 sod
796 1587 983 1651 dementem
1007 1593 1038 1651 et
1064 1589 1216 1653 insanum
1237 1592 1336 1655 rebus
1351 1593 1410 1654 rin-

372 1745 445 1790 cam
470 1726 673 1790 necessariis.
733 1723 895 1806 Sapientis
922 1727 1050 1788 animus
1080 1727 1307 1805 magnitudine
1342 1746 1408 1791 con-

371 1865 451 1940 silii,
479 1862 652 1927 tolerantia
673 1879 783 1925 rerum
806 1862 1045 1936 humanarum,
1084 1864 1330 1944 contemptione
1351 1863 1406 1926 lor·

369 2006 487 2077 tunae,
530 1999 703 2090 virtutibus
746 1997 886 2077 denique
940 1999 1111 2074 omnibus,
1162 2005 1198 2061 ut
1237 1997 1404 2072 moenibus,

369 2143 511 2219 saeptus,
539 2137 687 2199 vincetur
713 2140 745 2198 et
771 2139 1023 2217 expugnabitur,
1048 2138 1103 2217 qui
1125 2154 1167 2198 ne
1193 2138 1325 2215 civitate
1346 2138 1403 2218 qui·

371 2272 446 2334 dem
473 2272 550 2352 pelli
577 2272 706 2352 potasti
760 2269 853 2347 Quae
881 2277 929 2336 est
957 2273 1044 2336 enim
1070 2274 1207 2364 civitas?
1263 2274 1402 2340 Omnisne

370 2413 551 2472 conuentus
564 2408 663 2471 etiam
685 2406 832 2469 tororum
855 2413 888 2471 et
905 2408 1121 2472 immanium?
1149 2412 1301 2474 omnisne
1322 2412 1399 2474 etian

368 2549 582 2628 lugitivorum
608 2565 646 2610 ac
674 2547 855 2609 latronum:
892 2551 1090 2626 congregata
1120 2564 1222 2610 unum
1252 2547 1399 2611 inlocum

368 2683 566 2748 multitudo?
620 2680 714 2747 Certe
740 2681 886 2762 negabis.
946 2681 1020 2748 Non
1046 2683 1145 2763 igitur
1175 2688 1246 2750 erat
1270 2686 1324 2749 illa
1347 2687 1397 2746 tun

370 2821 497 2896 ciritaS,
534 2835 636 2899 quum
668 2820 756 2898 leges
789 2819 823 2881 in
858 2836 899 2882 ea
925 2820 1004 2882 nihil
1028 2820 1198 2896 valebant;
1237 2841 1337 2903 quum
1362 2822 1397 2883 iu·

369 2960 454 3022 dicia
482 2958 647 3021 iacebant:
687 2975 788 3037 quum
822 2974 897 3020 mos
929 2959 1053 3039 patrius
1088 2960 1273 3049 occiderat:
1309 2974 1395 3041 quussl

366 3099 456 3162 ferro
484 3094 584 3174 pulsis
608 3094 865 3173 magistratibus,
902 3100 1034 3158 senatus
1068 3113 1190 3160 nomen
1223 3098 1259 3161 in
1294 3116 1329 3161 re
1353 3111 1396 3176 pu·

368 3236 454 3299 blica
470 3252 537 3298 non
564 3237 642 3297 erat.
695 3231 904 3295 Praedonum
923 3233 978 3295 ille
994 3251 1184 3314 concursus,
1211 3239 1254 3312 et,
1280 3240 1311 3297 te
1325 3234 1395 3301 duce,

369 3372 574 3436 latrocinium
599 3371 633 3432 in
660 3368 736 3432 loro
762 3370 989 3447 constitutum,
1024 3376 1056 3434 et
1082 3372 1242 3451 reliquiae
1264 3372 1394 3435 coniura-

317 3525 320 3532 ·
368 3509 464 3571 tionis
496 3526 515 3570 a
543 3505 701 3571 Catilinae
736 3504 829 3568 iuriis
860 3506 903 3569 ad
936 3511 1027 3570 tuum
1064 3509 1170 3572 scelus
1206 3509 1393 3586 furoremque
1436 3501 1437 3522 ¹

368 3662 567 3719 conversae,
593 3660 661 3705 non
685 3643 797 3707 civitas
824 3648 904 3706 erat.
966 3630 1080 3724 ltaque
1103 3647 1217 3725 pulsus
1247 3663 1309 3725 ego
1334 3640 1392 3707 oiri·
1434 3637 1437 3650 ¹

281 3782 284 3793 '
367 3787 432 3845 tate
451 3798 517 3842 non
543 3797 633 3855 sum,
661 3798 745 3859 quae
771 3782 866 3844 nulla
889 3785 977 3843 orat:
1003 3781 1177 3844 arcessitus
1193 3781 1228 3844 in
1253 3782 1390 3844 civitaten

366 3907 455 3994 sum,
482 3936 584 3998 quum
607 3924 693 3982 esset
715 3920 747 3981 in
781 3919 973 4000 republica
997 3920 1129 3995 consol,
1166 3919 1222 3998 qui
1248 3922 1316 3982 tum
1339 3911 1390 3978 nnl-

364 4058 414 4119 lus
451 4056 573 4119 luerat:
611 4059 696 4117 esset
729 4060 877 4130 senatus,
918 4057 973 4136 qui
1009 4061 1077 4119 tum
1110 4055 1294 4130 occideral;
1330 4047 1388 4117 esset

363 4211 541 4257 consensus
568 4192 681 4273 populi
709 4190 820 4253 liberi:
847 4196 932 4254 esset
957 4192 1037 4255 iuris
1061 4195 1093 4254 et
1120 4192 1386 4271 aequitatisque
1433 4207 1438 4250 1

364 4330 493 4393 vincula
526 4332 601 4390 sunt
634 4326 788 4401 civitatis,
832 4328 971 4407 repetita
1010 4326 1183 4390 memoria.
1247 4331 1293 4389 Ac.
1325 4316 1383 4384 vile,
1433 4329 1435 4336 '

365 4481 462 4543 quam
497 4466 558 4527 ista
597 4464 642 4527 tui
676 4462 839 4526 latrocinii
873 4466 937 4528 tale
971 4465 1235 4546 contempserim.
1291 4460 1381 4524 lactan
1427 4485 1438 4530 l
