<?xml version="1.0" encoding="UTF-8"?>
<!DOCTYPE html PUBLIC "-//W3C//DTD XHTML 1.0 Transitional//EN"
    "http://www.w3.org/TR/xhtml1/DTD/xhtml1-transitional.dtd">
<html xmlns="http://www.w3.org/1999/xhtml" xml:lang="en" lang="en">
 <head>
  <title>
</title>
<meta http-equiv="Content-Type" content="text/html;charset=utf-8" />
  <meta name='ocr-system' content='tesseract 3.04.00' />
  <meta name='ocr-capabilities' content='ocr_page ocr_carea ocr_par ocr_line ocrx_word'/>
</head>
<body>
  <div class='ocr_page' id='page_1' title='image "./mtulliiciceroni15cicegoog_0032.png"; bbox 0 0 3517 5450; ppageno 0'>
   <div class='ocr_carea' id='block_1_1' title="bbox 357 740 1234 791">
    <p class='ocr_par' dir='ltr' id='par_1_1' title="bbox 357 740 1234 791">
     <span class='ocr_line' id='line_1_1' title="bbox 357 740 1234 791; baseline 0.006 -5"><span class='ocrx_word' id='word_1_1' title='bbox 357 742 434 787; x_wconf 78' lang='lat' dir='ltr'>xxvi</span> <span class='ocrx_word' id='word_1_2' title='bbox 520 740 757 788; x_wconf 69' lang='lat' dir='ltr'>PROLEGOHENA</span> <span class='ocrx_word' id='word_1_3' title='bbox 784 743 826 788; x_wconf 79' lang='lat' dir='ltr'>tu</span> <span class='ocrx_word' id='word_1_4' title='bbox 854 741 1023 789; x_wconf 78' lang='lat' dir='ltr'>CICERONIS</span> <span class='ocrx_word' id='word_1_5' title='bbox 1050 743 1234 791; x_wconf 76' lang='lat' dir='ltr'>rautnoxt.</span> 
     </span>
    </p>
   </div>
   <div class='ocr_carea' id='block_1_2' title="bbox 354 900 1410 1414">
    <p class='ocr_par' dir='ltr' id='par_1_2' title="bbox 354 900 1410 1414">
     <span class='ocr_line' id='line_1_2' title="bbox 356 900 1408 973; baseline 0.001 -21"><span class='ocrx_word' id='word_1_6' title='bbox 356 903 417 954; x_wconf 89' lang='lat' dir='ltr'>bam</span> <span class='ocrx_word' id='word_1_7' title='bbox 438 919 527 972; x_wconf 89' lang='lat' dir='ltr'>regem</span> <span class='ocrx_word' id='word_1_8' title='bbox 547 902 574 953; x_wconf 91' lang='lat' dir='ltr'>in</span> <span class='ocrx_word' id='word_1_9' title='bbox 594 901 712 954; x_wconf 75' lang='lat' dir='ltr'>Africam</span> <span class='ocrx_word' id='word_1_10' title='bbox 732 902 858 956; x_wconf 87' lang='lat' dir='ltr'>bellatum</span> <span class='ocrx_word' id='word_1_11' title='bbox 879 902 1028 968; x_wconf 88' lang='lat' dir='ltr'>traiecisset,</span> <span class='ocrx_word' id='word_1_12' title='bbox 1048 912 1073 954; x_wconf 93' lang='lat' dir='ltr'>et</span> <span class='ocrx_word' id='word_1_13' title='bbox 1092 902 1181 973; x_wconf 91' lang='lat' dir='ltr'>paullo</span> <span class='ocrx_word' id='word_1_14' title='bbox 1201 913 1278 954; x_wconf 88' lang='lat' dir='ltr'>antea</span> <span class='ocrx_word' id='word_1_15' title='bbox 1291 900 1330 953; x_wconf 84' lang='lat' dir='ltr'>M.</span> <span class='ocrx_word' id='word_1_16' title='bbox 1341 901 1408 953; x_wconf 89' lang='lat' dir='ltr'>Bru·</span> 
     </span>
     <span class='ocr_line' id='line_1_3' title="bbox 355 987 1407 1061; baseline 0 -20"><span class='ocrx_word' id='word_1_17' title='bbox 355 1000 412 1041; x_wconf 91' lang='lat' dir='ltr'>tum</span> <span class='ocrx_word' id='word_1_18' title='bbox 433 987 534 1040; x_wconf 85' lang='lat' dir='ltr'>Galliae</span> <span class='ocrx_word' id='word_1_19' title='bbox 553 987 703 1059; x_wconf 83' lang='lat' dir='ltr'>Cisalpinae</span> <span class='ocrx_word' id='word_1_20' title='bbox 724 990 900 1060; x_wconf 81' lang='lat' dir='ltr'>praefecisset.</span> <span class='ocrx_word' id='word_1_21' title='bbox 938 990 1017 1042; x_wconf 88' lang='lat' dir='ltr'>Victo</span> <span class='ocrx_word' id='word_1_22' title='bbox 1029 989 1165 1061; x_wconf 83' lang='lat' dir='ltr'>Scipione,</span> <span class='ocrx_word' id='word_1_23' title='bbox 1184 990 1291 1042; x_wconf 87' lang='lat' dir='ltr'>Petreio</span> <span class='ocrx_word' id='word_1_24' title='bbox 1312 989 1407 1042; x_wconf 88' lang='lat' dir='ltr'>etluba</span> 
     </span>
     <span class='ocr_line' id='line_1_4' title="bbox 356 1077 1407 1147; baseline 0.001 -20"><span class='ocrx_word' id='word_1_25' title='bbox 356 1095 418 1146; x_wconf 89' lang='lat' dir='ltr'>rege</span> <span class='ocrx_word' id='word_1_26' title='bbox 446 1096 536 1128; x_wconf 90' lang='lat' dir='ltr'>mense</span> <span class='ocrx_word' id='word_1_27' title='bbox 563 1077 660 1147; x_wconf 78' lang='lat' dir='ltr'><strong>Aprili,</strong></span> <span class='ocrx_word' id='word_1_28' title='bbox 687 1077 753 1130; x_wconf 90' lang='lat' dir='ltr'>Cato</span> <span class='ocrx_word' id='word_1_29' title='bbox 779 1077 818 1130; x_wconf 81' lang='lat' dir='ltr'>vel</span> <span class='ocrx_word' id='word_1_30' title='bbox 848 1077 942 1128; x_wconf 91' lang='lat' dir='ltr'>eodem</span> <span class='ocrx_word' id='word_1_31' title='bbox 970 1097 1060 1130; x_wconf 92' lang='lat' dir='ltr'>mense</span> <span class='ocrx_word' id='word_1_32' title='bbox 1086 1078 1125 1129; x_wconf 83' lang='lat' dir='ltr'>vel</span> <span class='ocrx_word' id='word_1_33' title='bbox 1150 1077 1223 1130; x_wconf 87' lang='lat' dir='ltr'>Maio</span> <span class='ocrx_word' id='word_1_34' title='bbox 1241 1077 1338 1130; x_wconf 91' lang='lat' dir='ltr'>Uticae</span> <span class='ocrx_word' id='word_1_35' title='bbox 1362 1077 1407 1129; x_wconf 88' lang='lat' dir='ltr'>sibi</span> 
     </span>
     <span class='ocr_line' id='line_1_5' title="bbox 356 1163 1409 1238; baseline 0 -22"><span class='ocrx_word' id='word_1_36' title='bbox 356 1176 469 1217; x_wconf 88' lang='lat' dir='ltr'>mortem</span> <span class='ocrx_word' id='word_1_37' title='bbox 490 1165 625 1221; x_wconf 86' lang='lat' dir='ltr'>conscivit.</span> <span class='ocrx_word' id='word_1_38' title='bbox 662 1166 751 1238; x_wconf 79' lang='lat' dir='ltr'>Atque</span> <span class='ocrx_word' id='word_1_39' title='bbox 770 1166 822 1220; x_wconf 94' lang='lat' dir='ltr'>boc</span> <span class='ocrx_word' id='word_1_40' title='bbox 842 1166 948 1218; x_wconf 88' lang='lat' dir='ltr'>circiter</span> <span class='ocrx_word' id='word_1_41' title='bbox 968 1175 1105 1236; x_wconf 85' lang='lat' dir='ltr'>tempore,</span> <span class='ocrx_word' id='word_1_42' title='bbox 1135 1185 1219 1236; x_wconf 91' lang='lat' dir='ltr'>quum</span> <span class='ocrx_word' id='word_1_43' title='bbox 1239 1166 1272 1217; x_wconf 94' lang='lat' dir='ltr'>de</span> <span class='ocrx_word' id='word_1_44' title='bbox 1292 1163 1409 1217; x_wconf 79' lang='lat' dir='ltr'>Caesaris</span> 
     </span>
     <span class='ocr_line' id='line_1_6' title="bbox 355 1252 1409 1318; baseline 0.002 -16"><span class='ocrx_word' id='word_1_45' title='bbox 355 1253 463 1306; x_wconf 83' lang='lat' dir='ltr'>victoria</span> <span class='ocrx_word' id='word_1_46' title='bbox 483 1265 508 1306; x_wconf 90' lang='lat' dir='ltr'>et</span> <span class='ocrx_word' id='word_1_47' title='bbox 528 1265 613 1306; x_wconf 92' lang='lat' dir='ltr'>morte</span> <span class='ocrx_word' id='word_1_48' title='bbox 633 1252 744 1307; x_wconf 89' lang='lat' dir='ltr'>Catonis</span> <span class='ocrx_word' id='word_1_49' title='bbox 763 1253 873 1306; x_wconf 92' lang='lat' dir='ltr'>nuntius</span> <span class='ocrx_word' id='word_1_50' title='bbox 892 1253 1004 1305; x_wconf 82' lang='lat' dir='ltr'>Romam</span> <span class='ocrx_word' id='word_1_51' title='bbox 1027 1254 1148 1306; x_wconf 93' lang='lat' dir='ltr'>nondum</span> <span class='ocrx_word' id='word_1_52' title='bbox 1168 1254 1294 1318; x_wconf 71' lang='lat' dir='ltr'>venisset,</span> <span class='ocrx_word' id='word_1_53' title='bbox 1315 1256 1409 1306; x_wconf 87' lang='lat' dir='ltr'>Cicero</span> 
     </span>
     <span class='ocr_line' id='line_1_7' title="bbox 354 1339 1410 1414; baseline 0.001 -22"><span class='ocrx_word' id='word_1_54' title='bbox 354 1339 426 1392; x_wconf 90' lang='lat' dir='ltr'>bunc</span> <span class='ocrx_word' id='word_1_55' title='bbox 446 1341 645 1393; x_wconf 80' lang='lat' dir='ltr'>Paradoxorum</span> <span class='ocrx_word' id='word_1_56' title='bbox 665 1341 785 1394; x_wconf 93' lang='lat' dir='ltr'>libellum</span> <span class='ocrx_word' id='word_1_57' title='bbox 805 1342 941 1414; x_wconf 74' lang='lat' dir='ltr'>scripsisse</span> <span class='ocrx_word' id='word_1_58' title='bbox 954 1342 1064 1396; x_wconf 86' lang='lat' dir='ltr'>ridetur.</span> <span class='ocrx_word' id='word_1_59' title='bbox 1102 1341 1185 1410; x_wconf 90' lang='lat' dir='ltr'>Quod</span> <span class='ocrx_word' id='word_1_60' title='bbox 1196 1361 1258 1394; x_wconf 91' lang='lat' dir='ltr'>vero</span> <span class='ocrx_word' id='word_1_61' title='bbox 1272 1340 1410 1394; x_wconf 83' lang='lat' dir='ltr'>Paradll.</span> 
     </span>
    </p>
   </div>
   <div class='ocr_carea' id='block_1_3' title="bbox 309 1428 1429 3792">
    <p class='ocr_par' dir='ltr' id='par_1_3' title="bbox 354 1428 1409 2998">
     <span class='ocr_line' id='line_1_8' title="bbox 355 1428 1408 1502; baseline 0.002 -23"><span class='ocrx_word' id='word_1_62' title='bbox 355 1429 478 1480; x_wconf 91' lang='lat' dir='ltr'>nonnulli</span> <span class='ocrx_word' id='word_1_63' title='bbox 497 1439 593 1499; x_wconf 90' lang='lat' dir='ltr'>putant</span> <span class='ocrx_word' id='word_1_64' title='bbox 613 1428 650 1480; x_wconf 88' lang='grc' dir='ltr'>Μ.</span> <span class='ocrx_word' id='word_1_65' title='bbox 672 1430 819 1483; x_wconf 80' lang='lat' dir='ltr'>Antonium</span> <span class='ocrx_word' id='word_1_66' title='bbox 836 1430 993 1502; x_wconf 83' lang='lat' dir='ltr'>significari,</span> <span class='ocrx_word' id='word_1_67' title='bbox 1012 1449 1045 1483; x_wconf 89' lang='lat' dir='ltr'>ac</span> <span class='ocrx_word' id='word_1_68' title='bbox 1065 1429 1178 1501; x_wconf 87' lang='lat' dir='ltr'>proinde</span> <span class='ocrx_word' id='word_1_69' title='bbox 1197 1429 1270 1482; x_wconf 91' lang='lat' dir='ltr'>bunc</span> <span class='ocrx_word' id='word_1_70' title='bbox 1289 1429 1408 1483; x_wconf 91' lang='lat' dir='ltr'>libellum</span> 
     </span>
     <span class='ocr_line' id='line_1_9' title="bbox 354 1513 1409 1589; baseline 0.002 -22"><span class='ocrx_word' id='word_1_71' title='bbox 354 1527 414 1585; x_wconf 90' lang='lat' dir='ltr'>post</span> <span class='ocrx_word' id='word_1_72' title='bbox 432 1513 551 1568; x_wconf 79' lang='lat' dir='ltr'>Caesaris</span> <span class='ocrx_word' id='word_1_73' title='bbox 568 1517 680 1582; x_wconf 90' lang='lat' dir='ltr'>obitum,</span> <span class='ocrx_word' id='word_1_74' title='bbox 698 1518 854 1571; x_wconf 72' lang='lat' dir='ltr'>dominante</span> <span class='ocrx_word' id='word_1_75' title='bbox 875 1518 1004 1582; x_wconf 77' lang='lat' dir='ltr'>Antonio,</span> <span class='ocrx_word' id='word_1_76' title='bbox 1025 1518 1155 1587; x_wconf 92' lang='lat' dir='ltr'>scriptum</span> <span class='ocrx_word' id='word_1_77' title='bbox 1176 1537 1239 1583; x_wconf 85' lang='lat' dir='ltr'>esse,</span> <span class='ocrx_word' id='word_1_78' title='bbox 1259 1517 1312 1571; x_wconf 90' lang='lat' dir='ltr'>hoc</span> <span class='ocrx_word' id='word_1_79' title='bbox 1331 1519 1409 1589; x_wconf 91' lang='lat' dir='ltr'>igitur</span> 
     </span>
     <span class='ocr_line' id='line_1_10' title="bbox 354 1603 1408 1677; baseline 0.005 -23"><span class='ocrx_word' id='word_1_80' title='bbox 354 1603 457 1674; x_wconf 90' lang='lat' dir='ltr'>planea</span> <span class='ocrx_word' id='word_1_81' title='bbox 469 1604 570 1657; x_wconf 90' lang='lat' dir='ltr'>ratione</span> <span class='ocrx_word' id='word_1_82' title='bbox 580 1615 605 1672; x_wconf 78' lang='lat' dir='ltr'>et</span> <span class='ocrx_word' id='word_1_83' title='bbox 615 1606 667 1658; x_wconf 82' lang='lat' dir='ltr'>reri</span> <span class='ocrx_word' id='word_1_84' title='bbox 678 1606 849 1660; x_wconf 71' lang='lat' dir='ltr'>similitudine</span> <span class='ocrx_word' id='word_1_85' title='bbox 860 1606 977 1660; x_wconf 89' lang='lat' dir='ltr'>alienum</span> <span class='ocrx_word' id='word_1_86' title='bbox 988 1616 1039 1659; x_wconf 83' lang='lat' dir='ltr'>est:</span> <span class='ocrx_word' id='word_1_87' title='bbox 1053 1605 1330 1677; x_wconf 71' lang='lat' dir='ltr'>siquidem*scribente</span> <span class='ocrx_word' id='word_1_88' title='bbox 1340 1605 1408 1659; x_wconf 91' lang='lat' dir='ltr'>bunc</span> 
     </span>
     <span class='ocr_line' id='line_1_11' title="bbox 354 1691 1406 1758; baseline 0.002 -15"><span class='ocrx_word' id='word_1_89' title='bbox 354 1691 475 1745; x_wconf 92' lang='lat' dir='ltr'>libellum</span> <span class='ocrx_word' id='word_1_90' title='bbox 495 1691 626 1747; x_wconf 86' lang='lat' dir='ltr'>Cicerone</span> <span class='ocrx_word' id='word_1_91' title='bbox 645 1693 712 1748; x_wconf 89' lang='lat' dir='ltr'>Cato</span> <span class='ocrx_word' id='word_1_92' title='bbox 729 1706 774 1748; x_wconf 91' lang='lat' dir='ltr'>aut</span> <span class='ocrx_word' id='word_1_93' title='bbox 793 1695 893 1748; x_wconf 81' lang='lat' dir='ltr'>vivebat</span> <span class='ocrx_word' id='word_1_94' title='bbox 912 1706 958 1748; x_wconf 92' lang='lat' dir='ltr'>aut</span> <span class='ocrx_word' id='word_1_95' title='bbox 985 1694 1066 1746; x_wconf 89' lang='lat' dir='ltr'>modo</span> <span class='ocrx_word' id='word_1_96' title='bbox 1089 1705 1212 1745; x_wconf 90' lang='lat' dir='ltr'>mortuus</span> <span class='ocrx_word' id='word_1_97' title='bbox 1229 1703 1301 1758; x_wconf 87' lang='lat' dir='ltr'>erat,</span> <span class='ocrx_word' id='word_1_98' title='bbox 1330 1703 1356 1745; x_wconf 94' lang='lat' dir='ltr'>et</span> <span class='ocrx_word' id='word_1_99' title='bbox 1383 1695 1406 1744; x_wconf 93' lang='lat' dir='ltr'>in</span> 
     </span>
     <span class='ocr_line' id='line_1_12' title="bbox 355 1780 1406 1852; baseline 0.003 -20"><span class='ocrx_word' id='word_1_100' title='bbox 355 1780 401 1832; x_wconf 90' lang='lat' dir='ltr'>illo</span> <span class='ocrx_word' id='word_1_101' title='bbox 421 1781 557 1834; x_wconf 80' lang='lat' dir='ltr'>Paradoxo</span> <span class='ocrx_word' id='word_1_102' title='bbox 575 1783 607 1834; x_wconf 94' lang='lat' dir='ltr'>ll.</span> <span class='ocrx_word' id='word_1_103' title='bbox 626 1802 681 1835; x_wconf 87' lang='lat' dir='ltr'>uon</span> <span class='ocrx_word' id='word_1_104' title='bbox 701 1782 864 1848; x_wconf 81' lang='lat' dir='ltr'>Antonium,</span> <span class='ocrx_word' id='word_1_105' title='bbox 885 1783 929 1835; x_wconf 91' lang='lat' dir='ltr'>sed</span> <span class='ocrx_word' id='word_1_106' title='bbox 950 1781 1091 1844; x_wconf 89' lang='lat' dir='ltr'>Clodium,</span> <span class='ocrx_word' id='word_1_107' title='bbox 1118 1781 1260 1852; x_wconf 80' lang='lat' dir='ltr'>significari</span> <span class='ocrx_word' id='word_1_108' title='bbox 1281 1781 1406 1835; x_wconf 81' lang='lat' dir='ltr'>credibile</span> 
     </span>
     <span class='ocr_line' id='line_1_13' title="bbox 356 1869 1406 1939; baseline 0.003 -19"><span class='ocrx_word' id='word_1_109' title='bbox 356 1880 401 1920; x_wconf 88' lang='lat' dir='ltr'>est.</span> <span class='ocrx_word' id='word_1_110' title='bbox 437 1869 558 1924; x_wconf 88' lang='lat' dir='ltr'>Fuerunt</span> <span class='ocrx_word' id='word_1_111' title='bbox 576 1871 603 1923; x_wconf 93' lang='lat' dir='ltr'>in</span> <span class='ocrx_word' id='word_1_112' title='bbox 624 1870 674 1924; x_wconf 88' lang='lat' dir='ltr'>isto</span> <span class='ocrx_word' id='word_1_113' title='bbox 692 1890 784 1923; x_wconf 90' lang='lat' dir='ltr'>errore</span> <span class='ocrx_word' id='word_1_114' title='bbox 803 1871 857 1923; x_wconf 93' lang='lat' dir='ltr'>duo</span> <span class='ocrx_word' id='word_1_115' title='bbox 875 1869 1019 1923; x_wconf 69' lang='lat' dir='ltr'>doctissimi</span> <span class='ocrx_word' id='word_1_116' title='bbox 1038 1869 1100 1934; x_wconf 86' lang='lat' dir='ltr'>riri,</span> <span class='ocrx_word' id='word_1_117' title='bbox 1127 1869 1171 1939; x_wconf 91' lang='lat' dir='ltr'>qui</span> <span class='ocrx_word' id='word_1_118' title='bbox 1191 1879 1310 1921; x_wconf 91' lang='lat' dir='ltr'>ceterum</span> <span class='ocrx_word' id='word_1_119' title='bbox 1330 1890 1406 1923; x_wconf 88' lang='lat' dir='ltr'>accu-</span> 
     </span>
     <span class='ocr_line' id='line_1_14' title="bbox 355 1955 1406 2029; baseline 0.003 -22"><span class='ocrx_word' id='word_1_120' title='bbox 355 1955 483 2008; x_wconf 89' lang='lat' dir='ltr'>ratissime</span> <span class='ocrx_word' id='word_1_121' title='bbox 518 1957 551 2010; x_wconf 86' lang='lat' dir='ltr'>de</span> <span class='ocrx_word' id='word_1_122' title='bbox 578 1958 658 2010; x_wconf 89' lang='lat' dir='ltr'>rebus</span> <span class='ocrx_word' id='word_1_123' title='bbox 692 1957 830 2011; x_wconf 86' lang='lat' dir='ltr'>Ciceronis</span> <span class='ocrx_word' id='word_1_124' title='bbox 860 1958 1052 2029; x_wconf 81' lang='lat' dir='ltr'>prodiderunt:</span> <span class='ocrx_word' id='word_1_125' title='bbox 1085 1956 1187 2009; x_wconf 88' lang='lat' dir='ltr'>Sebast.</span> <span class='ocrx_word' id='word_1_126' title='bbox 1217 1959 1354 2010; x_wconf 81' lang='lat' dir='ltr'>Corradus</span> <span class='ocrx_word' id='word_1_127' title='bbox 1382 1959 1406 2010; x_wconf 91' lang='lat' dir='ltr'>in</span> 
     </span>
     <span class='ocr_line' id='line_1_15' title="bbox 355 2043 1405 2117; baseline -0.002 -21"><span class='ocrx_word' id='word_1_128' title='bbox 355 2043 505 2112; x_wconf 81' lang='lat' dir='ltr'>Quaestum</span> <span class='ocrx_word' id='word_1_129' title='bbox 523 2046 639 2100; x_wconf 87' lang='lat' dir='ltr'>secunda</span> <span class='ocrx_word' id='word_1_130' title='bbox 658 2066 684 2116; x_wconf 85' lang='lat' dir='ltr'>p.</span> <span class='ocrx_word' id='word_1_131' title='bbox 703 2050 770 2112; x_wconf 75' lang='lat' dir='ltr'>itu,</span> <span class='ocrx_word' id='word_1_132' title='bbox 789 2065 907 2117; x_wconf 90' lang='lat' dir='ltr'>eumque</span> <span class='ocrx_word' id='word_1_133' title='bbox 927 2057 1033 2100; x_wconf 86' lang='lat' dir='ltr'>secutus</span> <span class='ocrx_word' id='word_1_134' title='bbox 1050 2045 1072 2096; x_wconf 84' lang='lat' dir='ltr'>F</span> <span class='ocrx_word' id='word_1_135' title='bbox 1074 2065 1147 2098; x_wconf 86' lang='lat' dir='ltr'>rane.</span> <span class='ocrx_word' id='word_1_136' title='bbox 1170 2045 1314 2097; x_wconf 84' lang='lat' dir='ltr'>Fabricius</span> <span class='ocrx_word' id='word_1_137' title='bbox 1333 2050 1405 2096; x_wconf 87' lang='lat' dir='ltr'>Mar-</span> 
     </span>
     <span class='ocr_line' id='line_1_16' title="bbox 356 2132 1405 2204; baseline -0.001 -20"><span class='ocrx_word' id='word_1_138' title='bbox 356 2135 523 2192; x_wconf 85' lang='lat' dir='ltr'>coduranus‚</span> <span class='ocrx_word' id='word_1_139' title='bbox 542 2135 570 2188; x_wconf 92' lang='lat' dir='ltr'>in</span> <span class='ocrx_word' id='word_1_140' title='bbox 590 2135 650 2187; x_wconf 89' lang='lat' dir='ltr'>Vita</span> <span class='ocrx_word' id='word_1_141' title='bbox 671 2133 808 2186; x_wconf 87' lang='lat' dir='ltr'>Ciceronis</span> <span class='ocrx_word' id='word_1_142' title='bbox 827 2153 875 2204; x_wconf 90' lang='lat' dir='ltr'>per</span> <span class='ocrx_word' id='word_1_143' title='bbox 894 2132 1016 2186; x_wconf 86' lang='lat' dir='ltr'>consules</span> <span class='ocrx_word' id='word_1_144' title='bbox 1035 2133 1150 2202; x_wconf 88' lang='lat' dir='ltr'>digesta,</span> <span class='ocrx_word' id='word_1_145' title='bbox 1171 2152 1196 2201; x_wconf 72' lang='lat' dir='ltr'>p,</span> <span class='ocrx_word' id='word_1_146' title='bbox 1217 2139 1284 2184; x_wconf 72' lang='lat'>2002</span> <span class='ocrx_word' id='word_1_147' title='bbox 1313 2151 1405 2202; x_wconf 89' lang='lat' dir='ltr'>quam·</span> 
     </span>
     <span class='ocr_line' id='line_1_17' title="bbox 356 2220 1404 2293; baseline -0.004 -19"><span class='ocrx_word' id='word_1_148' title='bbox 356 2242 437 2293; x_wconf 91' lang='lat' dir='ltr'>quam</span> <span class='ocrx_word' id='word_1_149' title='bbox 458 2222 500 2275; x_wconf 92' lang='lat' dir='ltr'>bic</span> <span class='ocrx_word' id='word_1_150' title='bbox 519 2223 672 2274; x_wconf 88' lang='lat' dir='ltr'>dubitanter</span> <span class='ocrx_word' id='word_1_151' title='bbox 691 2222 845 2293; x_wconf 90' lang='lat' dir='ltr'>pronuntiat</span> <span class='ocrx_word' id='word_1_152' title='bbox 858 2225 891 2289; x_wconf 84' lang='lat'>&#39;).</span> <span class='ocrx_word' id='word_1_153' title='bbox 934 2221 987 2274; x_wconf 89' lang='lat' dir='ltr'>Sed</span> <span class='ocrx_word' id='word_1_154' title='bbox 1007 2242 1094 2274; x_wconf 87' lang='lat' dir='ltr'>reram</span> <span class='ocrx_word' id='word_1_155' title='bbox 1115 2240 1169 2272; x_wconf 90' lang='lat' dir='ltr'>esse</span> <span class='ocrx_word' id='word_1_156' title='bbox 1190 2231 1309 2272; x_wconf 88' lang='lat' dir='ltr'>nostram</span> <span class='ocrx_word' id='word_1_157' title='bbox 1330 2220 1404 2272; x_wconf 93' lang='lat' dir='ltr'>ratio-</span> 
     </span>
     <span class='ocr_line' id='line_1_18' title="bbox 356 2306 1403 2381; baseline -0.004 -20"><span class='ocrx_word' id='word_1_158' title='bbox 356 2329 434 2376; x_wconf 87' lang='lat' dir='ltr'>nem,</span> <span class='ocrx_word' id='word_1_159' title='bbox 462 2311 545 2381; x_wconf 86' lang='lat' dir='ltr'>quiris</span> <span class='ocrx_word' id='word_1_160' title='bbox 565 2309 642 2363; x_wconf 87' lang='lat' dir='ltr'>facile</span> <span class='ocrx_word' id='word_1_161' title='bbox 668 2309 812 2380; x_wconf 88' lang='lat' dir='ltr'>intelligat,</span> <span class='ocrx_word' id='word_1_162' title='bbox 843 2310 888 2381; x_wconf 94' lang='lat' dir='ltr'>qui</span> <span class='ocrx_word' id='word_1_163' title='bbox 907 2328 965 2361; x_wconf 92' lang='lat' dir='ltr'>eam</span> <span class='ocrx_word' id='word_1_164' title='bbox 996 2329 1057 2361; x_wconf 93' lang='lat' dir='ltr'>cum</span> <span class='ocrx_word' id='word_1_165' title='bbox 1084 2309 1164 2361; x_wconf 91' lang='lat' dir='ltr'>rebus</span> <span class='ocrx_word' id='word_1_166' title='bbox 1182 2306 1322 2374; x_wconf 87' lang='lat' dir='ltr'>Ciceronis</span> <span class='ocrx_word' id='word_1_167' title='bbox 1346 2308 1403 2359; x_wconf 91' lang='lat' dir='ltr'>anni</span> 
     </span>
     <span class='ocr_line' id='line_1_19' title="bbox 356 2396 1402 2468; baseline -0.002 -20"><span class='ocrx_word' id='word_1_168' title='bbox 356 2396 390 2448; x_wconf 89' lang='lat' dir='ltr'>U.</span> <span class='ocrx_word' id='word_1_169' title='bbox 420 2417 443 2451; x_wconf 90' lang='lat' dir='ltr'>c.</span> <span class='ocrx_word' id='word_1_170' title='bbox 466 2402 528 2453; x_wconf 81' lang='lat' dir='ltr'>tut.</span> <span class='ocrx_word' id='word_1_171' title='bbox 557 2398 764 2468; x_wconf 78' lang='lat' dir='ltr'>comparaverit:</span> <span class='ocrx_word' id='word_1_172' title='bbox 797 2418 862 2468; x_wconf 90' lang='lat' dir='ltr'>quas</span> <span class='ocrx_word' id='word_1_173' title='bbox 894 2418 951 2464; x_wconf 90' lang='lat' dir='ltr'>res,</span> <span class='ocrx_word' id='word_1_174' title='bbox 983 2409 1093 2468; x_wconf 76' lang='lat' dir='ltr'>excepto</span> <span class='ocrx_word' id='word_1_175' title='bbox 1123 2396 1175 2448; x_wconf 90' lang='lat' dir='ltr'>boc</span> <span class='ocrx_word' id='word_1_176' title='bbox 1202 2396 1235 2447; x_wconf 95' lang='lat' dir='ltr'>de</span> <span class='ocrx_word' id='word_1_177' title='bbox 1266 2396 1402 2448; x_wconf 80' lang='lat' dir='ltr'>Paradoris</span> 
     </span>
     <span class='ocr_line' id='line_1_20' title="bbox 357 2483 1401 2557; baseline -0.002 -20"><span class='ocrx_word' id='word_1_178' title='bbox 357 2496 493 2556; x_wconf 90' lang='lat' dir='ltr'>tempore,</span> <span class='ocrx_word' id='word_1_179' title='bbox 511 2485 652 2556; x_wconf 86' lang='lat' dir='ltr'>diligenter</span> <span class='ocrx_word' id='word_1_180' title='bbox 671 2485 789 2557; x_wconf 82' lang='lat' dir='ltr'>exposuit</span> <span class='ocrx_word' id='word_1_181' title='bbox 807 2485 877 2538; x_wconf 93' lang='lat' dir='ltr'>idem</span> <span class='ocrx_word' id='word_1_182' title='bbox 896 2486 919 2537; x_wconf 89' lang='lat' dir='ltr'><strong>F</strong></span> <span class='ocrx_word' id='word_1_183' title='bbox 921 2506 994 2539; x_wconf 82' lang='lat' dir='ltr'>rano.</span> <span class='ocrx_word' id='word_1_184' title='bbox 1013 2485 1200 2538; x_wconf 80' lang='lat' dir='ltr'>Fabricius</span> <span class='ocrx_word' id='word_1_185' title='bbox 1220 2505 1245 2555; x_wconf 91' lang='lat' dir='ltr'>p.</span> <span class='ocrx_word' id='word_1_186' title='bbox 1258 2489 1321 2539; x_wconf 74' lang='lat' dir='ltr'>titt.</span> <span class='ocrx_word' id='word_1_187' title='bbox 1356 2483 1401 2537; x_wconf 87' lang='lat' dir='ltr'>Ce-</span> 
     </span>
     <span class='ocr_line' id='line_1_21' title="bbox 357 2572 1401 2644; baseline -0.005 -19"><span class='ocrx_word' id='word_1_188' title='bbox 357 2584 443 2626; x_wconf 90' lang='lat' dir='ltr'>terum</span> <span class='ocrx_word' id='word_1_189' title='bbox 465 2572 561 2627; x_wconf 92' lang='lat' dir='ltr'>Cicero</span> <span class='ocrx_word' id='word_1_190' title='bbox 581 2574 658 2626; x_wconf 90' lang='lat' dir='ltr'>buius</span> <span class='ocrx_word' id='word_1_191' title='bbox 675 2594 690 2626; x_wconf 91' lang='lat' dir='ltr'>a</span> <span class='ocrx_word' id='word_1_192' title='bbox 709 2594 737 2626; x_wconf 88' lang='lat' dir='ltr'>se</span> <span class='ocrx_word' id='word_1_193' title='bbox 755 2573 846 2644; x_wconf 92' lang='lat' dir='ltr'>scripti</span> <span class='ocrx_word' id='word_1_194' title='bbox 865 2572 947 2625; x_wconf 90' lang='lat' dir='ltr'>libelli</span> <span class='ocrx_word' id='word_1_195' title='bbox 966 2575 994 2625; x_wconf 91' lang='lat' dir='ltr'>in</span> <span class='ocrx_word' id='word_1_196' title='bbox 1022 2573 1094 2638; x_wconf 88' lang='lat' dir='ltr'>aliis,</span> <span class='ocrx_word' id='word_1_197' title='bbox 1121 2573 1167 2644; x_wconf 92' lang='lat' dir='ltr'>qui</span> <span class='ocrx_word' id='word_1_198' title='bbox 1188 2572 1295 2642; x_wconf 89' lang='lat' dir='ltr'>quidem</span> <span class='ocrx_word' id='word_1_199' title='bbox 1315 2591 1401 2642; x_wconf 88' lang='lat' dir='ltr'>super·</span> 
     </span>
     <span class='ocr_line' id='line_1_22' title="bbox 356 2660 1398 2733; baseline -0.003 -20"><span class='ocrx_word' id='word_1_200' title='bbox 356 2672 430 2728; x_wconf 87' lang='lat' dir='ltr'>sunt,</span> <span class='ocrx_word' id='word_1_201' title='bbox 450 2662 502 2714; x_wconf 92' lang='lat' dir='ltr'>suis</span> <span class='ocrx_word' id='word_1_202' title='bbox 521 2661 594 2714; x_wconf 91' lang='lat' dir='ltr'>libris</span> <span class='ocrx_word' id='word_1_203' title='bbox 612 2660 713 2714; x_wconf 91' lang='lat' dir='ltr'>nullam</span> <span class='ocrx_word' id='word_1_204' title='bbox 734 2663 899 2715; x_wconf 87' lang='lat' dir='ltr'>mentionem</span> <span class='ocrx_word' id='word_1_205' title='bbox 918 2661 990 2717; x_wconf 84' lang='lat' dir='ltr'>iacit.</span> <span class='ocrx_word' id='word_1_206' title='bbox 1010 2691 1044 2698; x_wconf 99' lang='lat'><strong>—</strong></span> <span class='ocrx_word' id='word_1_207' title='bbox 1073 2662 1115 2713; x_wconf 86' lang='lat' dir='ltr'>De</span> <span class='ocrx_word' id='word_1_208' title='bbox 1132 2679 1228 2733; x_wconf 83' lang='lat' dir='ltr'>genere</span> <span class='ocrx_word' id='word_1_209' title='bbox 1246 2660 1327 2712; x_wconf 88' lang='lat' dir='ltr'>libelli</span> <span class='ocrx_word' id='word_1_210' title='bbox 1347 2661 1398 2712; x_wconf 89' lang='lat' dir='ltr'>item</span> 
     </span>
     <span class='ocr_line' id='line_1_23' title="bbox 356 2747 1399 2822; baseline -0.002 -21"><span class='ocrx_word' id='word_1_211' title='bbox 356 2750 471 2803; x_wconf 91' lang='lat' dir='ltr'>dubitari</span> <span class='ocrx_word' id='word_1_212' title='bbox 490 2761 589 2820; x_wconf 88' lang='lat' dir='ltr'>potest,</span> <span class='ocrx_word' id='word_1_213' title='bbox 610 2761 699 2803; x_wconf 92' lang='lat' dir='ltr'>utrum</span> <span class='ocrx_word' id='word_1_214' title='bbox 718 2751 763 2817; x_wconf 86' lang='lat' dir='ltr'>sit,</span> <span class='ocrx_word' id='word_1_215' title='bbox 784 2763 813 2803; x_wconf 94' lang='lat' dir='ltr'>ut</span> <span class='ocrx_word' id='word_1_216' title='bbox 831 2752 910 2822; x_wconf 86' lang='lat' dir='ltr'>vulgo</span> <span class='ocrx_word' id='word_1_217' title='bbox 931 2762 1052 2822; x_wconf 87' lang='lat' dir='ltr'>putatur,</span> <span class='ocrx_word' id='word_1_218' title='bbox 1074 2747 1275 2820; x_wconf 87' lang='lat' dir='ltr'>philosophum,</span> <span class='ocrx_word' id='word_1_219' title='bbox 1295 2768 1330 2800; x_wconf 92' lang='lat' dir='ltr'>an</span> <span class='ocrx_word' id='word_1_220' title='bbox 1348 2767 1399 2800; x_wconf 84' lang='lat' dir='ltr'>ora·</span> 
     </span>
     <span class='ocr_line' id='line_1_24' title="bbox 357 2837 1398 2911; baseline -0.004 -22"><span class='ocrx_word' id='word_1_221' title='bbox 357 2837 465 2891; x_wconf 90' lang='lat' dir='ltr'>torium.</span> <span class='ocrx_word' id='word_1_222' title='bbox 501 2837 548 2890; x_wconf 89' lang='lat' dir='ltr'>Est</span> <span class='ocrx_word' id='word_1_223' title='bbox 567 2837 675 2909; x_wconf 90' lang='lat' dir='ltr'>quidem</span> <span class='ocrx_word' id='word_1_224' title='bbox 695 2839 803 2892; x_wconf 89' lang='lat' dir='ltr'>materia</span> <span class='ocrx_word' id='word_1_225' title='bbox 824 2837 1019 2911; x_wconf 84' lang='lat' dir='ltr'>philosophiae:</span> <span class='ocrx_word' id='word_1_226' title='bbox 1046 2840 1091 2890; x_wconf 90' lang='lat' dir='ltr'>sed</span> <span class='ocrx_word' id='word_1_227' title='bbox 1113 2839 1196 2890; x_wconf 80' lang='lat' dir='ltr'>forma</span> <span class='ocrx_word' id='word_1_228' title='bbox 1223 2848 1249 2889; x_wconf 88' lang='lat' dir='ltr'>et</span> <span class='ocrx_word' id='word_1_229' title='bbox 1269 2838 1398 2891; x_wconf 88' lang='lat' dir='ltr'>consilium</span> 
     </span>
     <span class='ocr_line' id='line_1_25' title="bbox 356 2924 1399 2998; baseline -0.001 -21"><span class='ocrx_word' id='word_1_230' title='bbox 356 2935 418 2977; x_wconf 93' lang='lat' dir='ltr'>sunt</span> <span class='ocrx_word' id='word_1_231' title='bbox 436 2925 561 2977; x_wconf 89' lang='lat' dir='ltr'>oratoria.</span> <span class='ocrx_word' id='word_1_232' title='bbox 597 2925 708 2997; x_wconf 84' lang='lat' dir='ltr'>Singula</span> <span class='ocrx_word' id='word_1_233' title='bbox 728 2926 862 2979; x_wconf 83' lang='lat' dir='ltr'>Paradoxa</span> <span class='ocrx_word' id='word_1_234' title='bbox 881 2938 943 2979; x_wconf 92' lang='lat' dir='ltr'>sunt</span> <span class='ocrx_word' id='word_1_235' title='bbox 960 2926 1080 2998; x_wconf 80' lang='lat' dir='ltr'>singulae</span> <span class='ocrx_word' id='word_1_236' title='bbox 1098 2924 1315 2993; x_wconf 83' lang='lat' dir='ltr'>declamationes,</span> <span class='ocrx_word' id='word_1_237' title='bbox 1335 2926 1399 2997; x_wconf 82' lang='lat' dir='ltr'>quasi</span> 
     </span>
    </p>

    <p class='ocr_par' dir='ltr' id='par_1_4' title="bbox 309 3008 1429 3792">
     <span class='ocr_line' id='line_1_26' title="bbox 309 3008 1400 3085; baseline -0.001 -21"><span class='ocrx_word' id='word_1_238' title='bbox 309 3026 312 3030; x_wconf 82' lang='grc'><strong>’</strong></span> <span class='ocrx_word' id='word_1_239' title='bbox 356 3034 386 3065; x_wconf 83' lang='lat' dir='ltr'>ex</span> <span class='ocrx_word' id='word_1_240' title='bbox 403 3011 493 3065; x_wconf 86' lang='lat' dir='ltr'>scbola</span> <span class='ocrx_word' id='word_1_241' title='bbox 512 3011 639 3081; x_wconf 87' lang='lat' dir='ltr'>rhetoris,</span> <span class='ocrx_word' id='word_1_242' title='bbox 666 3015 683 3067; x_wconf 88' lang='lat' dir='ltr'>i.</span> <span class='ocrx_word' id='word_1_243' title='bbox 703 3035 726 3068; x_wconf 91' lang='lat' dir='ltr'>e.</span> <span class='ocrx_word' id='word_1_244' title='bbox 744 3016 877 3067; x_wconf 87' lang='lat' dir='ltr'>orationes</span> <span class='ocrx_word' id='word_1_245' title='bbox 903 3015 979 3068; x_wconf 81' lang='lat' dir='ltr'>lictae</span> <span class='ocrx_word' id='word_1_246' title='bbox 1006 3034 1067 3067; x_wconf 90' lang='lat' dir='ltr'>eum</span> <span class='ocrx_word' id='word_1_247' title='bbox 1101 3015 1128 3066; x_wconf 91' lang='lat' dir='ltr'>in</span> <span class='ocrx_word' id='word_1_248' title='bbox 1148 3013 1245 3078; x_wconf 86' lang='lat' dir='ltr'>finem,</span> <span class='ocrx_word' id='word_1_249' title='bbox 1277 3025 1307 3066; x_wconf 93' lang='lat' dir='ltr'>ut</span> <span class='ocrx_word' id='word_1_250' title='bbox 1335 3008 1400 3085; x_wconf 81' lang='lat' dir='ltr'>quasi</span> 
     </span>
     <span class='ocr_line' id='line_1_27' title="bbox 356 3100 1404 3174; baseline -0.001 -22"><span class='ocrx_word' id='word_1_251' title='bbox 356 3100 489 3153; x_wconf 86' lang='lat' dir='ltr'>rhetorico</span> <span class='ocrx_word' id='word_1_252' title='bbox 508 3102 631 3154; x_wconf 80' lang='lat' dir='ltr'>exercitio</span> <span class='ocrx_word' id='word_1_253' title='bbox 650 3102 786 3155; x_wconf 87' lang='lat' dir='ltr'>decretum</span> <span class='ocrx_word' id='word_1_254' title='bbox 805 3103 987 3174; x_wconf 82' lang='lat' dir='ltr'>philosophiae</span> <span class='ocrx_word' id='word_1_255' title='bbox 1007 3122 1055 3174; x_wconf 91' lang='lat' dir='ltr'>per</span> <span class='ocrx_word' id='word_1_256' title='bbox 1072 3102 1253 3173; x_wconf 82' lang='lat' dir='ltr'>eloquentiam</span> <span class='ocrx_word' id='word_1_257' title='bbox 1273 3103 1305 3154; x_wconf 91' lang='lat' dir='ltr'>ad</span> <span class='ocrx_word' id='word_1_258' title='bbox 1334 3117 1404 3155; x_wconf 91' lang='lat' dir='ltr'>com·</span> 
     </span>
     <span class='ocr_line' id='line_1_28' title="bbox 357 3189 1408 3261; baseline 0 -21"><span class='ocrx_word' id='word_1_259' title='bbox 357 3208 465 3241; x_wconf 88' lang='lat' dir='ltr'>munem</span> <span class='ocrx_word' id='word_1_260' title='bbox 488 3201 595 3258; x_wconf 89' lang='lat' dir='ltr'>captum</span> <span class='ocrx_word' id='word_1_261' title='bbox 614 3192 846 3256; x_wconf 84' lang='lat' dir='ltr'>accommodetur,</span> <span class='ocrx_word' id='word_1_262' title='bbox 873 3205 900 3245; x_wconf 91' lang='lat' dir='ltr'>et</span> <span class='ocrx_word' id='word_1_263' title='bbox 918 3191 951 3244; x_wconf 92' lang='lat' dir='ltr'>ad</span> <span class='ocrx_word' id='word_1_264' title='bbox 974 3190 1130 3261; x_wconf 80' lang='lat' dir='ltr'>popularem</span> <span class='ocrx_word' id='word_1_265' title='bbox 1149 3209 1256 3241; x_wconf 90' lang='lat' dir='ltr'>sensum</span> <span class='ocrx_word' id='word_1_266' title='bbox 1276 3189 1408 3257; x_wconf 73' lang='lat' dir='ltr'>fidemque</span> 
     </span>
     <span class='ocr_line' id='line_1_29' title="bbox 357 3277 1412 3349; baseline 0 -20"><span class='ocrx_word' id='word_1_267' title='bbox 357 3277 568 3331; x_wconf 87' lang='lat' dir='ltr'>commendetur.</span> <span class='ocrx_word' id='word_1_268' title='bbox 612 3278 695 3349; x_wconf 87' lang='lat' dir='ltr'>lgitur</span> <span class='ocrx_word' id='word_1_269' title='bbox 714 3278 810 3332; x_wconf 87' lang='lat' dir='ltr'>Cicero</span> <span class='ocrx_word' id='word_1_270' title='bbox 829 3278 903 3333; x_wconf 89' lang='lat' dir='ltr'>bunc</span> <span class='ocrx_word' id='word_1_271' title='bbox 919 3279 1037 3332; x_wconf 92' lang='lat' dir='ltr'>libellum</span> <span class='ocrx_word' id='word_1_272' title='bbox 1058 3278 1152 3331; x_wconf 88' lang='lat' dir='ltr'>maiori</span> <span class='ocrx_word' id='word_1_273' title='bbox 1179 3277 1312 3331; x_wconf 87' lang='lat' dir='ltr'>rhetorico</span> <span class='ocrx_word' id='word_1_274' title='bbox 1332 3278 1412 3329; x_wconf 78' lang='lat' dir='ltr'>titro.</span> 
     </span>
     <span class='ocr_line' id='line_1_30' title="bbox 357 3357 1416 3437; baseline 0 -20"><span class='ocrx_word' id='word_1_275' title='bbox 357 3366 389 3417; x_wconf 89' lang='lat' dir='ltr'>de</span> <span class='ocrx_word' id='word_1_276' title='bbox 408 3363 494 3418; x_wconf 89' lang='lat' dir='ltr'>Claris</span> <span class='ocrx_word' id='word_1_277' title='bbox 510 3365 686 3432; x_wconf 91' lang='lat' dir='ltr'>Oratoribus,</span> <span class='ocrx_word' id='word_1_278' title='bbox 715 3368 748 3421; x_wconf 92' lang='lat' dir='ltr'>ad</span> <span class='ocrx_word' id='word_1_279' title='bbox 767 3369 882 3421; x_wconf 88' lang='lat' dir='ltr'>eundem</span> <span class='ocrx_word' id='word_1_280' title='bbox 902 3368 1015 3421; x_wconf 88' lang='lat' dir='ltr'>Brutum</span> <span class='ocrx_word' id='word_1_281' title='bbox 1035 3367 1148 3437; x_wconf 90' lang='lat' dir='ltr'>scripto,</span> <span class='ocrx_word' id='word_1_282' title='bbox 1177 3366 1249 3418; x_wconf 84' lang='lat' dir='ltr'>brevi</span> <span class='ocrx_word' id='word_1_283' title='bbox 1280 3357 1416 3436; x_wconf 68' lang='lat' dir='ltr'>temporis</span> 
     </span>
     <span class='ocr_line' id='line_1_31' title="bbox 356 3451 1421 3527; baseline 0.001 -22"><span class='ocrx_word' id='word_1_284' title='bbox 356 3455 493 3508; x_wconf 79' lang='lat' dir='ltr'>intervallo</span> <span class='ocrx_word' id='word_1_285' title='bbox 512 3457 636 3523; x_wconf 87' lang='lat' dir='ltr'>subiecit,</span> <span class='ocrx_word' id='word_1_286' title='bbox 666 3468 695 3510; x_wconf 94' lang='lat' dir='ltr'>ut</span> <span class='ocrx_word' id='word_1_287' title='bbox 715 3458 778 3510; x_wconf 93' lang='lat' dir='ltr'>item</span> <span class='ocrx_word' id='word_1_288' title='bbox 797 3456 959 3511; x_wconf 86' lang='lat' dir='ltr'>rhetoricum</span> <span class='ocrx_word' id='word_1_289' title='bbox 982 3457 1058 3512; x_wconf 85' lang='lat' dir='ltr'>etad</span> <span class='ocrx_word' id='word_1_290' title='bbox 1080 3455 1247 3527; x_wconf 87' lang='lat' dir='ltr'>eloquentiae</span> <span class='ocrx_word' id='word_1_291' title='bbox 1266 3451 1421 3507; x_wconf 81' lang='lat' dir='ltr'>institutio·</span> 
     </span>
     <span class='ocr_line' id='line_1_32' title="bbox 357 3542 1424 3617; baseline -0.001 -23"><span class='ocrx_word' id='word_1_292' title='bbox 357 3563 418 3595; x_wconf 90' lang='lat' dir='ltr'>nem</span> <span class='ocrx_word' id='word_1_293' title='bbox 438 3544 622 3596; x_wconf 79' lang='lat' dir='ltr'>referendum:</span> <span class='ocrx_word' id='word_1_294' title='bbox 643 3545 715 3615; x_wconf 92' lang='lat' dir='ltr'>quod</span> <span class='ocrx_word' id='word_1_295' title='bbox 737 3546 792 3617; x_wconf 86' lang='lat' dir='ltr'>ipse</span> <span class='ocrx_word' id='word_1_296' title='bbox 812 3547 839 3599; x_wconf 95' lang='lat' dir='ltr'>in</span> <span class='ocrx_word' id='word_1_297' title='bbox 859 3547 999 3617; x_wconf 90' lang='lat' dir='ltr'>prooemio</span> <span class='ocrx_word' id='word_1_298' title='bbox 1017 3545 1154 3616; x_wconf 83' lang='lat' dir='ltr'>significat.</span> <span class='ocrx_word' id='word_1_299' title='bbox 1192 3544 1239 3607; x_wconf 90' lang='lat' dir='ltr'>Et,</span> <span class='ocrx_word' id='word_1_300' title='bbox 1259 3542 1331 3614; x_wconf 93' lang='lat' dir='ltr'>quod</span> <span class='ocrx_word' id='word_1_301' title='bbox 1352 3547 1424 3593; x_wconf 80' lang='lat' dir='ltr'>n⁰n</span> 
     </span>
     <span class='ocr_line' id='line_1_33' title="bbox 357 3629 1429 3705; baseline -0.003 -24"><span class='ocrx_word' id='word_1_302' title='bbox 357 3630 497 3682; x_wconf 92' lang='lat' dir='ltr'>minimum</span> <span class='ocrx_word' id='word_1_303' title='bbox 515 3642 553 3683; x_wconf 88' lang='lat' dir='ltr'>est</span> <span class='ocrx_word' id='word_1_304' title='bbox 570 3644 774 3701; x_wconf 85' lang='lat' dir='ltr'>argumentum,</span> <span class='ocrx_word' id='word_1_305' title='bbox 793 3633 890 3687; x_wconf 87' lang='lat' dir='ltr'>Cicero</span> <span class='ocrx_word' id='word_1_306' title='bbox 908 3634 978 3705; x_wconf 88' lang='lat' dir='ltr'>ipse,</span> <span class='ocrx_word' id='word_1_307' title='bbox 999 3634 1031 3686; x_wconf 93' lang='lat' dir='ltr'>de</span> <span class='ocrx_word' id='word_1_308' title='bbox 1049 3632 1138 3684; x_wconf 86' lang='lat' dir='ltr'>Dirin.</span> <span class='ocrx_word' id='word_1_309' title='bbox 1156 3629 1189 3693; x_wconf 94' lang='lat' dir='ltr'>ll,</span> <span class='ocrx_word' id='word_1_310' title='bbox 1208 3635 1234 3684; x_wconf 92' lang='lat'>1.</span> <span class='ocrx_word' id='word_1_311' title='bbox 1262 3630 1307 3683; x_wconf 93' lang='lat' dir='ltr'>ubi</span> <span class='ocrx_word' id='word_1_312' title='bbox 1327 3629 1429 3681; x_wconf 63' lang='lat' dir='ltr'>libr&#39;sss</span> 
     </span>
     <span class='ocr_line' id='line_1_34' title="bbox 357 3718 1288 3792; baseline 0.002 -23"><span class='ocrx_word' id='word_1_313' title='bbox 357 3736 418 3769; x_wconf 90' lang='lat' dir='ltr'>suos</span> <span class='ocrx_word' id='word_1_314' title='bbox 436 3718 467 3767; x_wconf 83' lang='lat' dir='ltr'>de</span> <span class='ocrx_word' id='word_1_315' title='bbox 482 3719 655 3789; x_wconf 74' lang='lat' dir='ltr'>philosophia</span> <span class='ocrx_word' id='word_1_316' title='bbox 672 3720 784 3792; x_wconf 88' lang='lat' dir='ltr'>scriptos</span> <span class='ocrx_word' id='word_1_317' title='bbox 802 3734 956 3789; x_wconf 87' lang='lat' dir='ltr'>enumerat,</span> <span class='ocrx_word' id='word_1_318' title='bbox 976 3720 1048 3775; x_wconf 84' lang='lat' dir='ltr'>bunc</span> <span class='ocrx_word' id='word_1_319' title='bbox 1063 3738 1117 3773; x_wconf 87' lang='lat' dir='ltr'>non</span> <span class='ocrx_word' id='word_1_320' title='bbox 1138 3719 1288 3774; x_wconf 83' lang='lat' dir='ltr'>nominat.“</span> 
     </span>
    </p>
   </div>
   <div class='ocr_carea' id='block_1_4' title="bbox 358 3874 1441 4444">
    <p class='ocr_par' dir='ltr' id='par_1_5' title="bbox 358 3874 1441 4444">
     <span class='ocr_line' id='line_1_35' title="bbox 428 3874 1438 3939; baseline 0.005 -14"><span class='ocrx_word' id='word_1_321' title='bbox 428 3875 455 3939; x_wconf 81' lang='lat'>*)</span> <span class='ocrx_word' id='word_1_322' title='bbox 475 3874 536 3928; x_wconf 88' lang='lat' dir='ltr'>Fuit</span> <span class='ocrx_word' id='word_1_323' title='bbox 553 3876 580 3928; x_wconf 95' lang='lat' dir='ltr'>in</span> <span class='ocrx_word' id='word_1_324' title='bbox 600 3876 649 3931; x_wconf 90' lang='lat' dir='ltr'>bac</span> <span class='ocrx_word' id='word_1_325' title='bbox 667 3882 795 3933; x_wconf 89' lang='lat' dir='ltr'>sententia</span> <span class='ocrx_word' id='word_1_326' title='bbox 815 3881 867 3933; x_wconf 91' lang='lat' dir='ltr'>iam</span> <span class='ocrx_word' id='word_1_327' title='bbox 889 3882 1049 3934; x_wconf 84' lang='lat' dir='ltr'>Erasmus</span> <span class='ocrx_word' id='word_1_328' title='bbox 1067 3880 1191 3932; x_wconf 82' lang='lat' dir='ltr'>Roterod</span> <span class='ocrx_word' id='word_1_329' title='bbox 1211 3892 1237 3933; x_wconf 88' lang='lat' dir='ltr'>et</span> <span class='ocrx_word' id='word_1_330' title='bbox 1258 3892 1345 3933; x_wconf 91' lang='lat' dir='ltr'>nostra</span> <span class='ocrx_word' id='word_1_331' title='bbox 1364 3882 1438 3930; x_wconf 74' lang='lat'>2³⁰·</span> 
     </span>
     <span class='ocr_line' id='line_1_36' title="bbox 359 3946 1440 4021; baseline 0.003 -23"><span class='ocrx_word' id='word_1_332' title='bbox 359 3955 410 3998; x_wconf 88' lang='lat' dir='ltr'>tate</span> <span class='ocrx_word' id='word_1_333' title='bbox 429 3946 637 4012; x_wconf 86' lang='lat' dir='ltr'>Wetzelius,</span> <span class='ocrx_word' id='word_1_334' title='bbox 656 3950 753 4021; x_wconf 86' lang='lat' dir='ltr'>Xystus</span> <span class='ocrx_word' id='word_1_335' title='bbox 771 3952 848 4006; x_wconf 92' lang='lat' dir='ltr'>etiam</span> <span class='ocrx_word' id='word_1_336' title='bbox 869 3952 1053 4007; x_wconf 88' lang='lat' dir='ltr'>Betuleius</span> <span class='ocrx_word' id='word_1_337' title='bbox 1071 3951 1104 4004; x_wconf 94' lang='lat' dir='ltr'>ad</span> <span class='ocrx_word' id='word_1_338' title='bbox 1123 3953 1202 4004; x_wconf 81' lang='lat' dir='ltr'>verba</span> <span class='ocrx_word' id='word_1_339' title='bbox 1217 3951 1332 4004; x_wconf 88' lang='lat' dir='ltr'>Par.ll.:</span> <span class='ocrx_word' id='word_1_340' title='bbox 1350 3949 1440 4002; x_wconf 61' lang='lat' dir='ltr'>etim</span> 
     </span>
     <span class='ocr_line' id='line_1_37' title="bbox 358 4018 1441 4094; baseline 0.008 -26"><span class='ocrx_word' id='word_1_341' title='bbox 358 4029 389 4068; x_wconf 90' lang='lat' dir='ltr'>ta</span> <span class='ocrx_word' id='word_1_342' title='bbox 409 4018 537 4068; x_wconf 81' lang='lat' dir='ltr'>homiaem</span> <span class='ocrx_word' id='word_1_343' title='bbox 556 4018 659 4087; x_wconf 85' lang='lat' dir='ltr'>„llinc,</span> <span class='ocrx_word' id='word_1_344' title='bbox 678 4023 779 4093; x_wconf 89' lang='lat' dir='ltr'>inquit,</span> <span class='ocrx_word' id='word_1_345' title='bbox 803 4024 916 4094; x_wconf 85' lang='lat' dir='ltr'>colligo,</span> <span class='ocrx_word' id='word_1_346' title='bbox 944 4024 1077 4077; x_wconf 79' lang='lat' dir='ltr'>Paradora</span> <span class='ocrx_word' id='word_1_347' title='bbox 1100 4033 1157 4092; x_wconf 89' lang='lat' dir='ltr'>post</span> <span class='ocrx_word' id='word_1_348' title='bbox 1177 4022 1340 4094; x_wconf 88' lang='lat' dir='ltr'>Philippicas</span> <span class='ocrx_word' id='word_1_349' title='bbox 1356 4021 1441 4075; x_wconf 69' lang='lat' dir='ltr'>e5⁵⁰</span> 
     </span>
     <span class='ocr_line' id='line_1_38' title="bbox 358 4083 1441 4172; baseline 0.006 -30"><span class='ocrx_word' id='word_1_350' title='bbox 358 4088 469 4172; x_wconf 88' lang='lat' dir='ltr'>scripta,</span> <span class='ocrx_word' id='word_1_351' title='bbox 513 4102 623 4162; x_wconf 84' lang='lat' dir='ltr'>propter</span> <span class='ocrx_word' id='word_1_352' title='bbox 661 4114 726 4163; x_wconf 86' lang='lat' dir='ltr'>quas</span> <span class='ocrx_word' id='word_1_353' title='bbox 756 4097 896 4147; x_wconf 84' lang='lat' dir='ltr'>Antonias</span> <span class='ocrx_word' id='word_1_354' title='bbox 930 4094 1053 4148; x_wconf 90' lang='lat' dir='ltr'>Ciceroni</span> <span class='ocrx_word' id='word_1_355' title='bbox 1090 4113 1181 4146; x_wconf 90' lang='lat' dir='ltr'>necem</span> <span class='ocrx_word' id='word_1_356' title='bbox 1221 4097 1338 4148; x_wconf 82' lang='lat' dir='ltr'>minatus</span> <span class='ocrx_word' id='word_1_357' title='bbox 1382 4083 1441 4170; x_wconf 42' lang='lat'>‘⁶⁵¹</span> 
     </span>
     <span class='ocr_line' id='line_1_39' title="bbox 358 4159 1441 4228; baseline 0.008 -17"><span class='ocrx_word' id='word_1_358' title='bbox 358 4159 438 4228; x_wconf 85' lang='lat' dir='ltr'>(Pbrl.</span> <span class='ocrx_word' id='word_1_359' title='bbox 457 4164 482 4224; x_wconf 81' lang='lat'>5,</span> <span class='ocrx_word' id='word_1_360' title='bbox 500 4160 539 4228; x_wconf 78' lang='grc' dir='ltr'>ἵ.)</span> <span class='ocrx_word' id='word_1_361' title='bbox 568 4173 593 4215; x_wconf 90' lang='lat' dir='ltr'>et</span> <span class='ocrx_word' id='word_1_362' title='bbox 612 4165 719 4217; x_wconf 89' lang='lat' dir='ltr'>tandem</span> <span class='ocrx_word' id='word_1_363' title='bbox 740 4168 817 4218; x_wconf 89' lang='lat' dir='ltr'>etiam</span> <span class='ocrx_word' id='word_1_364' title='bbox 843 4168 1008 4220; x_wconf 88' lang='lat' dir='ltr'>occasionem</span> <span class='ocrx_word' id='word_1_365' title='bbox 1030 4177 1122 4218; x_wconf 88' lang='lat' dir='ltr'>nactus</span> <span class='ocrx_word' id='word_1_366' title='bbox 1139 4165 1255 4218; x_wconf 85' lang='lat' dir='ltr'>intulit.“</span> <span class='ocrx_word' id='word_1_367' title='bbox 1302 4162 1441 4219; x_wconf 71' lang='lat' dir='ltr'>Caut¹¹¹⁵</span> 
     </span>
     <span class='ocr_line' id='line_1_40' title="bbox 359 4226 1441 4309; baseline 0.009 -27"><span class='ocrx_word' id='word_1_368' title='bbox 359 4231 475 4301; x_wconf 82' lang='lat' dir='ltr'>Franc.</span> <span class='ocrx_word' id='word_1_369' title='bbox 503 4231 655 4304; x_wconf 85' lang='lat' dir='ltr'>Sylvius:</span> <span class='ocrx_word' id='word_1_370' title='bbox 690 4236 780 4302; x_wconf 85' lang='lat' dir='ltr'>„llac,</span> <span class='ocrx_word' id='word_1_371' title='bbox 809 4239 910 4309; x_wconf 89' lang='lat' dir='ltr'>inquit,</span> <span class='ocrx_word' id='word_1_372' title='bbox 937 4240 969 4291; x_wconf 92' lang='lat' dir='ltr'>ad</span> <span class='ocrx_word' id='word_1_373' title='bbox 992 4239 1031 4291; x_wconf 85' lang='lat' dir='ltr'>M.</span> <span class='ocrx_word' id='word_1_374' title='bbox 1052 4239 1203 4289; x_wconf 83' lang='lat' dir='ltr'>Antoniam</span> <span class='ocrx_word' id='word_1_375' title='bbox 1229 4238 1324 4291; x_wconf 78' lang='lat' dir='ltr'>referri</span> <span class='ocrx_word' id='word_1_376' title='bbox 1352 4226 1441 4307; x_wconf 56' lang='lat' dir='ltr'>pol</span> 
     </span>
     <span class='ocr_line' id='line_1_41' title="bbox 359 4303 1441 4379; baseline 0.007 -25"><span class='ocrx_word' id='word_1_377' title='bbox 359 4314 409 4367; x_wconf 87' lang='lat' dir='ltr'>est,</span> <span class='ocrx_word' id='word_1_378' title='bbox 428 4314 457 4355; x_wconf 94' lang='lat' dir='ltr'>ut</span> <span class='ocrx_word' id='word_1_379' title='bbox 476 4303 598 4357; x_wconf 89' lang='lat' dir='ltr'>nonnulli</span> <span class='ocrx_word' id='word_1_380' title='bbox 617 4318 717 4375; x_wconf 92' lang='lat' dir='ltr'>putant.</span> <span class='ocrx_word' id='word_1_381' title='bbox 755 4307 807 4360; x_wconf 89' lang='lat' dir='ltr'>Sed</span> <span class='ocrx_word' id='word_1_382' title='bbox 828 4329 911 4379; x_wconf 92' lang='lat' dir='ltr'>quum</span> <span class='ocrx_word' id='word_1_383' title='bbox 932 4312 957 4362; x_wconf 94' lang='lat' dir='ltr'>in</span> <span class='ocrx_word' id='word_1_384' title='bbox 978 4328 1134 4363; x_wconf 90' lang='lat' dir='ltr'>communes</span> <span class='ocrx_word' id='word_1_385' title='bbox 1153 4308 1226 4361; x_wconf 90' lang='lat' dir='ltr'>locos</span> <span class='ocrx_word' id='word_1_386' title='bbox 1244 4307 1309 4361; x_wconf 88' lang='lat' dir='ltr'>baec</span> <span class='ocrx_word' id='word_1_387' title='bbox 1329 4305 1441 4362; x_wconf 45' lang='lat' dir='ltr'>Par?</span> 
     </span>
     <span class='ocr_line' id='line_1_42' title="bbox 361 4374 1441 4444; baseline 0.008 -20"><span class='ocrx_word' id='word_1_388' title='bbox 361 4374 425 4425; x_wconf 79' lang='lat' dir='ltr'>doxa</span> <span class='ocrx_word' id='word_1_389' title='bbox 445 4376 540 4428; x_wconf 88' lang='lat' dir='ltr'>Cicero</span> <span class='ocrx_word' id='word_1_390' title='bbox 564 4377 723 4444; x_wconf 88' lang='lat' dir='ltr'>coniecerit,</span> <span class='ocrx_word' id='word_1_391' title='bbox 750 4381 802 4431; x_wconf 86' lang='lat' dir='ltr'>reri</span> <span class='ocrx_word' id='word_1_392' title='bbox 828 4380 938 4433; x_wconf 86' lang='lat' dir='ltr'>similius</span> <span class='ocrx_word' id='word_1_393' title='bbox 963 4393 1000 4433; x_wconf 89' lang='lat' dir='ltr'>est</span> <span class='ocrx_word' id='word_1_394' title='bbox 1027 4398 1175 4433; x_wconf 87' lang='lat' dir='ltr'>sermonem</span> <span class='ocrx_word' id='word_1_395' title='bbox 1195 4380 1331 4433; x_wconf 81' lang='lat' dir='ltr'>infinitum</span> <span class='ocrx_word' id='word_1_396' title='bbox 1351 4376 1441 4435; x_wconf 58' lang='lat'>5⁵⁰¹</span> 
     </span>
    </p>
   </div>
   <div class='ocr_carea' id='block_1_5' title="bbox 361 4424 1441 4586">
    <p class='ocr_par' dir='ltr' id='par_1_6' title="bbox 361 4424 1441 4586">
     <span class='ocr_line' id='line_1_43' title="bbox 361 4424 1441 4570; baseline 0.011 -76"><span class='ocrx_word' id='word_1_397' title='bbox 361 4444 386 4495; x_wconf 92' lang='lat' dir='ltr'>id</span> <span class='ocrx_word' id='word_1_398' title='bbox 406 4447 636 4570; x_wconf 60' lang='lat' dir='ltr'>est,bapi“nullam</span> <span class='ocrx_word' id='word_1_399' title='bbox 658 4461 756 4504; x_wconf 90' lang='lat' dir='ltr'>certam</span> <span class='ocrx_word' id='word_1_400' title='bbox 778 4470 916 4521; x_wconf 86' lang='lat' dir='ltr'>personam</span> <span class='ocrx_word' id='word_1_401' title='bbox 943 4464 968 4505; x_wconf 91' lang='lat' dir='ltr'>et</span> <span class='ocrx_word' id='word_1_402' title='bbox 988 4452 1121 4505; x_wconf 74' lang='lat' dir='ltr'>‹lebnitam</span> <span class='ocrx_word' id='word_1_403' title='bbox 1142 4451 1290 4519; x_wconf 86' lang='lat' dir='ltr'>directum,</span> <span class='ocrx_word' id='word_1_404' title='bbox 1315 4454 1360 4507; x_wconf 84' lang='lat' dir='ltr'>sed</span> <span class='ocrx_word' id='word_1_405' title='bbox 1390 4424 1441 4494; x_wconf 51' lang='lat' dir='ltr'>fid</span> 
     </span>
     <span class='ocr_line' id='line_1_44' title="bbox 363 4535 515 4586; baseline 0.007 -18"><span class='ocrx_word' id='word_1_406' title='bbox 363 4535 461 4586; x_wconf 81' lang='lat' dir='ltr'>quemi</span> <span class='ocrx_word' id='word_1_407' title='bbox 483 4538 515 4569; x_wconf 85' lang='lat' dir='ltr'>e.</span> 
     </span>
    </p>
   </div>
   <div class='ocr_carea' id='block_1_6' title="bbox 0 0 1768 5450">
    <p class='ocr_par' dir='ltr' id='par_1_7' title="bbox 0 0 1768 5450">
     <span class='ocr_line' id='line_1_45' title="bbox 0 0 1768 5450; baseline 0 0"><span class='ocrx_word' id='word_1_408' title='bbox 0 0 1768 5450; x_wconf 95' lang='lat' dir='ltr'> </span> 
     </span>
    </p>
   </div>
  </div>
 </body>
</html>
