3517 5450
455 698 530 774 326
876 721 1039 770 excursus
1066 723 1087 768 1.

525 883 547 938 Ι.
564 875 807 948 Faceiolatus,
832 892 861 933 ut
886 879 959 933 Ald.
977 878 1174 944 Manutius,
1197 879 1265 934 nihil
1295 880 1435 949 atterunt,
1462 882 1502 935 nisi

456 973 529 1026 locos
546 971 598 1024 iam
617 970 651 1022 ab
670 969 726 1021 aliis
744 968 877 1023 laudatos:
899 978 1086 1039 praeterquam
1106 966 1177 1038 quod
1197 966 1242 1020 ille
1260 972 1348 1026 θέσεις
1361 968 1454 1041 lingua
1465 987 1502 1022 sua

456 1059 541 1130 patria
560 1058 685 1112 reddidit:
716 1058 788 1109 Tomi
805 1057 841 1106 do
859 1056 967 1122 seuolo,
985 1066 1011 1107 et
1029 1055 1056 1107 in
1077 1065 1190 1127 utraque
1208 1075 1257 1108 sua
1277 1055 1417 1123 editione,
1435 1057 1503 1109 Pata-

456 1148 514 1200 vina
533 1166 557 1201 a.
577 1149 663 1213 172⁰,
682 1155 709 1198 et
726 1145 844 1209 Veneta,
864 1146 944 1197 titt.
963 1142 1043 1195 edidit
1063 1139 1196 1212 θιτηκά
1216 1143 1310 1211 (etiam
1339 1144 1367 1197 in
1389 1144 1503 1198 lemmate

457 1233 665 1302 annotationis):
683 1232 756 1304 quod
776 1232 872 1285 merito
892 1231 1002 1284 miratus
1019 1241 1059 1284 est
1077 1229 1261 1285 Gernhardus.

525 1321 561 1377 D.
581 1319 839 1392 Wyttenhach.:
860 1313 986 1388 „desinis
1004 1319 1113 1391 proprie
1131 1318 1168 1384 id,
1186 1319 1259 1390 quod
1280 1318 1348 1390 poni
1367 1331 1453 1390 potest
1471 1321 1504 1374 vel

455 1410 577 1481 ponitur:
594 1409 666 1463 unde
685 1413 771 1475 θέσις,
791 1427 859 1479 quae
878 1408 1011 1460 universas
1030 1416 1056 1460 et
1073 1405 1190 1460 infinitas
1206 1407 1381 1478 quaestiones
1395 1408 1504 1480 comple·

455 1499 542 1569 ctitur.
591 1495 719 1550 Rhetores
737 1496 764 1548 in
783 1495 878 1548 scholis
894 1501 968 1548 θέσιν
986 1505 1013 1548 et
1033 1489 1160 1547 ὑπόθεσιν
1181 1494 1362 1565 distinguunt.
1414 1495 1503 1558 Thesis,

455 1584 592 1655 quaestio,
612 1584 733 1636 universe
750 1594 777 1637 et
794 1585 934 1649 abstracte,
954 1593 982 1636 ut
1001 1582 1082 1654 vulgo
1099 1582 1206 1650 dicitur,
1226 1602 1283 1636 rem
1303 1593 1423 1655 spectat,
1437 1582 1501 1636 nulla

455 1672 557 1725 ratione
576 1670 663 1724 habita
686 1691 877 1742 personarum,
897 1670 965 1737 loci,
985 1670 1128 1743 temporis,
1152 1690 1175 1724 v.
1197 1690 1220 1725 c.
1245 1689 1305 1740 pax
1323 1671 1501 1740 anteponendo

453 1769 494 1811 est
515 1759 596 1811 bello:
614 1769 641 1812 at
658 1760 821 1829 hypothesis,
840 1778 1007 1827 cauam-rem
1025 1770 1127 1831 spectat
1144 1760 1172 1813 in
1191 1758 1315 1830 personia
1335 1759 1424 1824 certis,
1442 1768 1503 1812 tem-

456 1846 566 1916 poribus
582 1857 608 1900 et
625 1846 703 1904 locis,
722 1847 739 1900 i.
758 1867 782 1900 e.
802 1858 830 1900 ut
850 1847 930 1919 vulgo
949 1847 1040 1915 aiunt,
1059 1848 1087 1901 ἰιι
1107 1857 1248 1902 concreto:
1268 1866 1292 1898 r.
1305 1866 1328 1900 c.
1349 1857 1440 1900 utrum
1453 1845 1503 1897 Ro-

455 1933 542 1999 mani,
561 1953 647 2004 quum
665 1933 797 1987 Hannibal
816 1934 976 2006 Saguntum,
996 1935 1095 1989 sociam
1116 1936 1220 2002 urbem,
1240 1935 1443 2006 expugnaverit,
1459 1953 1502 2004 pa·

454 2020 600 2074 cembello
618 2033 781 2093 anteponere
807 2022 941 2077 debeant?
977 2024 1039 2078 Vid.
1066 2022 1123 2077 Cic.
1153 2024 1187 2076 de
1205 2021 1366 2076 inventione
1385 2023 1405 2089 l,
1425 2026 1449 2077 t.
1474 2022 1502 2074 de

454 2109 634 2180 Hermagorae
654 2110 791 2182 disciplina
811 2111 875 2164 haec
893 2110 1042 2182 explicans;
1067 2112 1100 2165 de
1118 2111 1196 2165 Orat.
1214 2111 1239 2176 l,
1254 2114 1306 2174 at;
1326 2110 1360 2175 ΙΙ,
1382 2113 1425 2164 19.
1465 2109 1502 2161 De

454 2198 611 2266 hypothesi,
631 2198 663 2251 de
682 2217 725 2262 re,
743 2199 876 2253 docebant
895 2199 1014 2252 rhetores
1029 2199 1064 2252 de
1076 2199 1147 2250 thesi
1161 2196 1322 2270 philosophi.
1362 2196 1416 2251 Sed
1431 2196 1501 2249 etiam

453 2285 572 2340 rhetores
589 2287 709 2340 solebant
728 2287 811 2353 thesin
831 2286 969 2358 attingere.
1010 2287 1080 2340 Hinc
1098 2285 1290 2357 intelligendus
1307 2295 1349 2337 est
1367 2283 1445 2338 locus
1463 2282 1503 2336 Ci-

454 2373 559 2427 ceronis
578 2373 611 2426 ad
630 2374 763 2441 Quintum
781 2375 891 2428 fratrem
910 2375 953 2442 ΙΙΙ,
973 2379 1004 2430 2:
1035 2376 1123 2427 Cicero
1150 2385 1216 2426 tuus
1241 2382 1388 2444 nosterque
1408 2390 1502 2424 summo

452 2462 544 2519 studio
562 2471 604 2513 est
621 2463 796 2514 Paeonii'sui
813 2463 944 2518 rhetoris,
971 2463 1098 2527 hominis,
1124 2463 1230 2534 opinor,
1259 2461 1342 2513 valde
1366 2460 1502 2514 exercitati

452 2560 480 2601 et
498 2549 565 2602 honi.
618 2549 672 2600 Sed
686 2559 808 2602 nostrum
834 2550 995 2603 instituendi
1023 2569 1109 2622 genus
1137 2568 1194 2604 esse
1210 2549 1307 2618 paullo
1326 2548 1463 2600 eruditius
1477 2555 1501 2600 st

453 2635 688 2706 θετικώτερον
705 2657 757 2689 non
775 2638 893 2710 ignoras.
939 2637 1036 2692 Cicero
1060 2649 1149 2691 autem
1168 2637 1194 2690 h.
1212 2637 1228 2689 Ι.
1248 2636 1429 2706 θετικότιρσν
1446 2635 1502 2687 dicit

452 2724 533 2793 illud,
553 2724 626 2797 quod
645 2724 816 2779 universalius
834 2739 860 2780 et
878 2728 963 2799 magis
981 2747 1043 2781 cum
1070 2726 1236 2799 philosophia
1264 2724 1444 2779 coniunctum
1461 2733 1501 2775 est.

452 2812 525 2885 Ergo
543 2810 637 2867 θετικᾱ
654 2814 786 2885 significat
803 2815 906 2869 scholas
930 2815 1151 2888 philosophorum
1177 2813 1287 2885 proprie
1307 2813 1438 2885 quidem,
1463 2812 1500 2865 sed

452 2902 476 2953 h.
496 2900 512 2953 Ι.
532 2900 668 2955 rhetorum
685 2903 788 2957 scholas
804 2903 876 2969 illas,
902 2923 970 2976 quae
989 2921 1045 2958 non
1064 2902 1238 2975 hypotheses,
1267 2900 1314 2969 sed
1335 2900 1500 2973 philosopho·

452 3009 512 3042 rum
532 2990 616 3045 theses
638 2992 794 3045 tractabant.
838 2992 880 3045 De
899 2991 938 3045 his
965 2991 1118 3045 luculentus
1140 3001 1180 3044 est
1203 2988 1280 3042 locus
1307 2988 1432 3042 Theonis
1455 2986 1500 3041 So-

452 3077 568 3148 phistae,
588 3079 773 3149 elegantissimi
792 3080 962 3151 eloquentiae
980 3079 1113 3151 magistri,
1132 3078 1344 3149 Progymnasm.
1363 3074 1499 3147 c.a,§.2t.

454 3164 489 3237 [5.
503 3169 546 3220 14.
565 3165 607 3219 ed.
626 3164 736 3220 Fincth.
755 3187 782 3238 p.
793 3170 827 3222 23
842 3170 910 3239 sq.]:
929 3170 1131 3239 παραδείγματα
1150 3169 1199 3235 τῆς
1218 3170 1272 3217 τῶν
1289 3169 1395 3217 θέσεων
1410 3183 1499 3232 γυμνα-

452 3261 511 3312 σίας
528 3256 618 3319 λαβεῖν
635 3255 690 3307 tou
709 3255 781 3325 παρά
799 3276 827 3307 τε
846 3253 1057 3326 Ἀριστοτέλους,
1076 3260 1120 3307 καὶ
1138 3250 1326 3323 Θεοφράστου·
1354 3248 1441 3305 πολλοὶ
1457 3252 1499 3318 riq

451 3344 519 3393 ioris
538 3338 625 3393 oticsis
641 3344 733 3407 βιβλία
751 3347 847 3396 θέσεων
866 3344 1070 3415 έπιγρσφῦμινα·
1098 3341 1151 3413 ἤδη
1173 3345 1204 3395 δέ
1225 3362 1286 3394 τινα
1306 3347 1353 3394 stol
1371 3338 1499 3413 ungrihti·

450 3448 539 3500 τσρσιν
556 3434 657 3500 εἴρηται
672 3425 766 3484 deventi
784 3430 926 3499 erodiona,
951 3438 995 3485 nol
1018 3430 1054 3502 dq'
1082 3438 1125 3484 καὶ
1144 3426 1200 3482 ‘lto
1223 3427 1297 3495 λόγοι
1321 3428 1461 3493 νομίζοιντ’
1472 3427 1499 3480 dr

450 3515 542 3583 σχιδδν
565 3512 630 3570 εἶναι
653 3523 809 3579 θέσεως
833 3522 876 3587 [ad
902 3521 926 3574 h.
945 3521 963 3575 l.
991 3521 1042 3575 vid.
1061 3531 1152 3574 annot.
1169 3516 1317 3587 Finethii]
1346 3517 1429 3571 Conl.
1444 3515 1498 3569 Phi·

450 3605 572 3661 lostratus
604 3607 637 3660 de
668 3608 735 3661 Vitis
766 3607 952 3680 sophistarum
983 3610 1012 3662 L.
1030 3610 1063 3663 ΙΙ.
1091 3628 1112 3662 c.
1129 3612 1156 3661 ’έ.
1182 3619 1208 3662 et
1241 3626 1302 3678 cap.
1324 3611 1369 3662 2⁹.
1426 3606 1497 3677 igitur

451 3692 649 3762 Quinctilianus
667 3694 729 3750 lnst.
748 3695 835 3750 Oratt.
856 3697 888 3764 ΙΙ,
908 3700 932 3764 1,
949 3698 981 3751 ll:
999 3698 1088 3750 theses
1106 3706 1181 3750 vocat
1197 3695 1270 3747 locos
1289 3695 1470 3748 communes.“

520 3780 591 3844 Iam,
610 3788 640 3837 ut
658 3783 691 3836 ad
710 3796 832 3837 nostrum
852 3783 885 3837 de
904 3783 943 3837 his
961 3784 1098 3839 sententiis
1116 3782 1245 3837 iudicium
1264 3783 1415 3851 accedam,
1440 3800 1496 3854 pau·

451 3868 488 3921 cis
507 3867 617 3940 defungi
635 3869 704 3925 lieet.
740 3871 864 3926 Aemili
884 3872 993 3943 quidem
1012 3871 1216 3945 Wyttenbachii
1242 3870 1388 3941 explicatio
1407 3868 1496 3925 satisfa-

450 3974 511 4010 cere
530 3954 632 4009 videtur
650 3956 700 4026 ita,
721 3970 751 4012 ut
768 3959 800 4011 ad
819 3962 963 4014 verborum
980 3963 1229 4031 sententiarumque
1250 3959 1423 4015 intellectum
1442 3955 1495 4013 nibil

449 4062 614 4116 magnopere
633 4045 782 4100 desiderare
801 4050 898 4120 possis:
926 4069 1089 4121 quamquam
1109 4050 1144 4120 ob
1163 4068 1223 4101 eam
1242 4066 1303 4100 rem
1324 4048 1438 4101 minime
1460 4065 1495 4099 su·

449 4145 640 4203 pervacaneam
660 4134 719 4187 duxi
740 4156 850 4207 operam
869 4138 897 4189 in
916 4138 1031 4194 aliorum
1050 4138 1191 4193 conatibus
1209 4136 1363 4190 referendis
1384 4138 1494 4207 positam,

450 4241 566 4293 quorum
585 4222 698 4293 quisque
718 4223 826 4295 aliquid,
846 4226 919 4296 quod
938 4227 971 4280 ad
990 4246 1048 4280 rem
1066 4222 1160 4294 faciat,
1177 4225 1274 4281 attulit.
1315 4225 1415 4295 Quid?
1433 4221 1493 4300 quod

448 4330 499 4364 nec
517 4310 587 4363 mihi
598 4312 634 4364 ita
652 4312 680 4365 in
698 4313 899 4384 Wyttenbachii
920 4316 1082 4387 expositione
1098 4315 1330 4388 acquiescendum
1356 4316 1441 4370 visum
1458 4322 1493 4373 est,

449 4407 479 4449 ut
495 4398 559 4451 nihil
578 4399 729 4453 addendum
749 4401 937 4471 existimarem,
967 4405 1039 4477 quod
1059 4404 1091 4458 ad
1113 4424 1170 4458 rem
1189 4405 1281 4459 facere
1309 4424 1388 4477 posse
1408 4403 1493 4457 videre·

449 4494 498 4535 tur.
535 4486 568 4541 Et
594 4488 710 4557 primum
731 4489 838 4561 quidem
857 4490 926 4543 addo
944 4492 1033 4545 lorum
1053 4491 1193 4547 Ciceronis
1215 4493 1244 4547 in
1264 4492 1387 4559 Oratore
1413 4514 1435 4547 c
1453 4494 1492 4546 lh,
