<?xml version="1.0" encoding="UTF-8"?>
<!DOCTYPE html PUBLIC "-//W3C//DTD XHTML 1.0 Transitional//EN"
    "http://www.w3.org/TR/xhtml1/DTD/xhtml1-transitional.dtd">
<html xmlns="http://www.w3.org/1999/xhtml" xml:lang="en" lang="en">
 <head>
  <title>
</title>
<meta http-equiv="Content-Type" content="text/html;charset=utf-8" />
  <meta name='ocr-system' content='tesseract 3.04.00' />
  <meta name='ocr-capabilities' content='ocr_page ocr_carea ocr_par ocr_line ocrx_word'/>
</head>
<body>
  <div class='ocr_page' id='page_1' title='image "./mtulliiciceroni15cicegoog_0052.png"; bbox 0 0 3517 5450; ppageno 0'>
   <div class='ocr_carea' id='block_1_1' title="bbox 354 715 1086 786">
    <p class='ocr_par' dir='ltr' id='par_1_1' title="bbox 354 715 1086 786">
     <span class='ocr_line' id='line_1_1' title="bbox 354 715 1086 786; baseline -0.012 0"><span class='ocrx_word' id='word_1_1' title='bbox 354 715 378 786; x_wconf 89' lang='grc'><strong>6</strong></span> <span class='ocrx_word' id='word_1_2' title='bbox 690 733 862 782; x_wconf 68' lang='lat' dir='ltr'><strong>peninum</strong></span> <span class='ocrx_word' id='word_1_3' title='bbox 891 732 1086 779; x_wconf 80' lang='lat' dir='ltr'><strong>srorcoenu.</strong></span> 
     </span>
    </p>
   </div>
   <div class='ocr_carea' id='block_1_2' title="bbox 354 883 1388 4379">
    <p class='ocr_par' dir='ltr' id='par_1_2' title="bbox 354 883 1388 1929">
     <span class='ocr_line' id='line_1_2' title="bbox 355 883 1387 966; baseline -0.009 -19"><span class='ocrx_word' id='word_1_4' title='bbox 355 894 490 966; x_wconf 83' lang='lat' dir='ltr'><strong>pellabant</strong></span> <span class='ocrx_word' id='word_1_5' title='bbox 511 905 597 966; x_wconf 86' lang='lat' dir='ltr'><strong>portes</strong></span> <span class='ocrx_word' id='word_1_6' title='bbox 615 894 727 957; x_wconf 86' lang='lat' dir='ltr'><strong>alicuius</strong></span> <span class='ocrx_word' id='word_1_7' title='bbox 741 892 906 964; x_wconf 77' lang='lat' dir='ltr'><strong>disciplinae,</strong></span> <span class='ocrx_word' id='word_1_8' title='bbox 926 910 994 962; x_wconf 88' lang='lat' dir='ltr'><strong>qnos</strong></span> <span class='ocrx_word' id='word_1_9' title='bbox 1008 889 1105 944; x_wconf 88' lang='lat' dir='ltr'><strong>Graeci</strong></span> <span class='ocrx_word' id='word_1_10' title='bbox 1119 886 1291 961; x_wconf 81' lang='lat' dir='ltr'><strong>appellabant</strong></span> <span class='ocrx_word' id='word_1_11' title='bbox 1305 883 1387 939; x_wconf 74' lang='lat' dir='ltr'><strong>rinae</strong></span> 
     </span>
     <span class='ocr_line' id='line_1_3' title="bbox 356 975 1384 1052; baseline -0.006 -18"><span class='ocrx_word' id='word_1_12' title='bbox 356 984 483 1034; x_wconf 80' lang='lat' dir='ltr'><strong>Poterant</strong></span> <span class='ocrx_word' id='word_1_13' title='bbox 503 981 581 1034; x_wconf 83' lang='lat' dir='ltr'><strong>etiam</strong></span> <span class='ocrx_word' id='word_1_14' title='bbox 599 983 651 1035; x_wconf 91' lang='lat' dir='ltr'><strong>dici</strong></span> <span class='ocrx_word' id='word_1_15' title='bbox 671 981 772 1052; x_wconf 85' lang='lat' dir='ltr'><strong>capita,</strong></span> <span class='ocrx_word' id='word_1_16' title='bbox 801 980 923 1046; x_wconf 83' lang='lat' dir='ltr'><strong>decreta,</strong></span> <span class='ocrx_word' id='word_1_17' title='bbox 947 978 1058 1050; x_wconf 86' lang='lat' dir='ltr'><strong>placita,</strong></span> <span class='ocrx_word' id='word_1_18' title='bbox 1081 977 1279 1050; x_wconf 84' lang='lat' dir='ltr'><strong>quaestiones.“</strong></span> <span class='ocrx_word' id='word_1_19' title='bbox 1302 975 1384 1046; x_wconf 81' lang='lat' dir='ltr'><strong>wyt</strong></span> 
     </span>
     <span class='ocr_line' id='line_1_4' title="bbox 356 1061 1388 1140; baseline -0.008 -18"><span class='ocrx_word' id='word_1_20' title='bbox 356 1069 518 1122; x_wconf 78' lang='lat' dir='ltr'><strong>Addendum</strong></span> <span class='ocrx_word' id='word_1_21' title='bbox 537 1068 584 1136; x_wconf 82' lang='lat' dir='ltr'><strong>his,</strong></span> <span class='ocrx_word' id='word_1_22' title='bbox 604 1071 681 1134; x_wconf 87' lang='lat' dir='ltr'><strong>locos,</strong></span> <span class='ocrx_word' id='word_1_23' title='bbox 708 1067 754 1140; x_wconf 89' lang='lat' dir='ltr'><strong>qui</strong></span> <span class='ocrx_word' id='word_1_24' title='bbox 773 1066 817 1121; x_wconf 93' lang='lat' dir='ltr'><strong>hic</strong></span> <span class='ocrx_word' id='word_1_25' title='bbox 834 1066 1029 1137; x_wconf 81' lang='lat' dir='ltr'><strong>intelliguntur,</strong></span> <span class='ocrx_word' id='word_1_26' title='bbox 1052 1085 1107 1119; x_wconf 85' lang='lat' dir='ltr'><strong>esse</strong></span> <span class='ocrx_word' id='word_1_27' title='bbox 1125 1083 1179 1129; x_wconf 84' lang='lat' dir='ltr'><strong>eos,</strong></span> <span class='ocrx_word' id='word_1_28' title='bbox 1198 1082 1269 1136; x_wconf 90' lang='lat' dir='ltr'><strong>quos</strong></span> <span class='ocrx_word' id='word_1_29' title='bbox 1285 1061 1388 1116; x_wconf 84' lang='lat' dir='ltr'><strong>dicebar</strong></span> 
     </span>
     <span class='ocr_line' id='line_1_5' title="bbox 356 1151 1386 1227; baseline -0.004 -21"><span class='ocrx_word' id='word_1_30' title='bbox 356 1176 511 1220; x_wconf 79' lang='lat' dir='ltr'><strong>communes,</strong></span> <span class='ocrx_word' id='word_1_31' title='bbox 529 1155 707 1227; x_wconf 84' lang='lat' dir='ltr'><strong>distinguendi</strong></span> <span class='ocrx_word' id='word_1_32' title='bbox 726 1155 820 1208; x_wconf 82' lang='lat' dir='ltr'><strong>eloris</strong></span> <span class='ocrx_word' id='word_1_33' title='bbox 834 1163 1052 1226; x_wconf 80' lang='lat' dir='ltr'><strong>argumentorum</strong></span> <span class='ocrx_word' id='word_1_34' title='bbox 1067 1153 1138 1225; x_wconf 87' lang='lat' dir='ltr'><strong>apud</strong></span> <span class='ocrx_word' id='word_1_35' title='bbox 1153 1152 1282 1219; x_wconf 84' lang='lat' dir='ltr'><strong>rhetores,</strong></span> <span class='ocrx_word' id='word_1_36' title='bbox 1302 1151 1336 1204; x_wconf 87' lang='lat' dir='ltr'><strong>de</strong></span> <span class='ocrx_word' id='word_1_37' title='bbox 1351 1170 1386 1223; x_wconf 89' lang='lat' dir='ltr'><strong>qn</strong></span> 
     </span>
     <span class='ocr_line' id='line_1_6' title="bbox 357 1238 1388 1316; baseline -0.005 -20"><span class='ocrx_word' id='word_1_38' title='bbox 357 1245 406 1296; x_wconf 86' lang='lat' dir='ltr'><strong>bus</strong></span> <span class='ocrx_word' id='word_1_39' title='bbox 428 1245 532 1316; x_wconf 87' lang='lat' dir='ltr'><strong>scripsit</strong></span> <span class='ocrx_word' id='word_1_40' title='bbox 557 1244 652 1298; x_wconf 87' lang='lat' dir='ltr'><strong>Cicero</strong></span> <span class='ocrx_word' id='word_1_41' title='bbox 679 1244 794 1310; x_wconf 84' lang='lat' dir='ltr'><strong>librum,</strong></span> <span class='ocrx_word' id='word_1_42' title='bbox 823 1243 901 1297; x_wconf 91' lang='lat' dir='ltr'><strong>cuius</strong></span> <span class='ocrx_word' id='word_1_43' title='bbox 924 1240 1062 1313; x_wconf 79' lang='lat' dir='ltr'><strong>inscriptio</strong></span> <span class='ocrx_word' id='word_1_44' title='bbox 1086 1252 1125 1294; x_wconf 87' lang='lat' dir='ltr'><strong>est</strong></span> <span class='ocrx_word' id='word_1_45' title='bbox 1152 1240 1259 1310; x_wconf 79' lang='lat' dir='ltr'><strong><em>Topica.</em></strong></span> <span class='ocrx_word' id='word_1_46' title='bbox 1303 1238 1388 1293; x_wconf 80' lang='lat' dir='ltr'><strong>Sede</strong></span> 
     </span>
     <span class='ocr_line' id='line_1_7' title="bbox 358 1324 1388 1404; baseline -0.003 -21"><span class='ocrx_word' id='word_1_47' title='bbox 358 1331 476 1403; x_wconf 85' lang='lat' dir='ltr'><strong>utrisque</strong></span> <span class='ocrx_word' id='word_1_48' title='bbox 500 1333 642 1386; x_wconf 89' lang='lat' dir='ltr'><strong>commode</strong></span> <span class='ocrx_word' id='word_1_49' title='bbox 668 1333 721 1404; x_wconf 79' lang='lat' dir='ltr'><strong>egit</strong></span> <span class='ocrx_word' id='word_1_50' title='bbox 746 1331 766 1385; x_wconf 92' lang='grc' dir='ltr'><strong>Ι.</strong></span> <span class='ocrx_word' id='word_1_51' title='bbox 791 1330 822 1385; x_wconf 89' lang='lat' dir='ltr'><strong>C.</strong></span> <span class='ocrx_word' id='word_1_52' title='bbox 839 1329 891 1383; x_wconf 80' lang='lat' dir='ltr'><strong>Th.</strong></span> <span class='ocrx_word' id='word_1_53' title='bbox 908 1328 1013 1383; x_wconf 85' lang='lat' dir='ltr'><strong>Ernesti</strong></span> <span class='ocrx_word' id='word_1_54' title='bbox 1037 1329 1066 1381; x_wconf 91' lang='lat' dir='ltr'><strong>in</strong></span> <span class='ocrx_word' id='word_1_55' title='bbox 1091 1327 1187 1380; x_wconf 84' lang='lat' dir='ltr'><strong>Lexico</strong></span> <span class='ocrx_word' id='word_1_56' title='bbox 1209 1324 1388 1399; x_wconf 72' lang='lat' dir='ltr'><strong>Technologie</strong></span> 
     </span>
     <span class='ocr_line' id='line_1_8' title="bbox 357 1413 1387 1491; baseline -0.006 -19"><span class='ocrx_word' id='word_1_57' title='bbox 357 1419 513 1473; x_wconf 87' lang='lat' dir='ltr'><strong>Latinorum</strong></span> <span class='ocrx_word' id='word_1_58' title='bbox 534 1421 691 1474; x_wconf 68' lang='lat' dir='ltr'>Rhetoricae</span> <span class='ocrx_word' id='word_1_59' title='bbox 710 1440 737 1491; x_wconf 88' lang='lat' dir='ltr'><strong>p.</strong></span> <span class='ocrx_word' id='word_1_60' title='bbox 752 1422 904 1474; x_wconf 70' lang='lat'>247-249.</span> <span class='ocrx_word' id='word_1_61' title='bbox 931 1418 1004 1472; x_wconf 81' lang='lat' dir='ltr'><strong>conf.</strong></span> <span class='ocrx_word' id='word_1_62' title='bbox 1028 1419 1061 1470; x_wconf 87' lang='lat' dir='ltr'><strong>ei.</strong></span> <span class='ocrx_word' id='word_1_63' title='bbox 1086 1416 1146 1470; x_wconf 64' lang='lat' dir='ltr'><strong>Lex¹</strong></span> <span class='ocrx_word' id='word_1_64' title='bbox 1163 1413 1294 1468; x_wconf 87' lang='lat' dir='ltr'><strong>Teehnol.</strong></span> <span class='ocrx_word' id='word_1_65' title='bbox 1314 1413 1387 1467; x_wconf 84' lang='lat' dir='ltr'><strong>Grae</strong></span> 
     </span>
     <span class='ocr_line' id='line_1_9' title="bbox 357 1503 1388 1579; baseline -0.005 -20"><span class='ocrx_word' id='word_1_66' title='bbox 357 1506 433 1563; x_wconf 84' lang='lat' dir='ltr'><strong>Rhet.</strong></span> <span class='ocrx_word' id='word_1_67' title='bbox 454 1526 478 1579; x_wconf 87' lang='lat' dir='ltr'><strong>p.</strong></span> <span class='ocrx_word' id='word_1_68' title='bbox 493 1512 554 1562; x_wconf 77' lang='lat'>35⁰.</span> <span class='ocrx_word' id='word_1_69' title='bbox 573 1519 600 1561; x_wconf 92' lang='lat' dir='ltr'><strong>et</strong></span> <span class='ocrx_word' id='word_1_70' title='bbox 617 1509 650 1562; x_wconf 91' lang='lat' dir='ltr'><strong>de</strong></span> <span class='ocrx_word' id='word_1_71' title='bbox 669 1508 733 1562; x_wconf 88' lang='lat' dir='ltr'><strong>locis</strong></span> <span class='ocrx_word' id='word_1_72' title='bbox 752 1507 943 1562; x_wconf 83' lang='lat' dir='ltr'><strong>communibus</strong></span> <span class='ocrx_word' id='word_1_73' title='bbox 960 1525 985 1577; x_wconf 90' lang='lat' dir='ltr'><strong>p.</strong></span> <span class='ocrx_word' id='word_1_74' title='bbox 998 1509 1059 1558; x_wconf 77' lang='lat'><strong>184,</strong></span> <span class='ocrx_word' id='word_1_75' title='bbox 1077 1504 1113 1557; x_wconf 91' lang='lat' dir='ltr'><strong>ib.</strong></span> <span class='ocrx_word' id='word_1_76' title='bbox 1131 1532 1166 1543; x_wconf 91' lang='lat'><em>-</em></span> <span class='ocrx_word' id='word_1_77' title='bbox 1191 1503 1296 1554; x_wconf 80' lang='lat' dir='ltr'>Vocem</span> <span class='ocrx_word' id='word_1_78' title='bbox 1313 1520 1388 1572; x_wconf 75' lang='lat' dir='ltr'><strong>grou</strong></span> 
     </span>
     <span class='ocr_line' id='line_1_10' title="bbox 358 1588 1388 1668; baseline -0.008 -21"><span class='ocrx_word' id='word_1_79' title='bbox 358 1594 455 1648; x_wconf 82' lang='lat' dir='ltr'><strong>omittit</strong></span> <span class='ocrx_word' id='word_1_80' title='bbox 473 1593 541 1648; x_wconf 84' lang='lat' dir='ltr'><strong>cod.</strong></span> <span class='ocrx_word' id='word_1_81' title='bbox 558 1595 638 1650; x_wconf 87' lang='lat' dir='ltr'><strong>Drsd.</strong></span> <span class='ocrx_word' id='word_1_82' title='bbox 656 1601 689 1661; x_wconf 87' lang='lat'><strong>4;</strong></span> <span class='ocrx_word' id='word_1_83' title='bbox 718 1615 768 1668; x_wconf 93' lang='lat' dir='ltr'><strong>pro</strong></span> <span class='ocrx_word' id='word_1_84' title='bbox 791 1613 825 1647; x_wconf 83' lang='lat' dir='ltr'><strong>ex</strong></span> <span class='ocrx_word' id='word_1_85' title='bbox 848 1592 948 1646; x_wconf 86' lang='lat' dir='ltr'><strong>habent</strong></span> <span class='ocrx_word' id='word_1_86' title='bbox 974 1612 989 1643; x_wconf 92' lang='lat' dir='ltr'><em>e</em></span> <span class='ocrx_word' id='word_1_87' title='bbox 1013 1591 1100 1645; x_wconf 85' lang='lat' dir='ltr'><strong>codd.</strong></span> <span class='ocrx_word' id='word_1_88' title='bbox 1118 1589 1198 1645; x_wconf 80' lang='lat' dir='ltr'><strong>Drsd.</strong></span> <span class='ocrx_word' id='word_1_89' title='bbox 1216 1594 1242 1644; x_wconf 76' lang='lat'><strong>5.</strong></span> <span class='ocrx_word' id='word_1_90' title='bbox 1267 1600 1295 1642; x_wconf 87' lang='lat' dir='ltr'><strong>et</strong></span> <span class='ocrx_word' id='word_1_91' title='bbox 1313 1588 1388 1642; x_wconf 68' lang='lat' dir='ltr'><strong>One</strong></span> 
     </span>
     <span class='ocr_line' id='line_1_11' title="bbox 359 1677 1388 1743; baseline -0.005 -10"><span class='ocrx_word' id='word_1_92' title='bbox 359 1682 414 1734; x_wconf 92' lang='lat' dir='ltr'><strong>Pro</strong></span> <span class='ocrx_word' id='word_1_93' title='bbox 435 1693 556 1734; x_wconf 83' lang='lat' dir='ltr'><strong>tractare</strong></span> <span class='ocrx_word' id='word_1_94' title='bbox 573 1683 600 1736; x_wconf 90' lang='lat' dir='ltr'><strong>in</strong></span> <span class='ocrx_word' id='word_1_95' title='bbox 621 1683 686 1736; x_wconf 87' lang='lat' dir='ltr'><strong>cod.</strong></span> <span class='ocrx_word' id='word_1_96' title='bbox 703 1683 749 1736; x_wconf 85' lang='lat' dir='ltr'><strong>Cr.</strong></span> <span class='ocrx_word' id='word_1_97' title='bbox 767 1688 793 1737; x_wconf 84' lang='lat'><strong>2.</strong></span> <span class='ocrx_word' id='word_1_98' title='bbox 813 1693 852 1736; x_wconf 82' lang='lat' dir='ltr'><strong>est</strong></span> <span class='ocrx_word' id='word_1_99' title='bbox 868 1691 1022 1743; x_wconf 77' lang='lat' dir='ltr'><strong>tractaret3</strong></span> <span class='ocrx_word' id='word_1_100' title='bbox 1048 1692 1103 1735; x_wconf 86' lang='lat' dir='ltr'><strong>tum</strong></span> <span class='ocrx_word' id='word_1_101' title='bbox 1123 1679 1150 1732; x_wconf 89' lang='lat' dir='ltr'><strong>in</strong></span> <span class='ocrx_word' id='word_1_102' title='bbox 1169 1678 1250 1730; x_wconf 84' lang='lat' dir='ltr'><strong>Drsd.</strong></span> <span class='ocrx_word' id='word_1_103' title='bbox 1268 1681 1294 1732; x_wconf 81' lang='lat'><strong>5.</strong></span> <span class='ocrx_word' id='word_1_104' title='bbox 1315 1677 1388 1729; x_wconf 69' lang='lat' dir='ltr'><strong>abluo</strong></span> 
     </span>
     <span class='ocr_line' id='line_1_12' title="bbox 360 1764 1388 1843; baseline -0.008 -21"><span class='ocrx_word' id='word_1_105' title='bbox 360 1772 475 1825; x_wconf 81' lang='lat' dir='ltr'><strong>tendor.</strong></span> <span class='ocrx_word' id='word_1_106' title='bbox 512 1771 604 1843; x_wconf 80' lang='lat' dir='ltr'><strong>Pergit</strong></span> <span class='ocrx_word' id='word_1_107' title='bbox 621 1771 700 1825; x_wconf 89' lang='lat' dir='ltr'><strong>Drsd.</strong></span> <span class='ocrx_word' id='word_1_108' title='bbox 720 1775 745 1824; x_wconf 85' lang='lat'><strong>1.</strong></span> <span class='ocrx_word' id='word_1_109' title='bbox 763 1771 799 1823; x_wconf 84' lang='lat' dir='ltr'><strong>ab</strong></span> <span class='ocrx_word' id='word_1_110' title='bbox 817 1790 868 1823; x_wconf 83' lang='lat' dir='ltr'><strong>usu</strong></span> <span class='ocrx_word' id='word_1_111' title='bbox 888 1771 937 1822; x_wconf 84' lang='lat' dir='ltr'><strong>boc</strong></span> <span class='ocrx_word' id='word_1_112' title='bbox 950 1770 1009 1840; x_wconf 86' lang='lat' dir='ltr'><strong>sor.</strong></span> <span class='ocrx_word' id='word_1_113' title='bbox 1034 1767 1093 1821; x_wconf 81' lang='lat' dir='ltr'><strong>Cre.</strong></span> <span class='ocrx_word' id='word_1_114' title='bbox 1111 1773 1137 1820; x_wconf 82' lang='lat'><strong>2.</strong></span> <span class='ocrx_word' id='word_1_115' title='bbox 1154 1777 1181 1820; x_wconf 89' lang='lat' dir='ltr'><strong>et</strong></span> <span class='ocrx_word' id='word_1_116' title='bbox 1196 1765 1292 1818; x_wconf 87' lang='lat' dir='ltr'><strong>Duish.</strong></span> <span class='ocrx_word' id='word_1_117' title='bbox 1311 1765 1346 1816; x_wconf 86' lang='lat' dir='ltr'><strong>ob</strong></span> <span class='ocrx_word' id='word_1_118' title='bbox 1363 1764 1388 1815; x_wconf 81' lang='lat' dir='ltr'><strong>lu</strong></span> 
     </span>
     <span class='ocr_line' id='line_1_13' title="bbox 354 1854 1152 1929; baseline 0 -20"><span class='ocrx_word' id='word_1_119' title='bbox 354 1858 462 1929; x_wconf 77' lang='lat' dir='ltr'><strong>forensi</strong></span> <span class='ocrx_word' id='word_1_120' title='bbox 480 1879 550 1921; x_wconf 83' lang='lat' dir='ltr'><strong>usu,·</strong></span> <span class='ocrx_word' id='word_1_121' title='bbox 576 1879 667 1912; x_wconf 84' lang='lat' dir='ltr'><strong>vocem</strong></span> <span class='ocrx_word' id='word_1_122' title='bbox 687 1880 739 1911; x_wconf 74' lang='lat' dir='ltr'><strong>osis</strong></span> <span class='ocrx_word' id='word_1_123' title='bbox 758 1859 857 1912; x_wconf 83' lang='lat' dir='ltr'><strong>omittit</strong></span> <span class='ocrx_word' id='word_1_124' title='bbox 874 1857 943 1910; x_wconf 86' lang='lat' dir='ltr'><strong>cod.</strong></span> <span class='ocrx_word' id='word_1_125' title='bbox 960 1856 1011 1910; x_wconf 80' lang='lat' dir='ltr'><strong>Ox.</strong></span> <span class='ocrx_word' id='word_1_126' title='bbox 1031 1875 1054 1909; x_wconf 91' lang='lat' dir='ltr'><strong>o.</strong></span> <span class='ocrx_word' id='word_1_127' title='bbox 1091 1854 1152 1910; x_wconf 67' lang='grc' dir='ltr'><strong>ΜΓ.</strong></span> 
     </span>
    </p>

    <p class='ocr_par' dir='ltr' id='par_1_3' title="bbox 360 1940 1388 2626">
     <span class='ocr_line' id='line_1_14' title="bbox 433 1940 1387 2016; baseline -0.006 -19"><span class='ocrx_word' id='word_1_128' title='bbox 433 1944 615 1998; x_wconf 78' lang='lat' dir='ltr'><strong>Abhorrentes</strong></span> <span class='ocrx_word' id='word_1_129' title='bbox 634 1949 695 2016; x_wconf 74' lang='lat' dir='ltr'><strong>eto]</strong></span> <span class='ocrx_word' id='word_1_130' title='bbox 722 1947 816 2015; x_wconf 79' lang='lat' dir='ltr'><strong>„Orat</strong></span> <span class='ocrx_word' id='word_1_131' title='bbox 834 1944 879 2013; x_wconf 96' lang='grc' dir='ltr'>ΙΙΙ,</span> <span class='ocrx_word' id='word_1_132' title='bbox 895 1948 938 2011; x_wconf 87' lang='grc'><strong>18,</strong></span> <span class='ocrx_word' id='word_1_133' title='bbox 953 1948 996 1998; x_wconf 78' lang='lat'><strong>65.</strong></span> <span class='ocrx_word' id='word_1_134' title='bbox 1031 1943 1085 1994; x_wconf 83' lang='lat' dir='ltr'><strong>Sed</strong></span> <span class='ocrx_word' id='word_1_135' title='bbox 1101 1953 1245 2012; x_wconf 83' lang='lat' dir='ltr'><strong>utrumque</strong></span> <span class='ocrx_word' id='word_1_136' title='bbox 1262 1950 1304 1992; x_wconf 82' lang='lat' dir='ltr'><strong>est</strong></span> <span class='ocrx_word' id='word_1_137' title='bbox 1323 1940 1387 1993; x_wconf 83' lang='lat' dir='ltr'><strong>inb</strong></span> 
     </span>
     <span class='ocr_line' id='line_1_15' title="bbox 360 2023 1388 2107; baseline -0.008 -22"><span class='ocrx_word' id='word_1_138' title='bbox 360 2023 493 2102; x_wconf 79' lang='lat' dir='ltr'><strong>(Stoicis),</strong></span> <span class='ocrx_word' id='word_1_139' title='bbox 513 2036 585 2106; x_wconf 81' lang='lat' dir='ltr'><strong>quod</strong></span> <span class='ocrx_word' id='word_1_140' title='bbox 602 2035 637 2086; x_wconf 85' lang='lat' dir='ltr'><strong>ab</strong></span> <span class='ocrx_word' id='word_1_141' title='bbox 655 2037 719 2100; x_wconf 83' lang='lat' dir='ltr'><strong>hoc,</strong></span> <span class='ocrx_word' id='word_1_142' title='bbox 738 2055 814 2107; x_wconf 84' lang='lat' dir='ltr'><strong>quem</strong></span> <span class='ocrx_word' id='word_1_143' title='bbox 833 2035 1007 2094; x_wconf 83' lang='lat' dir='ltr'><strong>instruimus,</strong></span> <span class='ocrx_word' id='word_1_144' title='bbox 1028 2041 1135 2082; x_wconf 82' lang='lat' dir='ltr'><strong>oratore</strong></span> <span class='ocrx_word' id='word_1_145' title='bbox 1153 2028 1233 2080; x_wconf 79' lang='lat' dir='ltr'><strong>valde</strong></span> <span class='ocrx_word' id='word_1_146' title='bbox 1251 2027 1388 2080; x_wconf 78' lang='lat' dir='ltr'><strong>obhorreat</strong></span> 
     </span>
     <span class='ocr_line' id='line_1_16' title="bbox 361 2115 1388 2193; baseline -0.003 -23"><span class='ocrx_word' id='word_1_147' title='bbox 361 2119 404 2170; x_wconf 82' lang='lat' dir='ltr'><strong>vel</strong></span> <span class='ocrx_word' id='word_1_148' title='bbox 422 2121 495 2191; x_wconf 83' lang='lat' dir='ltr'><strong>quod</strong></span> <span class='ocrx_word' id='word_1_149' title='bbox 510 2141 606 2179; x_wconf 82' lang='lat' dir='ltr'><strong>omnes,</strong></span> <span class='ocrx_word' id='word_1_150' title='bbox 625 2125 671 2193; x_wconf 79' lang='lat' dir='ltr'><strong>qni</strong></span> <span class='ocrx_word' id='word_1_151' title='bbox 689 2125 825 2192; x_wconf 81' lang='lat' dir='ltr'><strong>sapientes·</strong></span> <span class='ocrx_word' id='word_1_152' title='bbox 844 2141 897 2173; x_wconf 84' lang='lat' dir='ltr'><strong>non</strong></span> <span class='ocrx_word' id='word_1_153' title='bbox 913 2121 977 2176; x_wconf 81' lang='lat' dir='ltr'><strong>siut.</strong></span> <span class='ocrx_word' id='word_1_154' title='bbox 995 2137 1094 2180; x_wconf 82' lang='lat' dir='ltr'><strong>servos,</strong></span> <span class='ocrx_word' id='word_1_155' title='bbox 1108 2117 1236 2180; x_wconf 79' lang='lat' dir='ltr'><strong>latrones,</strong></span> <span class='ocrx_word' id='word_1_156' title='bbox 1255 2115 1388 2181; x_wconf 60' lang='lat' dir='ltr'><strong>horreeii</strong></span> 
     </span>
     <span class='ocr_line' id='line_1_17' title="bbox 362 2204 1388 2279; baseline -0.004 -23"><span class='ocrx_word' id='word_1_157' title='bbox 362 2224 442 2256; x_wconf 83' lang='lat' dir='ltr'><strong>sonos</strong></span> <span class='ocrx_word' id='word_1_158' title='bbox 460 2224 517 2257; x_wconf 84' lang='lat' dir='ltr'><strong>esse</strong></span> <span class='ocrx_word' id='word_1_159' title='bbox 534 2208 627 2260; x_wconf 79' lang='lat' dir='ltr'><strong>dicunt</strong></span> <span class='ocrx_word' id='word_1_160' title='bbox 636 2230 646 2269; x_wconf 89' lang='lat'><strong>,·</strong></span> <span class='ocrx_word' id='word_1_161' title='bbox 665 2227 750 2279; x_wconf 83' lang='lat' dir='ltr'><strong>neque</strong></span> <span class='ocrx_word' id='word_1_162' title='bbox 769 2219 859 2259; x_wconf 85' lang='lat' dir='ltr'><strong>tomen</strong></span> <span class='ocrx_word' id='word_1_163' title='bbox 878 2224 1036 2279; x_wconf 83' lang='lat' dir='ltr'><strong>quemquam</strong></span> <span class='ocrx_word' id='word_1_164' title='bbox 1054 2223 1111 2256; x_wconf 84' lang='lat' dir='ltr'><strong>esse</strong></span> <span class='ocrx_word' id='word_1_165' title='bbox 1127 2204 1283 2272; x_wconf 78' lang='lat' dir='ltr'><strong>sapientem.</strong></span> <span class='ocrx_word' id='word_1_166' title='bbox 1298 2233 1334 2244; x_wconf 87' lang='lat'><strong>·-</strong></span> <span class='ocrx_word' id='word_1_167' title='bbox 1355 2205 1388 2256; x_wconf 83' lang='lat' dir='ltr'><strong>A.</strong></span> 
     </span>
     <span class='ocr_line' id='line_1_18' title="bbox 363 2290 1388 2366; baseline 0.001 -25"><span class='ocrx_word' id='word_1_168' title='bbox 363 2292 448 2357; x_wconf 83' lang='lat' dir='ltr'><strong>cedit,</strong></span> <span class='ocrx_word' id='word_1_169' title='bbox 468 2294 541 2364; x_wconf 81' lang='lat' dir='ltr'><strong>quod</strong></span> <span class='ocrx_word' id='word_1_170' title='bbox 559 2295 689 2346; x_wconf 79' lang='lat' dir='ltr'><strong>orationis</strong></span> <span class='ocrx_word' id='word_1_171' title='bbox 707 2296 790 2345; x_wconf 84' lang='lat' dir='ltr'><strong>etium</strong></span> <span class='ocrx_word' id='word_1_172' title='bbox 806 2313 893 2366; x_wconf 81' lang='lat' dir='ltr'><strong>genus</strong></span> <span class='ocrx_word' id='word_1_173' title='bbox 912 2292 1013 2344; x_wconf 83' lang='lat' dir='ltr'><strong>babent</strong></span> <span class='ocrx_word' id='word_1_174' title='bbox 1023 2293 1148 2363; x_wconf 82' lang='lat' dir='ltr'><strong>fortusse</strong></span> <span class='ocrx_word' id='word_1_175' title='bbox 1164 2290 1279 2354; x_wconf 82' lang='lat' dir='ltr'><strong>subtile,</strong></span> <span class='ocrx_word' id='word_1_176' title='bbox 1297 2301 1325 2343; x_wconf 89' lang='lat' dir='ltr'><strong>et</strong></span> <span class='ocrx_word' id='word_1_177' title='bbox 1343 2310 1388 2344; x_wconf 82' lang='lat' dir='ltr'><strong>een</strong></span> 
     </span>
     <span class='ocr_line' id='line_1_19' title="bbox 364 2377 1388 2445; baseline 0.001 -16"><span class='ocrx_word' id='word_1_178' title='bbox 364 2389 493 2441; x_wconf 68' lang='lat' dir='ltr'><strong>acutum</strong></span> <span class='ocrx_word' id='word_1_179' title='bbox 513 2382 572 2443; x_wconf 75' lang='lat' dir='ltr'><strong>secl¹</strong></span> <span class='ocrx_word' id='word_1_180' title='bbox 591 2391 623 2432; x_wconf 87' lang='lat' dir='ltr'><strong>ut</strong></span> <span class='ocrx_word' id='word_1_181' title='bbox 641 2381 669 2433; x_wconf 82' lang='lat' dir='ltr'><strong>in</strong></span> <span class='ocrx_word' id='word_1_182' title='bbox 686 2391 804 2445; x_wconf 84' lang='lat' dir='ltr'><strong>oratore,</strong></span> <span class='ocrx_word' id='word_1_183' title='bbox 822 2381 906 2444; x_wconf 82' lang='lat' dir='ltr'><strong>exile,</strong></span> <span class='ocrx_word' id='word_1_184' title='bbox 925 2380 1103 2443; x_wconf 80' lang='lat' dir='ltr'><strong>inusitatum,</strong></span> <span class='ocrx_word' id='word_1_185' title='bbox 1120 2377 1267 2430; x_wconf 78' lang='lat' dir='ltr'><strong>abhorrens</strong></span> <span class='ocrx_word' id='word_1_186' title='bbox 1284 2377 1320 2428; x_wconf 85' lang='lat' dir='ltr'><strong>ab</strong></span> <span class='ocrx_word' id='word_1_187' title='bbox 1336 2396 1388 2430; x_wconf 82' lang='lat' dir='ltr'><strong>uun</strong></span> 
     </span>
     <span class='ocr_line' id='line_1_20' title="bbox 363 2465 1385 2538; baseline 0.003 -23"><span class='ocrx_word' id='word_1_188' title='bbox 363 2465 412 2517; x_wconf 86' lang='lat' dir='ltr'><strong>bus</strong></span> <span class='ocrx_word' id='word_1_189' title='bbox 430 2466 519 2538; x_wconf 83' lang='lat' dir='ltr'><strong>vulgi,</strong></span> <span class='ocrx_word' id='word_1_190' title='bbox 537 2467 691 2532; x_wconf 81' lang='lat' dir='ltr'><strong>obscurum,</strong></span> <span class='ocrx_word' id='word_1_191' title='bbox 709 2469 804 2534; x_wconf 82' lang='lat' dir='ltr'><strong>inane,</strong></span> <span class='ocrx_word' id='word_1_192' title='bbox 820 2469 955 2531; x_wconf 82' lang='lat' dir='ltr'><strong>ieiunum,</strong></span> <span class='ocrx_word' id='word_1_193' title='bbox 974 2486 1008 2518; x_wconf 86' lang='lat' dir='ltr'><strong>ac</strong></span> <span class='ocrx_word' id='word_1_194' title='bbox 1028 2476 1116 2519; x_wconf 83' lang='lat' dir='ltr'><strong>totum</strong></span> <span class='ocrx_word' id='word_1_195' title='bbox 1133 2465 1277 2531; x_wconf 81' lang='lat' dir='ltr'><strong>eiusmodi,</strong></span> <span class='ocrx_word' id='word_1_196' title='bbox 1301 2485 1355 2538; x_wconf 79' lang='lat' dir='ltr'><strong>qun</strong></span> <span class='ocrx_word' id='word_1_197' title='bbox 1369 2485 1385 2518; x_wconf 78' lang='lat' dir='ltr'><strong>u</strong></span> 
     </span>
     <span class='ocr_line' id='line_1_21' title="bbox 363 2552 834 2626; baseline 0.011 -25"><span class='ocrx_word' id='word_1_198' title='bbox 363 2552 401 2602; x_wconf 88' lang='lat' dir='ltr'><strong>ud</strong></span> <span class='ocrx_word' id='word_1_199' title='bbox 420 2553 518 2624; x_wconf 79' lang='lat' dir='ltr'><strong>vulgus</strong></span> <span class='ocrx_word' id='word_1_200' title='bbox 536 2555 611 2607; x_wconf 86' lang='lat' dir='ltr'><strong>nullo</strong></span> <span class='ocrx_word' id='word_1_201' title='bbox 628 2556 704 2609; x_wconf 78' lang='lat' dir='ltr'><strong>morlo</strong></span> <span class='ocrx_word' id='word_1_202' title='bbox 719 2557 834 2626; x_wconf 77' lang='lat' dir='ltr'><strong>possit.“</strong></span> 
     </span>
    </p>

    <p class='ocr_par' dir='ltr' id='par_1_4' title="bbox 359 2638 1388 4033">
     <span class='ocr_line' id='line_1_22' title="bbox 438 2638 1388 2713; baseline -0.001 -23"><span class='ocrx_word' id='word_1_203' title='bbox 438 2643 493 2692; x_wconf 85' lang='lat' dir='ltr'><strong>Usu</strong></span> <span class='ocrx_word' id='word_1_204' title='bbox 512 2641 621 2712; x_wconf 78' lang='lat' dir='ltr'><strong>forensi</strong></span> <span class='ocrx_word' id='word_1_205' title='bbox 643 2653 670 2694; x_wconf 81' lang='lat' dir='ltr'><strong>et</strong></span> <span class='ocrx_word' id='word_1_206' title='bbox 691 2643 810 2713; x_wconf 80' lang='lat' dir='ltr'><strong>publico]</strong></span> <span class='ocrx_word' id='word_1_207' title='bbox 841 2642 945 2696; x_wconf 90' lang='lat' dir='ltr'><strong>Laudat</strong></span> <span class='ocrx_word' id='word_1_208' title='bbox 968 2640 1050 2712; x_wconf 77' lang='lat' dir='ltr'><strong>Borg.</strong></span> <span class='ocrx_word' id='word_1_209' title='bbox 1070 2638 1127 2693; x_wconf 91' lang='lat' dir='ltr'><strong>Cic.</strong></span> <span class='ocrx_word' id='word_1_210' title='bbox 1145 2639 1179 2692; x_wconf 87' lang='lat' dir='ltr'><strong>de</strong></span> <span class='ocrx_word' id='word_1_211' title='bbox 1197 2638 1247 2692; x_wconf 88' lang='lat' dir='ltr'><strong>Or.</strong></span> <span class='ocrx_word' id='word_1_212' title='bbox 1265 2639 1286 2706; x_wconf 86' lang='grc' dir='ltr'><strong>Ι,</strong></span> <span class='ocrx_word' id='word_1_213' title='bbox 1306 2641 1354 2692; x_wconf 83' lang='lat'><strong>18:</strong></span> <span class='ocrx_word' id='word_1_214' title='bbox 1376 2657 1388 2689; x_wconf 81' lang='lat' dir='ltr'><strong>n</strong></span> 
     </span>
     <span class='ocr_line' id='line_1_23' title="bbox 362 2727 1388 2799; baseline 0.002 -21"><span class='ocrx_word' id='word_1_215' title='bbox 362 2727 554 2782; x_wconf 73' lang='lat' dir='ltr'><em>abstrahamur</em></span> <span class='ocrx_word' id='word_1_216' title='bbox 573 2730 607 2782; x_wconf 83' lang='lat' dir='ltr'><strong>ab</strong></span> <span class='ocrx_word' id='word_1_217' title='bbox 625 2732 677 2784; x_wconf 77' lang='lat' dir='ltr'><strong>huc</strong></span> <span class='ocrx_word' id='word_1_218' title='bbox 697 2761 731 2771; x_wconf 94' lang='lat'><strong>·-</strong></span> <span class='ocrx_word' id='word_1_219' title='bbox 751 2732 942 2785; x_wconf 83' lang='lat' dir='ltr'><strong>consuetudine</strong></span> <span class='ocrx_word' id='word_1_220' title='bbox 966 2730 1069 2781; x_wconf 82' lang='lat' dir='ltr'><strong>dicendi</strong></span> <span class='ocrx_word' id='word_1_221' title='bbox 1090 2729 1216 2799; x_wconf 79' lang='lat' dir='ltr'><strong>populari</strong></span> <span class='ocrx_word' id='word_1_222' title='bbox 1239 2738 1266 2779; x_wconf 84' lang='lat' dir='ltr'><strong>et</strong></span> <span class='ocrx_word' id='word_1_223' title='bbox 1287 2727 1388 2799; x_wconf 82' lang='lat' dir='ltr'><strong>forensi</strong></span> 
     </span>
     <span class='ocr_line' id='line_1_24' title="bbox 362 2816 1388 2893; baseline -0.002 -26"><span class='ocrx_word' id='word_1_224' title='bbox 362 2835 413 2886; x_wconf 91' lang='lat' dir='ltr'><strong>pro</strong></span> <span class='ocrx_word' id='word_1_225' title='bbox 431 2816 512 2871; x_wconf 84' lang='lat' dir='ltr'><strong>Arch.</strong></span> <span class='ocrx_word' id='word_1_226' title='bbox 531 2822 561 2871; x_wconf 82' lang='lat'><strong>2:</strong></span> <span class='ocrx_word' id='word_1_227' title='bbox 592 2821 635 2872; x_wconf 86' lang='lat' dir='ltr'><strong>uti</strong></span> <span class='ocrx_word' id='word_1_228' title='bbox 651 2838 746 2893; x_wconf 80' lang='lat' dir='ltr'><em>genere</em></span> <span class='ocrx_word' id='word_1_229' title='bbox 765 2822 869 2873; x_wconf 84' lang='lat' dir='ltr'><strong>dicendi</strong></span> <span class='ocrx_word' id='word_1_230' title='bbox 887 2822 952 2885; x_wconf 80' lang='lat' dir='ltr'><strong>boc,</strong></span> <span class='ocrx_word' id='word_1_231' title='bbox 980 2820 1052 2891; x_wconf 84' lang='lat' dir='ltr'><strong>quod</strong></span> <span class='ocrx_word' id='word_1_232' title='bbox 1068 2838 1121 2871; x_wconf 86' lang='lat' dir='ltr'><strong>non</strong></span> <span class='ocrx_word' id='word_1_233' title='bbox 1138 2817 1214 2869; x_wconf 84' lang='lat' dir='ltr'><strong>modo</strong></span> <span class='ocrx_word' id='word_1_234' title='bbox 1233 2834 1252 2866; x_wconf 89' lang='lat' dir='ltr'><strong>o</strong></span> <span class='ocrx_word' id='word_1_235' title='bbox 1270 2824 1388 2869; x_wconf 83' lang='lat' dir='ltr'><strong>consueto</strong></span> 
     </span>
     <span class='ocr_line' id='line_1_25' title="bbox 362 2902 1388 2981; baseline 0.013 -28"><span class='ocrx_word' id='word_1_236' title='bbox 362 2903 422 2955; x_wconf 84' lang='lat' dir='ltr'><strong>dine</strong></span> <span class='ocrx_word' id='word_1_237' title='bbox 436 2905 607 2971; x_wconf 19' lang='lat' dir='ltr'><strong>*iudiciorum</strong></span> <span class='ocrx_word' id='word_1_238' title='bbox 623 2926 714 2960; x_wconf 79' lang='lat' dir='ltr'><strong>verum</strong></span> <span class='ocrx_word' id='word_1_239' title='bbox 733 2910 815 2960; x_wconf 82' lang='lat' dir='ltr'><strong>etiam</strong></span> <span class='ocrx_word' id='word_1_240' title='bbox 836 2928 855 2960; x_wconf 86' lang='lat' dir='ltr'><strong>o</strong></span> <span class='ocrx_word' id='word_1_241' title='bbox 870 2909 977 2981; x_wconf 86' lang='lat' dir='ltr'><strong>forensi</strong></span> <span class='ocrx_word' id='word_1_242' title='bbox 995 2925 1111 2960; x_wconf 77' lang='lat' dir='ltr'><em>sermone</em></span> <span class='ocrx_word' id='word_1_243' title='bbox 1130 2904 1292 2965; x_wconf 74' lang='lat' dir='ltr'><strong>abhorrenti</strong></span> <span class='ocrx_word' id='word_1_244' title='bbox 1313 2904 1345 2957; x_wconf 67' lang='lat' dir='ltr'><strong>de</strong></span> <span class='ocrx_word' id='word_1_245' title='bbox 1357 2902 1388 2956; x_wconf 63' lang='grc' dir='ltr'><strong>ΙΨ</strong></span> 
     </span>
     <span class='ocr_line' id='line_1_26' title="bbox 362 2992 1388 3067; baseline -0.004 -24"><span class='ocrx_word' id='word_1_246' title='bbox 362 2992 382 3056; x_wconf 88' lang='grc' dir='ltr'><strong>Ι,</strong></span> <span class='ocrx_word' id='word_1_247' title='bbox 403 2995 453 3045; x_wconf 78' lang='lat'><strong>41:</strong></span> <span class='ocrx_word' id='word_1_248' title='bbox 482 3011 573 3045; x_wconf 79' lang='lat' dir='ltr'><strong>verum</strong></span> <span class='ocrx_word' id='word_1_249' title='bbox 590 2994 641 3045; x_wconf 87' lang='lat' dir='ltr'><strong>illo</strong></span> <span class='ocrx_word' id='word_1_250' title='bbox 661 2994 893 3067; x_wconf 87' lang='lat' dir='ltr'><strong>[philosophorum</strong></span> <span class='ocrx_word' id='word_1_251' title='bbox 913 2997 1028 3050; x_wconf 86' lang='lat' dir='ltr'><strong>obscura</strong></span> <span class='ocrx_word' id='word_1_252' title='bbox 1046 2992 1255 3065; x_wconf 74' lang='lat' dir='ltr'><strong>argumentatio]</strong></span> <span class='ocrx_word' id='word_1_253' title='bbox 1272 2992 1388 3044; x_wconf 80' lang='lat' dir='ltr'><strong>obhorret</strong></span> 
     </span>
     <span class='ocr_line' id='line_1_27' title="bbox 362 3077 1387 3152; baseline 0.001 -24"><span class='ocrx_word' id='word_1_254' title='bbox 362 3077 396 3128; x_wconf 84' lang='lat' dir='ltr'><strong>ab</strong></span> <span class='ocrx_word' id='word_1_255' title='bbox 424 3098 477 3131; x_wconf 86' lang='lat' dir='ltr'><strong>usu</strong></span> <span class='ocrx_word' id='word_1_256' title='bbox 505 3082 623 3133; x_wconf 82' lang='lat' dir='ltr'><strong>oratorio</strong></span> <span class='ocrx_word' id='word_1_257' title='bbox 650 3083 766 3137; x_wconf 79' lang='lat' dir='ltr'><strong>videtur.</strong></span> <span class='ocrx_word' id='word_1_258' title='bbox 791 3112 825 3123; x_wconf 90' lang='lat'><em>-</em></span> <span class='ocrx_word' id='word_1_259' title='bbox 857 3085 985 3148; x_wconf 81' lang='lat' dir='ltr'><strong>„Forensi</strong></span> <span class='ocrx_word' id='word_1_260' title='bbox 1007 3094 1035 3134; x_wconf 84' lang='lat' dir='ltr'><strong>et</strong></span> <span class='ocrx_word' id='word_1_261' title='bbox 1056 3083 1164 3152; x_wconf 82' lang='lat' dir='ltr'><strong>publico</strong></span> <span class='ocrx_word' id='word_1_262' title='bbox 1189 3079 1214 3133; x_wconf 92' lang='lat' dir='ltr'><strong>h.</strong></span> <span class='ocrx_word' id='word_1_263' title='bbox 1233 3080 1250 3132; x_wconf 92' lang='grc' dir='ltr'><strong>Ι.</strong></span> <span class='ocrx_word' id='word_1_264' title='bbox 1275 3089 1387 3152; x_wconf 87' lang='lat' dir='ltr'><strong>ponuntu</strong></span> 
     </span>
     <span class='ocr_line' id='line_1_28' title="bbox 363 3166 1388 3242; baseline -0.001 -24"><span class='ocrx_word' id='word_1_265' title='bbox 363 3166 438 3237; x_wconf 87' lang='lat' dir='ltr'><strong>quasi</strong></span> <span class='ocrx_word' id='word_1_266' title='bbox 456 3186 622 3240; x_wconf 85' lang='lat' dir='ltr'><strong>synonyma,</strong></span> <span class='ocrx_word' id='word_1_267' title='bbox 647 3189 677 3224; x_wconf 87' lang='lat' dir='ltr'><strong>re</strong></span> <span class='ocrx_word' id='word_1_268' title='bbox 697 3189 756 3223; x_wconf 85' lang='lat' dir='ltr'><strong>vera</strong></span> <span class='ocrx_word' id='word_1_269' title='bbox 775 3172 906 3226; x_wconf 82' lang='lat' dir='ltr'><strong>disserunt</strong></span> <span class='ocrx_word' id='word_1_270' title='bbox 924 3182 953 3226; x_wconf 89' lang='lat' dir='ltr'><strong>ut</strong></span> <span class='ocrx_word' id='word_1_271' title='bbox 970 3190 1056 3242; x_wconf 78' lang='lat' dir='ltr'><strong>genus</strong></span> <span class='ocrx_word' id='word_1_272' title='bbox 1073 3181 1099 3224; x_wconf 89' lang='lat' dir='ltr'><strong>et</strong></span> <span class='ocrx_word' id='word_1_273' title='bbox 1117 3170 1225 3242; x_wconf 88' lang='lat' dir='ltr'><strong>species.</strong></span> <span class='ocrx_word' id='word_1_274' title='bbox 1264 3167 1355 3221; x_wconf 84' lang='lat' dir='ltr'><strong>Genus</strong></span> <span class='ocrx_word' id='word_1_275' title='bbox 1369 3182 1388 3217; x_wconf 82' lang='lat' dir='ltr'><strong>es</strong></span> 
     </span>
     <span class='ocr_line' id='line_1_29' title="bbox 360 3253 1388 3333; baseline 0.003 -26"><span class='ocrx_word' id='word_1_276' title='bbox 360 3253 485 3322; x_wconf 78' lang='lat' dir='ltr'><strong>publicus</strong></span> <span class='ocrx_word' id='word_1_277' title='bbox 509 3255 526 3310; x_wconf 89' lang='lat' dir='ltr'><strong>i.</strong></span> <span class='ocrx_word' id='word_1_278' title='bbox 544 3275 568 3309; x_wconf 89' lang='lat' dir='ltr'><strong>e.</strong></span> <span class='ocrx_word' id='word_1_279' title='bbox 592 3258 716 3327; x_wconf 79' lang='lat' dir='ltr'><strong>poplicus</strong></span> <span class='ocrx_word' id='word_1_280' title='bbox 739 3260 864 3332; x_wconf 88' lang='lat' dir='ltr'><strong>antique,</strong></span> <span class='ocrx_word' id='word_1_281' title='bbox 891 3261 964 3333; x_wconf 90' lang='lat' dir='ltr'><strong>qnod</strong></span> <span class='ocrx_word' id='word_1_282' title='bbox 989 3260 1022 3313; x_wconf 91' lang='lat' dir='ltr'><strong>ad</strong></span> <span class='ocrx_word' id='word_1_283' title='bbox 1048 3258 1177 3330; x_wconf 87' lang='lat' dir='ltr'><strong>populum</strong></span> <span class='ocrx_word' id='word_1_284' title='bbox 1198 3257 1322 3329; x_wconf 87' lang='lat' dir='ltr'><strong>pertinet.</strong></span> <span class='ocrx_word' id='word_1_285' title='bbox 1353 3253 1388 3305; x_wconf 76' lang='lat' dir='ltr'><strong>lan</strong></span> 
     </span>
     <span class='ocr_line' id='line_1_30' title="bbox 364 3341 1388 3418; baseline -0.002 -23"><span class='ocrx_word' id='word_1_286' title='bbox 364 3361 425 3395; x_wconf 83' lang='lat' dir='ltr'><strong>vero</strong></span> <span class='ocrx_word' id='word_1_287' title='bbox 445 3341 596 3415; x_wconf 87' lang='lat' dir='ltr'><strong>eloquentia</strong></span> <span class='ocrx_word' id='word_1_288' title='bbox 616 3345 732 3418; x_wconf 85' lang='lat' dir='ltr'><strong>publica,</strong></span> <span class='ocrx_word' id='word_1_289' title='bbox 753 3347 771 3401; x_wconf 90' lang='lat' dir='ltr'><strong>i.</strong></span> <span class='ocrx_word' id='word_1_290' title='bbox 789 3368 811 3402; x_wconf 86' lang='lat' dir='ltr'><strong>e.</strong></span> <span class='ocrx_word' id='word_1_291' title='bbox 832 3348 922 3414; x_wconf 77' lang='lat' dir='ltr'><strong>civilis,</strong></span> <span class='ocrx_word' id='word_1_292' title='bbox 941 3347 1026 3402; x_wconf 91' lang='lat' dir='ltr'><strong>trihus</strong></span> <span class='ocrx_word' id='word_1_293' title='bbox 1044 3347 1155 3400; x_wconf 84' lang='lat' dir='ltr'><strong>maxime</strong></span> <span class='ocrx_word' id='word_1_294' title='bbox 1172 3345 1199 3397; x_wconf 92' lang='lat' dir='ltr'><strong>in</strong></span> <span class='ocrx_word' id='word_1_295' title='bbox 1218 3345 1287 3401; x_wconf 84' lang='lat' dir='ltr'><strong>locis</strong></span> <span class='ocrx_word' id='word_1_296' title='bbox 1303 3355 1329 3398; x_wconf 88' lang='lat' dir='ltr'><strong>et</strong></span> <span class='ocrx_word' id='word_1_297' title='bbox 1344 3358 1388 3395; x_wconf 89' lang='lat' dir='ltr'><strong>con·</strong></span> 
     </span>
     <span class='ocr_line' id='line_1_31' title="bbox 363 3427 1388 3506; baseline -0.002 -20"><span class='ocrx_word' id='word_1_298' title='bbox 363 3430 429 3487; x_wconf 83' lang='lat' dir='ltr'><strong>ciliis</strong></span> <span class='ocrx_word' id='word_1_299' title='bbox 447 3434 612 3488; x_wconf 75' lang='lat' dir='ltr'><strong>versabatur:</strong></span> <span class='ocrx_word' id='word_1_300' title='bbox 640 3436 758 3506; x_wconf 88' lang='lat' dir='ltr'><strong>primum</strong></span> <span class='ocrx_word' id='word_1_301' title='bbox 779 3437 807 3489; x_wconf 90' lang='lat' dir='ltr'><strong>in</strong></span> <span class='ocrx_word' id='word_1_302' title='bbox 828 3439 918 3501; x_wconf 86' lang='lat' dir='ltr'><strong>curio,</strong></span> <span class='ocrx_word' id='word_1_303' title='bbox 942 3436 989 3491; x_wconf 88' lang='lat' dir='ltr'><strong>ubi</strong></span> <span class='ocrx_word' id='word_1_304' title='bbox 1008 3446 1113 3489; x_wconf 86' lang='lat' dir='ltr'><strong>senatus</strong></span> <span class='ocrx_word' id='word_1_305' title='bbox 1130 3434 1290 3487; x_wconf 79' lang='lat' dir='ltr'><strong>habebatur:</strong></span> <span class='ocrx_word' id='word_1_306' title='bbox 1317 3427 1388 3485; x_wconf 74' lang='lat' dir='ltr'><strong>duob</strong></span> 
     </span>
     <span class='ocr_line' id='line_1_32' title="bbox 362 3517 1388 3592; baseline 0.001 -21"><span class='ocrx_word' id='word_1_307' title='bbox 362 3520 390 3572; x_wconf 92' lang='lat' dir='ltr'><strong>in</strong></span> <span class='ocrx_word' id='word_1_308' title='bbox 403 3520 469 3589; x_wconf 81' lang='lat' dir='ltr'><strong>foro</strong></span> <span class='ocrx_word' id='word_1_309' title='bbox 488 3522 559 3591; x_wconf 87' lang='lat' dir='ltr'><strong>apud</strong></span> <span class='ocrx_word' id='word_1_310' title='bbox 580 3534 746 3592; x_wconf 80' lang='lat' dir='ltr'><strong>praetorem,</strong></span> <span class='ocrx_word' id='word_1_311' title='bbox 771 3524 819 3577; x_wconf 87' lang='lat' dir='ltr'><strong>uhi</strong></span> <span class='ocrx_word' id='word_1_312' title='bbox 836 3524 934 3579; x_wconf 87' lang='lat' dir='ltr'><strong>iudicia</strong></span> <span class='ocrx_word' id='word_1_313' title='bbox 953 3523 1135 3589; x_wconf 78' lang='lat' dir='ltr'><strong>habebantur,</strong></span> <span class='ocrx_word' id='word_1_314' title='bbox 1160 3522 1239 3576; x_wconf 84' lang='lat' dir='ltr'><strong>tertio</strong></span> <span class='ocrx_word' id='word_1_315' title='bbox 1257 3522 1286 3574; x_wconf 91' lang='lat' dir='ltr'><strong>in</strong></span> <span class='ocrx_word' id='word_1_316' title='bbox 1303 3517 1388 3575; x_wconf 63' lang='lat' dir='ltr'><strong>consitio</strong></span> 
     </span>
     <span class='ocr_line' id='line_1_33' title="bbox 363 3609 1388 3682; baseline -0.002 -22"><span class='ocrx_word' id='word_1_317' title='bbox 363 3609 391 3660; x_wconf 89' lang='lat' dir='ltr'><strong>in</strong></span> <span class='ocrx_word' id='word_1_318' title='bbox 416 3626 513 3679; x_wconf 89' lang='lat' dir='ltr'><strong>campo</strong></span> <span class='ocrx_word' id='word_1_319' title='bbox 531 3609 646 3676; x_wconf 83' lang='lat' dir='ltr'><strong>Martio,</strong></span> <span class='ocrx_word' id='word_1_320' title='bbox 672 3611 717 3663; x_wconf 86' lang='lat' dir='ltr'><strong>nbi</strong></span> <span class='ocrx_word' id='word_1_321' title='bbox 744 3612 890 3666; x_wconf 76' lang='lat' dir='ltr'><strong>conciones</strong></span> <span class='ocrx_word' id='word_1_322' title='bbox 913 3613 946 3667; x_wconf 87' lang='lat' dir='ltr'><strong>ad</strong></span> <span class='ocrx_word' id='word_1_323' title='bbox 973 3624 1058 3667; x_wconf 89' lang='lat' dir='ltr'><strong>totum</strong></span> <span class='ocrx_word' id='word_1_324' title='bbox 1082 3609 1214 3682; x_wconf 89' lang='lat' dir='ltr'><strong>populum</strong></span> <span class='ocrx_word' id='word_1_325' title='bbox 1237 3609 1388 3662; x_wconf 83' lang='lat' dir='ltr'><strong>habebantur</strong></span> 
     </span>
     <span class='ocr_line' id='line_1_34' title="bbox 363 3694 1388 3769; baseline 0.001 -22"><span class='ocrx_word' id='word_1_326' title='bbox 363 3694 417 3747; x_wconf 87' lang='lat' dir='ltr'><strong>Sed</strong></span> <span class='ocrx_word' id='word_1_327' title='bbox 435 3696 595 3750; x_wconf 83' lang='lat' dir='ltr'><strong>adiectivurn</strong></span> <span class='ocrx_word' id='word_1_328' title='bbox 609 3698 730 3769; x_wconf 81' lang='lat' dir='ltr'><strong>sorensis</strong></span> <span class='ocrx_word' id='word_1_329' title='bbox 749 3698 886 3769; x_wconf 87' lang='lat' dir='ltr'><strong>paullatim</strong></span> <span class='ocrx_word' id='word_1_330' title='bbox 906 3700 1027 3754; x_wconf 79' lang='lat' dir='ltr'><strong>universe</strong></span> <span class='ocrx_word' id='word_1_331' title='bbox 1046 3698 1169 3769; x_wconf 87' lang='lat' dir='ltr'><strong>usurpari</strong></span> <span class='ocrx_word' id='word_1_332' title='bbox 1187 3696 1293 3768; x_wconf 88' lang='lat' dir='ltr'><strong>coepit,</strong></span> <span class='ocrx_word' id='word_1_333' title='bbox 1311 3707 1337 3750; x_wconf 90' lang='lat' dir='ltr'><strong>nt</strong></span> <span class='ocrx_word' id='word_1_334' title='bbox 1352 3708 1388 3747; x_wconf 70' lang='grc' dir='ltr'><strong>ποί</strong></span> 
     </span>
     <span class='ocr_line' id='line_1_35' title="bbox 364 3783 1388 3860; baseline -0.002 -25"><span class='ocrx_word' id='word_1_335' title='bbox 364 3783 446 3836; x_wconf 88' lang='lat' dir='ltr'><strong>modo</strong></span> <span class='ocrx_word' id='word_1_336' title='bbox 466 3783 499 3837; x_wconf 87' lang='lat' dir='ltr'><strong>de</strong></span> <span class='ocrx_word' id='word_1_337' title='bbox 518 3783 669 3857; x_wconf 86' lang='lat' dir='ltr'><strong>eloquentia</strong></span> <span class='ocrx_word' id='word_1_338' title='bbox 687 3786 819 3855; x_wconf 83' lang='lat' dir='ltr'><strong>iudiciali,</strong></span> <span class='ocrx_word' id='word_1_339' title='bbox 838 3808 907 3860; x_wconf 88' lang='lat' dir='ltr'><strong>quae</strong></span> <span class='ocrx_word' id='word_1_340' title='bbox 926 3790 953 3842; x_wconf 93' lang='lat' dir='ltr'><strong>in</strong></span> <span class='ocrx_word' id='word_1_341' title='bbox 974 3790 1035 3842; x_wconf 82' lang='lat' dir='ltr'><strong>foro</strong></span> <span class='ocrx_word' id='word_1_342' title='bbox 1053 3798 1079 3841; x_wconf 89' lang='lat' dir='ltr'><strong>et</strong></span> <span class='ocrx_word' id='word_1_343' title='bbox 1097 3785 1201 3840; x_wconf 87' lang='lat' dir='ltr'><strong>iudiciis</strong></span> <span class='ocrx_word' id='word_1_344' title='bbox 1219 3799 1346 3849; x_wconf 79' lang='lat' dir='ltr'><strong>versatur,</strong></span> <span class='ocrx_word' id='word_1_345' title='bbox 1360 3795 1388 3833; x_wconf 71' lang='lat' dir='ltr'><strong>set</strong></span> 
     </span>
     <span class='ocr_line' id='line_1_36' title="bbox 363 3872 1388 3946; baseline 0.003 -23"><span class='ocrx_word' id='word_1_346' title='bbox 363 3872 442 3924; x_wconf 85' lang='lat' dir='ltr'><strong>etiam</strong></span> <span class='ocrx_word' id='word_1_347' title='bbox 462 3872 495 3925; x_wconf 90' lang='lat' dir='ltr'><strong>de</strong></span> <span class='ocrx_word' id='word_1_348' title='bbox 514 3875 639 3927; x_wconf 88' lang='lat' dir='ltr'><strong>omnihus</strong></span> <span class='ocrx_word' id='word_1_349' title='bbox 659 3873 742 3928; x_wconf 86' lang='lat' dir='ltr'><strong>tribus</strong></span> <span class='ocrx_word' id='word_1_350' title='bbox 761 3876 905 3946; x_wconf 81' lang='lat' dir='ltr'><strong>generibus</strong></span> <span class='ocrx_word' id='word_1_351' title='bbox 923 3876 1058 3931; x_wconf 85' lang='lat' dir='ltr'><strong>diceretur</strong></span> <span class='ocrx_word' id='word_1_352' title='bbox 1076 3885 1102 3928; x_wconf 88' lang='lat' dir='ltr'><strong>et</strong></span> <span class='ocrx_word' id='word_1_353' title='bbox 1120 3874 1190 3927; x_wconf 86' lang='lat' dir='ltr'><strong>idern</strong></span> <span class='ocrx_word' id='word_1_354' title='bbox 1209 3873 1321 3939; x_wconf 81' lang='lat' dir='ltr'><strong>valeret,</strong></span> <span class='ocrx_word' id='word_1_355' title='bbox 1338 3881 1388 3940; x_wconf 62' lang='lat' dir='ltr'><strong>qut(</strong></span> 
     </span>
     <span class='ocr_line' id='line_1_37' title="bbox 359 3958 640 4033; baseline 0.018 -22"><span class='ocrx_word' id='word_1_356' title='bbox 359 3958 511 4030; x_wconf 79' lang='lat' dir='ltr'><strong>publicus.“</strong></span> <span class='ocrx_word' id='word_1_357' title='bbox 532 3962 640 4033; x_wconf 75' lang='lat' dir='ltr'><strong>wyri.</strong></span> 
     </span>
    </p>

    <p class='ocr_par' dir='ltr' id='par_1_5' title="bbox 361 4038 1388 4379">
     <span class='ocr_line' id='line_1_38' title="bbox 434 4038 1386 4123; baseline -0.003 -24"><span class='ocrx_word' id='word_1_358' title='bbox 434 4050 489 4099; x_wconf 85' lang='lat' dir='ltr'><strong>Sed</strong></span> <span class='ocrx_word' id='word_1_359' title='bbox 505 4048 614 4101; x_wconf 84' lang='lat' dir='ltr'><strong>dicendo</strong></span> <span class='ocrx_word' id='word_1_360' title='bbox 632 4054 757 4123; x_wconf 77' lang='lat' dir='ltr'><strong>consequi</strong></span> <span class='ocrx_word' id='word_1_361' title='bbox 776 4053 885 4120; x_wconf 69' lang='lat' dir='ltr'><strong>tamem]</strong></span> <span class='ocrx_word' id='word_1_362' title='bbox 919 4049 987 4105; x_wconf 86' lang='lat' dir='ltr'><strong>Cod.</strong></span> <span class='ocrx_word' id='word_1_363' title='bbox 1011 4051 1091 4105; x_wconf 83' lang='lat' dir='ltr'><strong>Drsd.</strong></span> <span class='ocrx_word' id='word_1_364' title='bbox 1114 4054 1140 4104; x_wconf 83' lang='lat'><strong>4.</strong></span> <span class='ocrx_word' id='word_1_365' title='bbox 1166 4050 1215 4102; x_wconf 81' lang='lat' dir='ltr'><strong>sed</strong></span> <span class='ocrx_word' id='word_1_366' title='bbox 1237 4049 1273 4100; x_wconf 83' lang='lat' dir='ltr'><strong>in</strong></span> <span class='ocrx_word' id='word_1_367' title='bbox 1298 4038 1386 4098; x_wconf 77' lang='lat' dir='ltr'><strong>dicendo</strong></span> 
     </span>
     <span class='ocr_line' id='line_1_39' title="bbox 361 4134 1388 4213; baseline 0.002 -25"><span class='ocrx_word' id='word_1_368' title='bbox 361 4134 456 4189; x_wconf 88' lang='lat' dir='ltr'><strong>Duisb.</strong></span> <span class='ocrx_word' id='word_1_369' title='bbox 473 4138 521 4189; x_wconf 84' lang='lat' dir='ltr'><strong>sed</strong></span> <span class='ocrx_word' id='word_1_370' title='bbox 540 4138 589 4191; x_wconf 81' lang='lat' dir='ltr'><strong>elic.</strong></span> <span class='ocrx_word' id='word_1_371' title='bbox 608 4149 698 4191; x_wconf 77' lang='lat' dir='ltr'><strong>tonoen</strong></span> <span class='ocrx_word' id='word_1_372' title='bbox 713 4143 845 4211; x_wconf 81' lang='lat' dir='ltr'><strong>consequi.</strong></span> <span class='ocrx_word' id='word_1_373' title='bbox 881 4142 971 4193; x_wconf 87' lang='lat' dir='ltr'><strong>Verba</strong></span> <span class='ocrx_word' id='word_1_374' title='bbox 991 4140 1103 4213; x_wconf 79' lang='lat' dir='ltr'><strong>explicat</strong></span> <span class='ocrx_word' id='word_1_375' title='bbox 1120 4139 1180 4192; x_wconf 88' lang='lat' dir='ltr'><strong>Frc.</strong></span> <span class='ocrx_word' id='word_1_376' title='bbox 1198 4137 1286 4210; x_wconf 83' lang='lat' dir='ltr'><strong>Sylv.:</strong></span> <span class='ocrx_word' id='word_1_377' title='bbox 1313 4134 1349 4203; x_wconf 76' lang='lat' dir='ltr'><strong>„vi</strong></span> <span class='ocrx_word' id='word_1_378' title='bbox 1363 4140 1388 4183; x_wconf 77' lang='lat'><strong>¹²·</strong></span> 
     </span>
     <span class='ocr_line' id='line_1_40' title="bbox 363 4212 1388 4303; baseline -0.001 -28"><span class='ocrx_word' id='word_1_379' title='bbox 363 4243 424 4276; x_wconf 88' lang='lat' dir='ltr'><strong>men</strong></span> <span class='ocrx_word' id='word_1_380' title='bbox 443 4224 572 4279; x_wconf 85' lang='lat' dir='ltr'><strong>orationis</strong></span> <span class='ocrx_word' id='word_1_381' title='bbox 590 4238 617 4280; x_wconf 86' lang='lat' dir='ltr'><strong>et</strong></span> <span class='ocrx_word' id='word_1_382' title='bbox 635 4228 740 4298; x_wconf 84' lang='lat' dir='ltr'><strong>copia.“</strong></span> <span class='ocrx_word' id='word_1_383' title='bbox 777 4228 859 4297; x_wconf 89' lang='lat' dir='ltr'><strong>Quod</strong></span> <span class='ocrx_word' id='word_1_384' title='bbox 878 4230 998 4303; x_wconf 84' lang='lat' dir='ltr'><strong>sequitur</strong></span> <span class='ocrx_word' id='word_1_385' title='bbox 1015 4232 1098 4281; x_wconf 84' lang='lat' dir='ltr'><strong>etiam</strong></span> <span class='ocrx_word' id='word_1_386' title='bbox 1109 4227 1209 4297; x_wconf 85' lang='lat' dir='ltr'><strong>populo</strong></span> <span class='ocrx_word' id='word_1_387' title='bbox 1225 4226 1297 4280; x_wconf 87' lang='lat' dir='ltr'><strong>idem</strong></span> <span class='ocrx_word' id='word_1_388' title='bbox 1315 4212 1388 4277; x_wconf 77' lang='lat' dir='ltr'><strong>intelli</strong></span> 
     </span>
     <span class='ocr_line' id='line_1_41' title="bbox 362 4310 849 4379; baseline 0.018 -18"><span class='ocrx_word' id='word_1_389' title='bbox 362 4310 413 4379; x_wconf 75' lang='lat' dir='ltr'><strong>git:</strong></span> <span class='ocrx_word' id='word_1_390' title='bbox 436 4331 510 4377; x_wconf 81' lang='lat' dir='ltr'><strong>„non</strong></span> <span class='ocrx_word' id='word_1_391' title='bbox 527 4313 615 4368; x_wconf 89' lang='lat' dir='ltr'><strong>solum</strong></span> <span class='ocrx_word' id='word_1_392' title='bbox 634 4316 765 4371; x_wconf 85' lang='lat' dir='ltr'><strong>senatui.“</strong></span> <span class='ocrx_word' id='word_1_393' title='bbox 791 4316 849 4371; x_wconf 80' lang='lat' dir='ltr'><strong>Mn.</strong></span> 
     </span>
    </p>
   </div>
   <div class='ocr_carea' id='block_1_3' title="bbox 362 4398 1388 4542">
    <p class='ocr_par' dir='ltr' id='par_1_6' title="bbox 362 4398 1388 4542">
     <span class='ocr_line' id='line_1_42' title="bbox 438 4398 1388 4479; baseline 0.014 -30"><span class='ocrx_word' id='word_1_394' title='bbox 438 4402 473 4450; x_wconf 87' lang='lat' dir='ltr'><strong>Ut</strong></span> <span class='ocrx_word' id='word_1_395' title='bbox 491 4401 551 4468; x_wconf 86' lang='lat' dir='ltr'><strong>illu]</strong></span> <span class='ocrx_word' id='word_1_396' title='bbox 580 4400 701 4457; x_wconf 88' lang='lat' dir='ltr'><strong>Notanda</strong></span> <span class='ocrx_word' id='word_1_397' title='bbox 726 4406 830 4476; x_wconf 82' lang='lat' dir='ltr'><strong>generis</strong></span> <span class='ocrx_word' id='word_1_398' title='bbox 853 4407 960 4461; x_wconf 86' lang='lat' dir='ltr'><strong>variatio</strong></span> <span class='ocrx_word' id='word_1_399' title='bbox 981 4427 1028 4479; x_wconf 88' lang='lat' dir='ltr'><strong>per</strong></span> <span class='ocrx_word' id='word_1_400' title='bbox 1045 4406 1175 4478; x_wconf 83' lang='lat' dir='ltr'><strong>figuram,</strong></span> <span class='ocrx_word' id='word_1_401' title='bbox 1204 4426 1272 4477; x_wconf 86' lang='lat' dir='ltr'><strong>qnae</strong></span> <span class='ocrx_word' id='word_1_402' title='bbox 1296 4398 1388 4461; x_wconf 71' lang='lat' dir='ltr'><strong>enallag&#39;</strong></span> 
     </span>
     <span class='ocr_line' id='line_1_43' title="bbox 362 4484 587 4542; baseline 0.027 -6"><span class='ocrx_word' id='word_1_403' title='bbox 362 4484 468 4538; x_wconf 88' lang='lat' dir='ltr'><strong>dicitur.</strong></span> <span class='ocrx_word' id='word_1_404' title='bbox 492 4486 587 4542; x_wconf 82' lang='lat' dir='ltr'><strong>Face.</strong></span> 
     </span>
    </p>
   </div>
   <div class='ocr_carea' id='block_1_4' title="bbox 0 0 1774 5450">
    <p class='ocr_par' dir='ltr' id='par_1_7' title="bbox 0 0 1774 5450">
     <span class='ocr_line' id='line_1_44' title="bbox 0 0 1774 5450; baseline 0 0"><span class='ocrx_word' id='word_1_405' title='bbox 0 0 1774 5450; x_wconf 95' lang='lat' dir='ltr'><strong> </strong></span> 
     </span>
    </p>
   </div>
  </div>
 </body>
</html>
