3517 5450
359 707 434 781 248
680 727 851 775 recanere
880 726 1075 774 srmcoaurr.

430 895 469 944 Μ’
490 890 598 956 Curius]
625 886 813 959 „Cognomine
833 890 989 952 Dentatus,
1015 887 1061 959 qui
1085 886 1221 961 Pyrrhum
1248 886 1312 941 ricit
1338 907 1361 940 a.
1380 887 1413 942 U.

358 985 419 1036 419.
437 979 518 1031 homo
532 996 623 1040 novus,
643 975 722 1028 unice
741 974 842 1028 virtutis
855 974 1088 1028 commendatione
1102 974 1135 1025 ad
1150 973 1333 1028 Consulatum
1353 994 1415 1045 per·

359 1067 454 1121 renit.“
490 1065 596 1135 Wytt.

286 1144 289 1149 ¹
428 1164 479 1205 aut
506 1169 595 1205 eorum
623 1151 748 1222 aliquis,]
783 1147 849 1202 Cod.
873 1149 969 1202 Duisb.
994 1167 1036 1200 an
1058 1169 1149 1201 carram
1173 1149 1295 1220 aliquis:
1332 1167 1409 1220 quam

358 1243 527 1315 scriptionem
549 1260 603 1292 non
622 1239 705 1309 magis
732 1238 991 1302 commendaverim,
1020 1257 1100 1308 quam
1125 1237 1173 1289 tuli
1199 1235 1272 1308 apud
1304 1235 1361 1288 Cic.
1378 1235 1407 1288 de

357 1333 425 1403 Rep.
444 1330 464 1394 Ι,
483 1333 527 1382 12.
544 1346 597 1378 ano
615 1346 659 1377 an
678 1326 772 1383 altero,
791 1344 841 1396 pro
862 1344 915 1376 uno
935 1334 999 1376 aut
1019 1325 1106 1376 altera
1124 1326 1225 1392 spatio,
1245 1341 1404 1395 quamquam

357 1420 402 1474 illa
420 1437 494 1472 acres
514 1426 589 1468 nacta
609 1425 647 1467 est
664 1413 823 1466 defensores.
868 1412 914 1465 His
940 1430 991 1482 ego
1008 1412 1069 1466 satis
1095 1410 1160 1463 mibi
1185 1410 1355 1481 respondisse
1371 1410 1403 1460 ri-

358 1506 424 1559 deor
441 1505 469 1557 in
488 1501 678 1573 Symbolarum
700 1499 776 1553 Critt.
794 1500 826 1552 ad
847 1500 903 1554 Cic.
922 1499 1040 1571 Specim.
1058 1499 1091 1552 ll.
1116 1518 1139 1552 c.
1158 1498 1216 1550 Xll.
1236 1518 1260 1568 p.
1283 1499 1400 1550 15-17,

358 1591 471 1664 Specim.
483 1590 526 1643 ΙΙΙ.
546 1609 569 1643 c.
582 1586 652 1640 Vlll.
672 1594 775 1658 ne'que,
800 1606 868 1658 quae
887 1588 951 1640 inde
969 1589 1002 1641 ab
1023 1587 1128 1640 illarum
1148 1587 1329 1658 scriptionum
1341 1597 1398 1639 tem·

359 1699 424 1752 pore
445 1677 552 1748 collegi,
580 1676 630 1729 boc
649 1676 755 1747 quidem
781 1676 841 1728 loco
866 1696 1022 1746 expromere
1046 1675 1225 1729 necessarium
1246 1673 1396 1726 ridetur.-

359 1767 492 1822 Scribitur
511 1776 571 1829 qut
589 1765 664 1816 doum
682 1764 710 1816 in
730 1763 796 1815 Cod.
814 1763 872 1815 Cra.
890 1767 931 1827 2.;
959 1764 1056 1814 autin
1076 1762 1198 1817 domuin
1223 1759 1312 1813 Codd.
1328 1758 1395 1812 Drsd.

359 1859 384 1910 1.
397 1859 422 1910 3.
434 1860 459 1910 5.
478 1856 596 1924 itemque
615 1851 687 1905 Gud.
700 1851 730 1904 Α.
751 1851 797 1922 qui
818 1862 912 1904 contra
931 1851 960 1902 in
977 1861 1039 1903 aute
1057 1850 1125 1901 ailla
1139 1849 1246 1901 omittit.
1283 1844 1315 1898 ln
1327 1865 1395 1916 seqq.

358 1943 438 1996 Drsd.
454 1946 477 1996 5.
502 1953 561 2012 post
581 1942 653 2009 ipsos
679 1939 757 2010 plene
776 1925 928 2008 distinguit,
954 1938 1095 2010 pergitque
1123 1939 1254 1991 Viderat
1284 1936 1395 2006 aliquem.

359 2028 426 2082 Cod.
445 2029 521 2082 Suer.
541 2028 619 2080 babet
637 2037 669 2078 ut
688 2046 738 2097 pro
756 2038 791 2081 et.
829 2026 871 2079 Ad
887 2045 962 2096 seqq.
980 2028 1089 2078 summis
1105 2026 1201 2095 populi
1216 2025 1298 2076 berre
1300 2024 1326 2095 s
1327 2023 1396 2074 ielis

359 2135 448 2180 usum,
468 2135 536 2187 quae
555 2113 669 2166 formula
690 2113 722 2165 de
741 2113 889 2166 bonoribus
908 2125 935 2166 et
952 2113 1148 2183 magistratibus
1171 2112 1343 2182 intelligenda
1359 2122 1396 2174 est,

359 2202 438 2273 Borg.
471 2202 560 2255 laudat
588 2202 666 2253 Verr.
684 2198 704 2266 l,
723 2205 748 2253 5.
779 2201 813 2264 V,
832 2203 873 2253 68.
902 2200 936 2255 de
963 2200 1041 2252 Prov.
1076 2199 1156 2254 Cous.
1176 2203 1220 2253 lb.
1256 2200 1323 2252 Phil.
1340 2201 1359 2265 l,
1374 2201 1395 2252 1.

358 2289 429 2356 XlV,
447 2293 472 2344 9.
493 2288 561 2341 Αὰἀ.
580 2286 638 2342 Cic.
656 2304 705 2357 pro
724 2287 794 2357 Lege
814 2287 887 2339 Man.
907 2309 927 2341 s.
955 2288 987 2341 de
1006 2287 1122 2359 imperio
1148 2289 1198 2340 Cn.
1224 2286 1345 2358 Pompeii
1361 2288 1396 2348 23,

359 2379 402 2429 68.
421 2387 446 2428 et
465 2378 509 2440 24,
528 2376 572 2429 ll.
608 2374 666 2426 Mn.
888 2440 893 2452 ι

433 2462 591 2514 barbatulos
621 2463 719 2514 mullos
743 2457 929 2532 exceptantem*
956 2465 988 2517 de
1010 2465 1141 2534 piscina,]
1167 2462 1351 2526 „barbatulos
1372 2462 1394 2513 in

359 2550 433 2604 labro
451 2549 581 2602 inferiori.
622 2550 691 2602 Plin.
717 2548 762 2604 lib.
783 2550 827 2604 lX.
854 2569 913 2622 cap.
934 2554 988 2605 ll„
1005 2562 1031 2606 et
1048 2552 1149 2605 Festus.
1191 2552 1298 2604 Mallos
1321 2547 1395 2602 Codd.

358 2641 409 2691 mei
428 2657 536 2704 omnes,
557 2657 611 2690 non
631 2637 765 2689 mullulos.
802 2641 1006 2707 Exceplautam,
1026 2639 1189 2710 quindecim.
1208 2643 1395 2698 Eseactantenr,

357 2746 434 2779 unus.
472 2731 681 2796 Expectantem,
698 2745 775 2779 unus.
813 2731 1018 2797 Receptontcm,
1037 2748 1113 2782 unus.
1151 2727 1203 2780 Alii
1224 2727 1395 2796 captantem.“

358 2815 429 2868 Atd.
449 2814 536 2869 Man.
574 2813 711 2882 „Quidam
730 2813 873 2868 Lucullum
893 2828 919 2870 et
936 2815 1096 2870 Hortenium
1110 2827 1148 2869 est
1168 2815 1235 2868 alios
1253 2824 1346 2886 putant
1361 2812 1395 2863 in·

358 2901 527 2971 telligendos,
553 2921 621 2972 quos
636 2902 795 2971 piscinarios
816 2901 913 2955 Cicero
933 2905 953 2956 1.
971 2904 1004 2955 ad
1024 2903 1141 2956 Atticum
1162 2904 1226 2972 [Ep.
1246 2904 1290 2954 19.
1309 2911 1334 2953 et
1350 2897 1395 2963 ld]

358 3000 441 3042 vocat.
461 2988 522 3041 Vid.
538 2988 608 3043 Plin.
623 2986 670 3054 lx,
683 2992 726 3042 54.
744 3000 769 3041 et
785 3009 841 3060 seq.
866 2989 1022 3043 Macrobius
1033 2988 1078 3042 lll.
1098 2989 1234 3043 Saturnal.
1247 2991 1290 3042 15.
1308 2985 1394 3041 Ciett

359 3077 391 3128 ad
411 3075 851 3145 ltu.1.“xyst.sseruteius.
891 3076 1115 3144 [Vid..Plin.=lX.
1134 3075 1205 3129 Seet.
1226 3078 1283 3143 311]
1312 3073 1395 3141 „lllul-

359 3168 414 3216 lum
432 3162 528 3216 Graeci
547 3166 668 3233 τρίγλην,
693 3161 750 3217 ltali
770 3166 878 3233 trigue,
905 3164 976 3218 Galli
995 3166 1126 3217 surmulet
1156 3163 1302 3234 appellant.
1346 3160 1394 3213 Vid.

359 3252 458 3306 Camus
475 3253 502 3305 iu
521 3252 706 3305 animadverss.
724 3252 756 3303 ad
776 3252 886 3305 Aristot.
903 3253 936 3305 de
954 3252 1019 3307 tlis't.
1036 3250 1154 3304 Animal.
1180 3251 1213 3304 T.
1232 3250 1266 3304 ll.
1284 3271 1311 3321 p.
1327 3250 1394 3303 llll-‘¹

357 3344 462 3414 Wytt.
480 3371 514 3381 -
551 3339 651 3393 Mullus
675 3340 795 3393 marinus
812 3352 887 3395 tanto
905 3341 933 3394 in
952 3342 1039 3412 pretio
1065 3340 1115 3394 luit
1139 3339 1211 3410 apud
1240 3350 1352 3402 veteres,
1373 3345 1394 3387 ut

358 3431 463 3484 Asinius
481 3429 575 3495 Celer,
593 3429 633 3481 vir
651 3428 816 3494 Consularis,
837 3430 951 3482 mullum
971 3448 1056 3482 unum
1076 3439 1177 3499 septem
1196 3426 1316 3479 millibus
1328 3442 1393 3477 uum·

358 3537 431 3571 mum
449 3529 582 3571 mercatus
599 3517 645 3569 sit:
664 3528 692 3569 ut
710 3537 740 3569 er
761 3517 928 3571 Sammonici
947 3518 1076 3572 sententia
1094 3515 1252 3568 Macrobius
1269 3515 1338 3567 libro
1354 3510 1392 3563 Sa·

357 3619 427 3661 turn.
445 3605 489 3659 lll.
507 3606 598 3659 scribit
616 3617 676 3658 octo
698 3605 814 3659 millibus
839 3618 988 3660 nummum
1005 3606 1083 3658 luisse
1108 3616 1240 3675 emptum.
1291 3601 1324 3655 Et
1347 3597 1394 3651 tsi-

357 3696 430 3747 nium
451 3694 572 3747 Celerem
594 3691 695 3744 Caudio
715 3693 793 3746 luisse
813 3694 936 3765 principe
954 3694 1056 3748 Plinius
1074 3691 1119 3744 ait.
1163 3691 1300 3741 Mullulos
1318 3698 1392 3741 autem

357 3800 404 3852 per
423 3781 631 3833 deminutionem
652 3780 727 3845 dixit,
754 3781 792 3832 vel
813 3792 841 3836 ut
859 3794 964 3836 notaret
988 3782 1116 3835 maiorem
1143 3780 1262 3832 virorum
1283 3776 1393 3833 consula·

357 3868 426 3920 rium
446 3866 596 3931 stultitiam,
623 3867 661 3918 vel
681 3868 742 3938 quia
774 3869 799 3920 bi
820 3871 903 3940 pisces
923 3872 995 3940 parri
1014 3879 1084 3922 sunt.
1128 3868 1197 3921 Nam
1214 3868 1319 3921 Plinius
1336 3867 1393 3919 hunc

357 3957 455 4027 piscem
472 3974 525 4007 esse
545 3955 608 4008 dicit
627 3957 811 4026 magnitudine
830 3958 951 4024 modica,
977 3959 1054 4010 binas
1081 3956 1162 4009 libras
1186 3956 1315 4025 ponderis
1343 3970 1392 4004 raro

355 4045 538 4113 exsuperare.“
570 4042 642 4095 Frc.
662 4043 750 4114 Sylv.
770 4074 802 4083 -
855 4049 1084 4117 „Exceptantemr
1117 4044 1202 4111 Sunt,
1233 4045 1279 4097 ubi
1304 4044 1392 4113 legatur

355 4142 518 4201 captantem.
564 4130 616 4182 Sed
635 4151 680 4198 ea,
707 4152 787 4203 quam
808 4135 890 4186 secuti
911 4153 1018 4199 sumus,
1047 4133 1125 4187 lectio
1152 4153 1214 4187 cum
1244 4132 1304 4203 plus
1327 4125 1391 4183 babel

354 4218 514 4290 elegantiae,
534 4229 589 4271 tum
609 4238 705 4273 veroa
725 4222 808 4275 doctis
826 4223 901 4275 citari
921 4223 1015 4276 solet.“
1035 4224 1194 4277 Morisot.
1233 4225 1391 4289 „Exceptan-

354 4319 406 4358 tem
423 4308 440 4359 i.
461 4328 483 4360 e.
503 4326 580 4378 saepe
601 4309 759 4378 capientem.
777 4310 800 4361 F
808 4330 852 4364 rc.
871 4311 961 4382 Sylv.
1014 4367 1022 4382 ‚

425 4396 579 4448 barbatulos
600 4397 696 4449 mullos
715 4398 746 4447 de
762 4402 867 4467 piscina
886 4387 1090 4469 exceptantem]
1110 4402 1267 4454 Admodum
1279 4399 1391 4453 fluctuant

355 4481 380 4533 b.
401 4482 417 4534 Ι.
436 4483 495 4536 libri
518 4487 544 4536 in
566 4504 628 4538 voce
648 4486 780 4551 secunda;
800 4507 860 4542 nam
881 4491 953 4562 quod
973 4502 1011 4543 est
1029 4489 1159 4543 iuDrsd.
1176 4496 1202 4545 5.
1222 4487 1390 4543 barbatulus,
