3517 5450
351 695 425 768 266
465 789 468 795 Ι
685 718 856 765 PARAboxA
884 714 1077 764 srorronuu.

350 855 526 951 vitissimus
553 886 723 951 habendus
750 881 800 973 sit)
825 885 969 963 dubitet,
999 887 1078 966 quin
1112 887 1146 950 in
1173 887 1295 950 virtute
1321 885 1393 948 divi·

348 1023 414 1085 tiae
440 1024 528 1086 sinti
568 1025 724 1104 quoniam
751 1023 843 1086 uuita
869 1023 1053 1104 possessio,
1079 1025 1169 1087 nulia
1196 1025 1247 1086 vis
1275 1024 1346 1088 auri
1368 1028 1394 1083 et

301 1161 476 1240 inargenti
497 1162 621 1242 pluris,
658 1177 758 1241 quam
784 1162 906 1239 virtus,
946 1162 1149 1225 aestimanda
1174 1165 1234 1224 est
1299 1158 1392 1224 Odii

348 1296 562 1362 immortates!
598 1315 674 1361 non
690 1298 875 1379 intelligunt
908 1301 1077 1377 homines,
1109 1316 1209 1379 quam
1245 1316 1393 1379 magnum

347 1435 485 1514 vectigal
509 1435 551 1497 sit
576 1436 788 1515 parsimonia.
840 1437 1137 1511 Venioenimiam
1162 1436 1206 1498 ad
1228 1441 1393 1516 sumptuo-

348 1590 420 1636 sos:
446 1574 597 1653 relinquo
625 1572 722 1636 istum
750 1576 996 1653 quaestuosum.
1058 1571 1153 1653 Capit
1180 1572 1237 1635 iiie
1265 1589 1309 1635 ex
1333 1572 1391 1634 suis

347 1710 490 1793 praediis
515 1726 660 1774 sexcena
686 1710 852 1775 sestertia:
889 1726 951 1790 ego
978 1715 1114 1773 centena
1142 1726 1186 1772 ex
1213 1708 1317 1771 meis:
1343 1709 1392 1784 iiii,

236 1874 240 1879 ·
347 1856 463 1914 aurata
489 1853 575 1912 tecta
600 1849 633 1910 in
667 1848 751 1911 vitiis
787 1853 820 1912 et
849 1849 922 1912 sota
955 1864 1143 1913 marmorea
1179 1846 1331 1921 facienti,
1366 1847 1392 1907 et

346 1989 455 2068 signa,
482 1987 629 2065 tabulas,
656 1988 892 2068 supellectitem
915 1993 946 2051 et
970 1991 1094 2051 vestem
1120 1948 1250 2050 infinite
1277 2003 1391 2050 concu-

345 2126 498 2206 piscenti,
533 2142 601 2188 non
631 2123 733 2216 modo
758 2125 883 2191 fructus
909 2128 964 2191 iiie
991 2130 1040 2190 est
1066 2122 1109 2190 ad
1137 2129 1307 2207 sumptus,
1340 2125 1390 2189 sed

345 2263 442 2325 etiam
472 2262 512 2325 ad
549 2260 662 2338 fenus,
701 2264 849 2344 exiguus.
914 2263 965 2327 Ex
1005 2280 1081 2326 meo
1112 2263 1202 2326 tenui
1238 2263 1388 2341 vectigali,

344 2401 496 2464 detractis
519 2402 702 2483 sumptibus
729 2402 924 2482 cupiditatis,
952 2403 1076 2483 aliquid
1102 2403 1203 2465 etiam
1231 2403 1387 2495 redunda-

345 2541 400 2604 bit.
453 2540 530 2606 Uter
545 2542 644 2621 igitur
667 2544 715 2605 cst
741 2541 884 2617 divitior,
906 2542 959 2604 cui
978 2541 1078 2617 deest,
1100 2558 1143 2605 an
1160 2541 1213 2604 oui
1242 2539 1388 2620 superati

346 2682 401 2761 qui
427 2684 517 2761 eget,
551 2697 592 2743 an
627 2680 683 2761 qui
709 2678 878 2744 abundat?
918 2679 1011 2743 cuius
1038 2678 1223 2759 possessio,
1260 2695 1328 2759 quo
1351 2681 1390 2740 est

345 2820 470 2895 maior,
497 2835 538 2881 eo
566 2819 638 2898 pius
664 2819 801 2899 requirit
827 2818 869 2881 ad
894 2833 931 2880 se
954 2816 1128 2879 tuendam:
1155 2833 1198 2880 an
1227 2834 1315 2897 quae
1332 2817 1389 2879 suis

344 2971 380 3019 se
415 2955 538 3017 viribus
575 2954 735 3017 sustinet?
788 2952 852 3017 Sed
890 2953 969 3033 quid
1007 2970 1070 3032 ego
1106 2953 1147 3016 de
1180 2972 1238 3017 me
1268 2956 1387 3036 loquor,

347 3088 402 3169 qui
423 3103 555 3150 morum
582 3105 621 3150 ac
639 3091 826 3168 temporum
855 3088 935 3152 vitio
962 3089 1166 3168 aliquantum
1197 3092 1302 3154 etiam
1325 3094 1384 3171 ipse

344 3222 485 3285 fortasse
512 3222 546 3284 in
570 3221 667 3284 buius
693 3223 818 3286 saeculi
839 3240 954 3286 errore
981 3195 1119 3288 verser?
1159 3216 1204 3289 Μ’
1241 3210 1386 3292 Manilius

344 3363 474 3443 patrum
500 3363 691 3422 nostrorum
715 3361 877 3422 memoria
907 3354 959 3445 (ne
983 3377 1114 3441 semper
1127 3359 1258 3439 ‚Curios
1286 3369 1319 3427 et
1334 3364 1386 3427 Lu-

345 3498 455 3561 scinos
473 3494 660 3586 loquamur)
685 3516 812 3579 pauper
828 3499 961 3563 tandem
987 3499 1065 3562 fuit:
1091 3499 1208 3564 babuit
1233 3502 1323 3566 enim
1343 3518 1387 3565 ae-

345 3637 471 3702 dicuias
496 3638 530 3701 in
558 3635 704 3715 Carinis,
732 3642 764 3700 ct
790 3638 928 3701 fundum
954 3639 988 3700 in
1013 3638 1189 3703 Labicano.
1244 3641 1314 3706 Nos
1339 3639 1387 3719 igi-

346 3781 399 3838 tur
425 3776 612 3851 divitiores,
644 3777 699 3856 qui
725 3776 820 3857 plura
847 3774 1029 3840 babemus?
1081 3776 1216 3842 Utinam
1246 3774 1386 3860 quidem!

346 3911 411 3976 Sed
433 3927 501 3974 non
526 3910 754 3976 aestimatione
781 3928 910 3988 census,
936 3928 1052 3976 verum
1078 3912 1166 3977 victu
1183 3918 1287 3995 atque
1312 3914 1386 3978 cuitu

345 4048 538 4113 terminatur
564 4049 723 4129 pecuniae
749 4049 877 4113 modus.
930 4047 1004 4113 Non
1037 4064 1109 4111 esse
1144 4049 1306 4131 cupidum
1340 4066 1386 4130 ps·

346 4187 442 4250 cunia
468 4190 535 4249 est:
557 4202 624 4249 non
651 4204 723 4249 esse
750 4202 898 4249 emacem
919 4184 1057 4264 vectigal
1084 4187 1143 4247 est
1199 4184 1384 4251 Contentum

347 4340 425 4386 vero
453 4322 519 4385 suis
546 4323 645 4385 rebus
672 4339 744 4385 esse
767 4323 933 4386 maximae
961 4326 1035 4385 sunt
1058 4320 1331 4402 certissimaeque
1347 4318 1385 4381 di·

348 4456 454 4526 vitiae.
505 4456 633 4521 Etenim
661 4458 689 4520 si
712 4458 763 4520 isti
790 4459 899 4522 callidi
925 4474 1035 4522 rerum
1050 4458 1285 4523 aestimatores
1311 4458 1386 4540 prata
