3517 5450
359 699 431 773 126
681 724 853 772 raninoxi
881 723 1074 772 simeones.

356 887 429 953 ris].
448 903 509 936 sane
528 903 580 954 qua
602 901 708 935 sensum
729 882 844 949 [volebat
864 883 937 954 quod
956 884 1127 950 adsensum]
1153 893 1241 954 potest
1266 894 1384 957 utrumqne

357 974 460 1026 abesse:
479 971 523 1024 sed
543 969 688 1040 elegantius
705 982 744 1024 est
763 972 870 1040 culpam
889 989 950 1025 cum
969 970 1014 1024 tali
1033 970 1159 1024 adiuncto
1189 991 1204 1023 e
1232 972 1309 1025 verbe
1325 991 1382 1042 supe

357 1061 450 1115 riori.“
468 1060 546 1112 Ern.
582 1057 700 1111 Servavit
719 1069 808 1111 tamen
828 1059 856 1111 in
876 1059 1004 1112 contextis
1022 1057 1087 1110 Ern.
1113 1058 1282 1110 transeundi.
1322 1058 1383 1111 Dele-

357 1159 451 1201 verunt
479 1146 529 1201 boc
552 1146 729 1217 gerundium,
757 1157 817 1216 post
842 1145 1002 1211 Graerinm,
1031 1145 1199 1199 Facciolatus
1222 1147 1280 1216 (sed
1306 1146 1329 1199 in
1348 1144 1383 1197 Ed.

356 1237 442 1308 prima
460 1233 582 1302 servarit)
603 1245 630 1287 et
647 1231 697 1287 Or.
715 1231 904 1299 Gernliardus‚
932 1233 978 1305 qui
996 1233 1060 1287 nihil
1080 1253 1209 1300 monens,
1234 1246 1304 1288 certe
1320 1234 1384 1288 Grae-

356 1324 405 1389 vii,
422 1321 566 1377 Facciolati
583 1321 644 1392 (qui
662 1321 753 1392 inepte
769 1321 829 1374 addi
849 1322 883 1375 ab
899 1321 955 1374 aliis
982 1323 1141 1374 transeundi
1160 1321 1237 1390 dixit)
1261 1333 1287 1375 et
1304 1319 1384 1375 Ernesti

356 1411 461 1465 iudiciis
477 1409 542 1462 nihil
561 1410 594 1461 de
613 1428 661 1461 suo
682 1407 782 1461 addens
806 1408 925 1466 ediderat
944 1408 1090 1480 vulgatam,
1119 1409 1147 1462 in
1175 1410 1312 1464 Addendis
1330 1410 1384 1463 iuter

356 1499 432 1552 uncis
450 1497 551 1552 includi
570 1495 635 1548 illud
655 1494 834 1562 Gerundium‚
853 1496 996 1568 additque:
1015 1496 1109 1563 „ldem
1124 1494 1382 1554 statuerar'rhssentt

354 1590 384 1641 in
403 1586 486 1651 notis,
504 1585 550 1637 sed
568 1584 596 1636 in
615 1583 847 1637 emendationibus
865 1584 974 1637 mutavit
992 1586 1159 1639 sententiam.
1196 1589 1232 1639 At
1250 1581 1384 1659 transcend

356 1676 436 1744 culpa
455 1672 566 1744 intelligi
584 1673 658 1726 iubet
676 1671 746 1725 alind
760 1671 855 1743 cnlpae
874 1691 960 1743 genus
978 1672 1069 1726 abillo
1083 1673 1310 1744 distinguendum,
1326 1689 1384 1744 prae

357 1775 397 1816 ter
415 1761 487 1833 quod
504 1759 588 1814 Stoici
606 1769 706 1831 negant
724 1779 778 1813 esse
802 1760 926 1814 alterum.
973 1761 1099 1826 Accedit,
1126 1761 1218 1832 quod,
1247 1760 1384 1834 praecede*

356 1851 425 1904 tibus
437 1849 522 1902 verbis
534 1867 591 1901 cum
605 1848 685 1900 seriel
698 1849 847 1913 transieris,
866 1849 918 1904 hoc
929 1848 1099 1902 Gerundium
1113 1860 1151 1902 est
1169 1849 1329 1902 molestius.“
1343 1847 1384 1901 ttr

427 1939 465 1989 ad
491 1937 642 2009 aagendam
676 1936 795 2005 culpam]
832 1936 924 1990 Deleri
955 1957 1017 1991 cum
1047 1934 1097 1990 Or.
1122 1937 1309 2006 interpositum
1336 1933 1384 1989 ilo«

356 2025 523 2079 transeundi.
560 2023 632 2077 Dixit
652 2021 761 2095 quidem
780 2023 863 2094 Borg.
890 2023 995 2094 placere
1021 2025 1070 2077 sibi
1089 2023 1195 2077 Ernesti
1225 2026 1384 2078 coniectum!

355 2113 537 2168 transeuntis:
565 2111 693 2183 quoniam
716 2110 859 2183 Participia
890 2112 1037 2166 alibrariis
1064 2131 1143 2183 saepe
1169 2123 1349 2183 permutantur
1364 2109 1384 2163 ir

357 2202 504 2258 Gerundia.
551 2200 611 2253 Vid.
630 2196 770 2252 Ruhnken.
788 2200 821 2252 ad
839 2200 922 2255 Rutil.
939 2201 1007 2273 Lup.
1033 2222 1061 2272 p.
1078 2205 1104 2254 4.
1130 2202 1212 2255 Coris.
1232 2202 1265 2254 de
1282 2200 1384 2253 Senw

357 2288 394 2359 [fi.
413 2292 470 2359 ἵ4.]
489 2288 535 2342 ubi
553 2287 619 2339 Ern.
639 2307 668 2340 ex
688 2286 754 2339 Cod.
773 2287 829 2341 Eri.
848 2308 899 2359 pro
916 2290 1044 2342 moriendi
1061 2288 1174 2342 restituit
1192 2289 1325 2340 morienti:
1341 2291 1384 2338 Ina

355 2397 450 2431 sensus
469 2377 632 2428 morienti
650 2375 751 2446 aliquis
761 2394 817 2426 esse
833 2384 948 2445 potest.“
985 2376 1038 2430 Sed
1052 2376 1155 2429 Ernest.
1169 2376 1236 2430 haec
1255 2375 1383 2431 coniector¹

356 2468 409 2520 iam
429 2465 540 2518 refutata
560 2472 597 2516 est
620 2481 634 2514 a
654 2460 815 2523 Gernhardo
841 2463 874 2515 ad
902 2463 977 2516 illum
1007 2464 1093 2535 ipsum
1113 2465 1224 2517 Catonis
1253 2483 1288 2516 m.
1306 2463 1384 2516 locum

357 2573 444 2625 neque
457 2571 515 2605 eam
527 2550 628 2604 curavit
640 2549 669 2601 in
684 2568 730 2601 sua
745 2549 860 2602 editione
877 2550 909 2603 R.
928 2551 1044 2605 Klotzi
1053 2572 1098 2606 us.
1126 2552 1226 2605 Nostro
1236 2564 1322 2606 autem
1334 2551 1384 2605 loct

357 2660 520 2714 quamquam
540 2652 595 2693 non
614 2637 704 2708 inepte
723 2637 867 2691 adderetur
886 2640 1062 2703 transeuntis,
1086 2639 1151 2692 mibi
1171 2651 1261 2693 tamen
1279 2639 1383 2693 ahiieicn

357 2731 421 2783 dum
441 2732 523 2782 visum
542 2739 579 2781 εει
598 2727 663 2780 illud
683 2724 851 2794 vocabulum,
872 2728 945 2801 quod
957 2728 1062 2783 uncinis
1079 2728 1186 2782 inclusit
1200 2727 1383 2782 iubenteGern

357 2819 440 2873 bardo
465 2816 593 2870 Nobbius.
641 2814 723 2869 Abest
750 2816 822 2868 enim
848 2818 1009 2869 transeundi
1032 2816 1111 2869 etiam
1139 2836 1154 2868 a
1179 2816 1249 2869 Cod.
1276 2814 1384 2869 Gudt·

357 2906 385 2958 in
405 2902 490 2957 Codd.
510 2903 589 2955 Drsd.
609 2906 634 2955 1.
652 2913 677 2956 ει
695 2906 721 2957 3.
740 2903 844 2955 inverso
864 2903 959 2956 ordine
980 2904 1104 2958 scribitur
1114 2905 1222 2973 culpam
1241 2900 1384 2956 transcend

357 2994 473 3064 denique
492 2992 519 3044 in
539 2988 607 3044 Cod.
627 2992 684 3043 Cri.
703 2994 728 3043 2.
750 2992 784 3044 ita
805 2991 937 3045 intrusum
955 3003 994 3045 est
1012 2992 1098 3045 alieno
1117 2991 1193 3059 loco,
1221 3002 1251 3045 ut
1269 2990 1384 3044 manifest·

358 3090 484 3151 appareat
503 3077 615 3149 glossam
637 3097 651 3129 e
671 3077 792 3148 margine
811 3079 838 3131 in
854 3090 1005 3133 contextum
1024 3080 1159 3150 irrepsisse
1177 3100 1338 3134 sermonem:
1360 3094 1384 3131 ct

357 3167 429 3220 enim
448 3166 498 3219 ibi:
518 3166 555 3215 od
572 3165 723 3236 aagendam
741 3164 848 3234 culpam
866 3166 936 3217 nihil
949 3168 1068 3234 pertinet
1087 3170 1308 3222 transeundi.
1329 3166 1381 3220 Mr-

426 3260 542 3307 Peceore
559 3262 628 3304 certe
647 3252 709 3303 licet
728 3253 844 3322 nemini]
883 3253 971 3319 „cod
1000 3253 1138 3308 Pithoeen.
1188 3257 1277 3324 Quia
1299 3270 1384 3326 peceat

357 3345 452 3394 certer⁸
471 3339 588 3393 Graev.
626 3338 781 3405 „Sententia
806 3335 964 3399 diviniores
982 3352 1007 3394 et
1032 3353 1103 3395 extra
1122 3361 1233 3395 omnem
1252 3355 1384 3398 controrer

356 3431 438 3495 siam,
464 3430 508 3482 sed
533 3424 744 3498 ἅπροςδιόνυσος.
799 3427 866 3480 Nam
895 3448 1017 3499 peccasse
1043 3448 1122 3494 eum,
1156 3431 1202 3501 qui
1229 3431 1297 3485 duos
1318 3444 1384 3503 passv

356 3517 488 3572 transierit
511 3517 609 3581 lineas,
635 3516 800 3569 conceditur.
845 3516 875 3568 ld
900 3528 989 3572 autem
1014 3518 1166 3588 quaeritur,
1195 3539 1231 3572 an
1249 3520 1305 3573 eins
1320 3531 1384 3572 trani

356 3605 454 3677 gressio
472 3616 544 3659 tanta
561 3605 608 3669 sit,
627 3616 726 3674 quanta
746 3603 829 3668 iltius,
850 3604 896 3675 qui
916 3605 1045 3658 ducentos
1064 3606 1236 3676 processit?“
1254 3606 1286 3659 H.
1304 3602 1375 3660 Wol

357 3694 434 3760 „Hoc
453 3712 501 3764 per
519 3711 547 3745 se
565 3702 657 3763 aptum
678 3702 704 3745 ει
722 3692 895 3763 perspicuum
915 3693 1021 3747 subiicit
1039 3692 1134 3746 Cicero
1153 3693 1249 3747 callide
1272 3706 1298 3748 et
1314 3702 1384 3746 orato

357 3782 410 3845 rie,
431 3779 505 3851 quasi
524 3779 557 3831 ad
576 3778 722 3831 sanandam
748 3780 868 3849 proxime
894 3780 1073 3834 antecedentis
1097 3779 1161 3834 dicti
1186 3781 1384 3835 absurditatem·'

357 3871 465 3941 Wytt.
502 3866 569 3920 cod.
594 3867 672 3920 Drsd.
691 3871 716 3920 4.
742 3866 821 3921 habet
850 3870 950 3920 nernim'
974 3869 1046 3922 licet.
1094 3867 1186 3939 Pergit
1217 3868 1285 3923 Cod.
1312 3860 1384 3921 ouis}

357 3956 537 4027 Quicquid
560 3966 651 4007 aurem
675 3957 816 4012 nonlicet.
863 3956 986 4027 Sequens
1010 3957 1040 4006 id
1064 3955 1138 4009 abest
1162 3975 1177 4008 a
1203 3954 1271 4010 Cod.
1299 3950 1384 4008 suerii

358 4056 382 4097 et
409 4063 464 4095 uno
482 4042 552 4095 Aldi.
577 4042 643 4096 Cod.
672 4043 723 4097 Ox.
740 4043 772 4097 E.
805 4064 867 4098 cum
886 4044 966 4097 Drsd.
986 4048 1011 4097 2.
1037 4042 1136 4097 liabent
1158 4044 1189 4094 id
1215 4046 1249 4096 in
1273 4046 1320 4096 lioe
1340 4051 1384 4093 unt

355 4131 437 4186 Drsd.
456 4134 482 4184 1.
501 4135 525 4186 3.
545 4132 593 4183 Ιιοε
611 4151 664 4183 uno
681 4132 717 4186 id.
744 4131 826 4189 eud.
846 4132 880 4185 A.
904 4142 1012 4183 tenetur
1036 4151 1097 4185 nno.
1143 4131 1223 4187 Unus
1242 4133 1301 4186 Atdi
1325 4127 1384 4183 habt

355 4223 391 4273 in
409 4221 458 4271 doe
477 4240 545 4282 uno,
564 4218 662 4271 omisso
680 4220 716 4272 id.
754 4219 813 4272 Mr.

429 4308 609 4373 [dhonene]
646 4305 733 4372 „Tota
762 4307 817 4360 eius
842 4308 883 4360 sis
907 4318 933 4360 et
953 4308 1020 4361 ratio
1044 4307 1070 4358 in
1100 4306 1153 4362 hoc
1177 4309 1257 4362 unice
1282 4294 1384 4362 canosiniil

359 4394 410 4448 Alii
429 4394 525 4447 tollunt
544 4398 620 4445 urio.“
638 4392 735 4447 Face.
773 4393 850 4463 Quos
868 4394 941 4447 dicat
957 4414 1010 4447 uno
1029 4393 1136 4458 tollere,
1152 4416 1209 4449 non
1228 4396 1308 4450 rideo.
1331 4380 1384 4444 Edi·

359 4492 445 4547 certe,
466 4501 533 4552 quae
551 4480 584 4534 ad
604 4499 714 4533 manum
730 4492 805 4547 sunt,
825 4500 918 4534 ornnes
937 4480 1035 4535 babent
1054 4500 1113 4535 eam
1132 4501 1241 4538 vocem:
1266 4500 1312 4536 nec
1328 4465 1381 4528 mul·
