3517 5450
664 709 872 775 ⁴teissioouou
892 711 912 755 ι.
941 713 1009 757 ιιι.
1030 713 1077 758 ιιι.
1360 691 1407 764 83

358 869 431 921 verba
451 867 560 923 conten
579 867 660 939 Borg.
680 868 735 921 cie.
754 868 781 920 in
801 866 859 922 Cat.
880 870 912 934 ΙΙ,
932 873 963 922 1:
991 872 1066 918 luce!
1092 868 1137 921 ille
1158 888 1228 920 stunc
1244 883 1408 940 prostratus,

355 987 386 996 -
404 966 430 1007 et
450 975 479 1007 se
498 984 533 995 -
553 954 686 1007 obiectum
710 973 765 1007 esse
792 958 883 1010 sentit.
931 955 971 1008 nd
994 957 1151 1010 sententiam
1177 959 1262 1028 magis
1286 962 1409 1015 convenit

354 1045 385 1097 de
400 1042 482 1096 Finn.
501 1042 535 1108 V,
555 1046 598 1107 22,
618 1042 663 1096 ubi
682 1041 833 1115 iunguntur
851 1042 984 1096 abiectum
1003 1055 1028 1098 et
1047 1046 1154 1101 lrurnile.
1174 1056 1199 1100 et
1218 1046 1251 1099 de
1266 1046 1315 1102 Or.
1325 1048 1408 1114 11,51,

353 1132 397 1186 ubi
418 1132 489 1186 iuxta
509 1141 650 1209 ponuntur
663 1141 821 1200 prostratus
850 1142 876 1184 et
900 1130 1029 1199 afflictus.
1081 1131 1130 1184 Ed.
1157 1132 1219 1186 Par.
1245 1153 1264 1186 s.
1284 1153 1307 1187 a.
1329 1136 1407 1188 omit-

355 1221 383 1273 tit
402 1230 437 1277 ee.
476 1216 538 1272 Me.

422 1317 456 1359 ut
474 1305 547 1358 nihil
565 1307 635 1359 iuter
661 1317 687 1357 te
713 1315 802 1387 atque'
823 1307 1021 1379 quadrupedem
1047 1307 1178 1380 aliquam]
1206 1313 1300 1373 „Inter
1323 1324 1351 1364 te
1375 1326 1409 1365 et

353 1394 450 1467 quadr.
470 1394 509 1448 sie
528 1413 631 1448 novem.
668 1397 744 1446 Inter
763 1406 789 1445 te
809 1407 914 1468 etque
933 1396 1049 1469 quade,
1069 1404 1178 1467 septem.
1215 1401 1290 1449 Inter
1307 1410 1342 1462 te,
1360 1403 1408 1453 in-

353 1494 406 1536 ter
425 1482 524 1557 quadr.
548 1483 629 1536 duo.“
654 1481 727 1536 ΑΜ.
751 1484 879 1538 Manat.
924 1484 996 1537 idem
1022 1483 1104 1537 edidit
1132 1485 1330 1555 quadrupedem
1355 1488 1408 1540 ali-

352 1590 460 1644 quem,
479 1589 542 1626 cum
561 1568 611 1624 hae
630 1569 814 1624 annotatione:
844 1570 993 1644 „Aliquem
1018 1573 1091 1626 abest
1113 1591 1127 1624 a
1147 1591 1197 1626 see.
1240 1575 1408 1647 Aliquando,

352 1679 428 1713 unus.
466 1658 611 1730 Aliquam,
630 1669 690 1713 tres.
711 1658 791 1713 Male.
829 1661 1051 1730 Quadrupedem:
1078 1659 1208 1731 Voluptas
1226 1660 1327 1716 homini
1345 1684 1406 1718 cum

351 1746 440 1800 bestiis
458 1748 611 1800 communis
629 1750 695 1801 est.“
714 1778 748 1786 —
774 1745 874 1814 „Nolui
894 1749 967 1802 abire
986 1767 1001 1801 a
1020 1746 1156 1814 Palatinis,
1176 1751 1329 1820 praesertim
1345 1771 1406 1806 eum

352 1836 388 1888 sic
418 1855 528 1908 quoque
557 1836 670 1889 ediderit
692 1835 841 1900 Victorius,
875 1836 924 1888 nlsi
957 1836 1029 1908 quod
1058 1835 1193 1907 repetierit
1217 1837 1304 1893 iuter.
1329 1839 1407 1894 nimis

352 1922 443 1977 odiose
461 1924 507 1991 [an
525 1921 609 1977 voluit
626 1924 708 1976 otiose
727 1922 891 1990 scribere?],
911 1941 974 1976 cum
994 1924 1081 1977 statim
1099 1935 1256 1995 sequeretur
1272 1925 1406 1983 iuteresse.

352 2011 461 2083 Vulgati
480 1996 564 2083 atque
581 2013 676 2064 inter
689 2009 891 2083 'quadrupedem
906 2010 1048 2082 aliquid
1062 2020 1151 2080 putes.
1188 2009 1347 2064 Gulielmius
1361 2035 1408 2066 vo·

340 2100 400 2159 ¹luit
418 2098 547 2172 exprimis
573 2099 644 2150 iuter
663 2098 862 2171 quadrupedem
879 2098 979 2150 dieas
997 2098 1138 2160 interesse,
1162 2097 1214 2150 fide
1243 2099 1309 2153 cod.
1328 2099 1407 2153 Mau-

352 2186 464 2252 riciani,
484 2183 558 2258 quod
577 2204 631 2239 non
652 2186 689 2239 s'ie
716 2196 842 2257 putarent
867 2185 1061 2251 tautum,‘sed
1087 2185 1221 2251 dicerent,
1245 2206 1306 2241 cum
1332 2189 1408 2242 volu-

352 2287 452 2347 ptatem
472 2284 545 2329 arcte
570 2271 771 2328 defenderent.“
797 2273 938 2329 Gruter.
982 2273 1039 2337 „Ut
1055 2272 1191 2328 Victorius
1215 2277 1311 2346 repetit
1329 2276 1408 2340 inler,

351 2363 388 2417 sie
407 2374 432 2416 et
451 2362 569 2434 [angius
587 2382 648 2417 cum
668 2363 845 2426 membranis;
874 2374 900 2418 et
917 2363 1010 2435 utique
1035 2372 1107 2433 patet
1125 2360 1271 2417 Gulielmio
1290 2363 1361 2416 idem
1379 2365 1407 2417 in

351 2448 457 2503 MSStis
475 2451 621 2505 inventum.
660 2449 717 2504 Cur
741 2451 822 2522 igitur
847 2451 1000 2507 deleretur?
1036 2451 1168 2505 Gruterus
1193 2471 1275 2523 quum
1304 2453 1409 2506 odiosas

353 2539 474 2607 [otiosas]
493 2537 664 2610 repetitiones
681 2538 776 2606 iactat,
797 2539 917 2611 loquitur
935 2558 964 2592 ex
983 2557 1033 2592 suo
1052 2558 1140 2592 sensu.
1185 2539 1290 2593 Tullius
1308 2541 1408 2612 ubique

352 2627 389 2680 sic
407 2625 512 2680 iteravit
529 2627 733 2698 'praepositionis
753 2646 840 2690 usum,
860 2638 889 2680 ut
902 2627 1015 2680 vidimus
1029 2627 1153 2698 passim.“
1172 2626 1320 2680 Gronov.
1340 2629 1409 2696 [De-

353 2713 390 2768 dit
419 2713 549 2767 nimirum
575 2712 661 2769 Gron.
687 2727 771 2788 atque
796 2716 891 2769 inter
917 2717 975 2789 qu]
1017 2714 1162 2782 Graevius,
1186 2716 1271 2769 eiecto
1295 2717 1409 2786 repetito
1469 2727 1472 2731 '

352 2804 438 2870 inter,
458 2804 541 2857 refert
559 2805 586 2856 in
606 2801 675 2859 Edd.
694 2823 762 2858 esse:
787 2815 818 2856 ut
836 2802 907 2855 nteit
922 2804 994 2856 iuter
1018 2814 1046 2855 te
1065 2814 1149 2876 atque
1166 2804 1263 2855 inter
1286 2806 1409 2876 quadru-

351 2892 443 2961 pedem
463 2889 607 2962 aliquid
620 2902 701 2961 putes
720 2894 862 2953 interesse;
882 2892 951 2946 Pub.
966 2904 992 2947 et
1003 2891 1036 2945 al.
1051 2890 1111 2945 MS.
1124 2902 1156 2944 ut
1172 2892 1319 2944 nihiliuter
1332 2904 1358 2943 te
1375 2904 1406 2944 et

353 2979 553 3050 quadrupedem
572 2980 716 3052 aliquid
731 2983 998 3050 putesiuteresse.-
1016 2979 1167 3050 Repetitum
1180 2978 1245 3031 iilud
1264 2981 1335 3031 inter
1353 3000 1407 3034 non
1511 2980 1513 2987 ’

353 3067 452 3120 habent
462 3064 548 3119 codd.
564 3064 629 3121 Ors.
648 3085 742 3121 omnes
760 3069 898 3141 (septem),
916 3067 996 3123 Drsd.
1015 3071 1040 3121 1.
1058 3066 1117 3120 Cre.
1130 3070 1155 3121 1.
1170 3072 1194 3120 2.
1207 3070 1232 3122 3.
1252 3065 1323 3119 Gud.
1335 3068 1407 3123 Α.Β.

352 3155 448 3209 Duisb.
468 3154 576 3208 Suerin.
589 3154 653 3210 Bas.
671 3155 738 3211 Edd.
757 3156 832 3210 Man.
850 3156 943 3228 Magn.
961 3157 1113 3210 Asettffl.
1131 3153 1210 3207 Grut.
1230 3152 1326 3207 Graev.
1345 3154 1409 3208 Ern.

352 3242 440 3296 Wetz.
453 3240 535 3315 Borg.
546 3241 647 3296 Gernh.
655 3242 743 3298 Nobb.
753 3242 803 3298 Or.
841 3243 895 3298 Pro
914 3243 1106 3315 atquehabent
1123 3253 1151 3294 et
1169 3241 1281 3296 Gudu.
1298 3244 1409 3311 (omisso

354 3332 392 3399 te)
411 3328 443 3383 B.
462 3328 521 3383 Cre.
540 3333 563 3383 1.
585 3335 610 3384 2.
625 3323 720 3387 Gueli.
738 3330 821 3385 Bern.
857 3334 888 3384 ln
907 3330 987 3383 Drsd.
1000 3333 1025 3384 3.
1042 3330 1172 3400 seriptum
1192 3340 1230 3382 est
1246 3339 1274 3380 et
1288 3331 1409 3399 quadru-

351 3420 444 3489 pedem
464 3418 474 3467 i
480 3427 560 3469 nter
578 3418 709 3490 aliquam.
752 3420 835 3473 Abest
854 3420 926 3471 inter
949 3418 978 3471 in
1005 3417 1204 3471 constructione
1224 3414 1357 3469 simillima
1376 3416 1409 3468 de

353 3505 412 3560 Oli.
423 3505 444 3570 l,
463 3510 494 3561 4:
512 3507 589 3557 Inter
607 3506 736 3558 hominem
753 3517 780 3557 et
799 3506 904 3559 beluam
922 3505 972 3555 leae
989 3509 1024 3543 -ἑ-
1043 3505 1163 3555 iuteresl.
1200 3502 1295 3568 Locos,
1312 3502 1409 3573 quibus

355 3592 504 3665 repetitur,
523 3593 573 3646 vid.
591 3592 618 3646 in
641 3593 759 3666 Zumptii
778 3592 901 3648 Gramm.
920 3595 978 3649 Lat.
996 3590 1020 3665 fi.
1039 3595 1101 3646 145.
1148 3591 1231 3644 Recte
1249 3601 1342 3644 monet
1359 3589 1409 3646 Or.

355 3681 387 3734 ad
413 3681 511 3734 Tusce.
531 3681 579 3746 IV,
596 3684 644 3747 14,
665 3685 714 3735 32:
747 3680 870 3736 Omnino
900 3680 1024 3737 iteratum
1054 3681 1092 3731 vix
1119 3679 1209 3733 locum
1234 3677 1314 3732 habet
1338 3679 1409 3749 apud

355 3766 427 3837 Cio,
447 3767 499 3822 nisi
518 3768 565 3822 ubi
585 3769 712 3824 voeaboia
732 3770 834 3844 aliquot
853 3773 1072 3843 interponuntur.
1108 3768 1167 3821 Me.

427 3856 628 3929 quadrupedem
648 3858 808 3930 aliquam
825 3863 907 3928 putes
925 3859 1063 3925 interesse]
1082 3857 1222 3928 Aliquam,
1241 3857 1314 3927 quod
1333 3872 1411 3926 repe-

354 3957 426 3999 rerat
444 3937 627 3998 sialitanus
646 3938 674 3998 in
694 3946 778 3999 tribus
795 3947 862 4011 suis,
883 3957 963 4018 atque
981 3945 1117 3999 immerito
1136 3944 1350 4017 improbaverat,
1374 3951 1411 3994 est

353 4034 381 4086 in
401 4031 469 4085 ou.
487 4029 520 4084 N.
537 4030 573 4084 U.
592 4052 617 4101 q.
637 4050 661 4086 σ.
682 4032 740 4086 Cre.
763 4039 786 4087 2.
813 4033 892 4086 Drsd.
911 4036 937 4087 1.
955 4038 981 4086 2.
1001 4036 1026 4087 3.
1045 4032 1139 4085 Duisb.
1181 4030 1231 4085 Hie
1257 4042 1345 4084 autem
1371 4028 1412 4080 di-

354 4120 526 4175 stinctionem
546 4119 625 4174 habet
643 4119 729 4174 hanc:
749 4121 845 4193 quadr.
866 4122 987 4193 aliquam
1011 4129 1093 4190 putes
1111 4122 1237 4172 interesse
1262 4119 1411 4189 quicquam.

353 4214 460 4263 Bonum
486 4217 529 4259 est
548 4237 591 4261 -.
628 4209 732 4262 Vocem
758 4209 880 4282 aliquem
914 4208 1042 4262 omittunt
1067 4205 1153 4259 Codd.
1178 4204 1249 4257 Gud.
1267 4203 1299 4255 A.
1324 4202 1373 4255 Οι.
1393 4201 1411 4255 Ι.

352 4299 432 4372 Drsd.
451 4301 478 4351 5.
497 4294 566 4348 Edd.
583 4296 677 4364 Lamb.
697 4294 782 4350 Sullr.
800 4297 873 4350 Petr.
894 4308 920 4350 et
939 4294 1096 4349 coteste.
1115 4292 1175 4346 Asc.
1187 4294 1265 4346 1511.
1284 4288 1412 4343 uwotf.

351 4388 441 4443 Bentl.
479 4383 546 4438 Eius
563 4384 623 4439 loco
643 4396 682 4439 est
700 4386 816 4456 aliquem
836 4385 880 4452 (ut
899 4384 1009 4437 edidisse
1037 4401 1065 4435 ex
1091 4381 1193 4452 aliquot
1218 4378 1272 4431 suis
1301 4377 1413 4429 diximus

351 4475 453 4529 Aldum
483 4470 601 4540 Manat.)
627 4472 655 4525 in
681 4470 767 4528 Codd.
797 4471 904 4525 Suerin.
929 4471 1009 4525 Drsd.
1027 4474 1054 4523 4.
1082 4467 1149 4521 lidd.
1172 4465 1256 4518 Wete.
1285 4477 1311 4518 et
1336 4464 1411 4519 Solu.

1075 4555 1123 4630 6*
