3517 5450
517 742 755 792 ruomuottuttn
782 744 824 790 tu
849 743 1017 792 CICERONIS
1046 745 1231 793 ruttuoxt.
1310 745 1400 792 xxvtt

428 904 476 957 iam
496 903 631 958 videamus
649 904 773 974 deinceps
791 905 824 957 ds
843 904 888 970 iis,
907 923 976 975 quae
994 923 1074 975 supra
1095 905 1231 959 tractanda
1257 907 1402 977 posuimus,

374 994 438 1065 posita
454 994 491 1045 W
497 992 721 1064 yttenbacbii
740 994 919 1064 disputatione
938 993 1011 1065 quasi
1030 993 1215 1048 fundamento.
1251 994 1284 1048 Et
1302 995 1335 1048 de
1354 1015 1402 1046 uo-

374 1086 425 1134 nim
439 1082 545 1155 quidem
564 1081 780 1147 Paradoxorum,
800 1081 875 1134 cuius
893 1092 988 1134 auctor
1005 1081 1090 1134 sertor
1108 1081 1184 1136 Zeno
1202 1080 1327 1148 Cittieus,
1347 1082 1403 1153 pri·

373 1189 429 1222 mum
444 1182 535 1224 monet
553 1169 643 1223 Fran
653 1189 675 1223 c.
694 1168 789 1239 sytvi
801 1189 850 1234 us,
869 1169 950 1223 fuisse
966 1170 1044 1224 etiam
1061 1169 1205 1223 Hecatonis
1216 1169 1298 1224 Stoici
1318 1171 1401 1224 libros

373 1259 397 1311 de
410 1258 550 1323 Paradosis,
568 1258 678 1330 eiusque
696 1257 785 1328 operis
804 1258 901 1312 librum
920 1258 1027 1312 tertium
1047 1257 1148 1311 laudari
1163 1258 1403 1329 aDiogeneLatir·

374 1347 524 1412 1i0,L.vtt.
544 1349 617 1414 [124.
637 1365 662 1416 p.
679 1349 742 1400 443.
762 1346 802 1399 ed.
822 1345 975 1399 Meibomii:
994 1346 1119 1400 laudatur
1136 1364 1198 1398 sero
1209 1346 1245 1398 ibi
1265 1364 1320 1397 non
1335 1344 1402 1397 iiber

373 1436 455 1501 tertius,
474 1435 519 1487 sed
538 1434 629 1489 tertius
648 1434 788 1502 decimus].
826 1433 867 1486 De
887 1435 996 1488 nomine
1015 1445 1103 1488 autem
1122 1435 1181 1506 ipso
1200 1433 1402 1488 ttvvottius

373 1523 428 1575 etC.
445 1523 715 1594 Morgenstern„
746 1522 819 1593 quod
845 1523 943 1577 dicitur
972 1524 1005 1577 de
1029 1525 1124 1590 rebus,
1150 1542 1218 1596 quae
1243 1535 1304 1576 sunt
1330 1523 1402 1594 nupsi

373 1610 408 1680 τήν
422 1619 468 1664 τῶν
486 1614 588 1664 πολλῶν
605 1608 699 1676 δόξαν,
717 1610 825 1664 laudant
843 1610 954 1665 Suidam
974 1613 1029 1683 (ed.
1046 1611 1171 1678 Kusteri,
1191 1609 1302 1663 Votttt.
1313 1611 1403 1682 pto),

374 1703 407 1771 qui
422 1701 526 1772 explicat
551 1697 762 1770 inpaedixpcns,
787 1698 960 1767 θαυμαστόν,
987 1720 1096 1772 prorsus
1122 1711 1151 1753 ut
1171 1701 1227 1771 ipsc
1253 1697 1349 1752 Cicero
1375 1699 1402 1752 in

373 1788 492 1844 Prooemio
511 1788 712 1842 Paradonorum
731 1789 817 1858 (conf.
837 1789 870 1842 de
889 1789 968 1842 Finn.
988 1790 1033 1856 IV,
1054 1795 1096 1857 tt,
1123 1793 1182 1861 tt.)
1200 1812 1271 1863 quae
1287 1824 1320 1835 -
1338 1807 1403 1847 sunt

372 1877 583 1930 admirabilia
601 1887 747 1949 contraque
766 1877 913 1946 opinionem
931 1880 1060 1944 omnium,
1080 1891 1105 1932 et
1123 1880 1224 1934 Acadd.
1238 1882 1268 1947 ΙΙ,
1279 1887 1324 1949 44,
1335 1886 1401 1938 idi:

372 1967 492 2021 mirabilia.
530 1960 616 2024 Αλξαν
629 1977 716 2020 autem
735 1965 924 2035 interpretatur
939 1965 1035 2018 Suidas
1046 1962 1184 2033 iniretur,
1201 1965 1339 2038 ὑπόληψιν,
1359 1967 1403 2021 tir

372 2054 425 2126 nupsi
442 2062 492 2108 τῶν
505 2057 608 2108 πολλῶν
627 2055 743 2122 inustor,
762 2057 786 2106 εἴ
794 2057 823 2106 di
834 2056 886 2106 coir
896 2056 1011 2119 πολλῶν,
1030 2052 1266 2110 invirtutibus:
1284 2057 1346 2109 item
1366 2061 1401 2109 ri-

372 2145 481 2206 senndret
490 2144 585 2211 δόγμα,
605 2145 676 2197 unde
688 2144 766 2196 etiam
779 2143 889 2215 Epicuri
900 2151 988 2214 nuptm
995 2140 1078 2202 δόξαι.
1113 2143 1233 2215 Explicat
1241 2156 1330 2198 autom
1340 2141 1404 2197 sind·

372 2235 431 2301 tppn
447 2233 601 2288 Aristoteles
610 2231 703 2304 Magn.
713 2231 809 2286 Morat.
817 2233 836 2298 Ι,
845 2235 888 2287 tt.
901 2236 978 2304 pte.
988 2232 1029 2285 ed.
1040 2232 1165 2304 Syiburg.
1175 2219 1194 2304 ᾗ
1207 2229 1270 2305 rinip
1281 2229 1402 2286 ἁπάντων

372 2320 582 2392 ὶπαμφοτερλζομεν
592 2317 656 2390 πρδς
664 2315 696 2371 ‘cd
707 2315 866 2373 sicutenim
876 2314 943 2374 oiim
953 2327 996 2373 καλ
1006 2319 1043 2391 μή
1052 2317 1123 2376 εἶναι.
1150 2323 1248 2376 Mirum
1258 2334 1296 2377 cst
1306 2335 1404 2389 autem,

373 2411 425 2477 quod
443 2412 469 2463 in
488 2410 689 2462 Paradoxorum
716 2427 815 2462 nomen
835 2411 999 2463 conveniunt
1020 2410 1118 2464 iudicia
1143 2413 1226 2484 ipsius
1256 2412 1403 2480 Ciceronis,

373 2517 422 2568 quae
440 2500 527 2574 primo
546 2497 674 2568 adspectu
692 2499 762 2550 inter
780 2517 807 2550 se
826 2498 948 2552 videntur
973 2498 1052 2570 piane
1076 2500 1225 2554 contrariae
1250 2521 1305 2554 uno
1327 2503 1400 2556 enim

374 2589 414 2643 loco
430 2590 529 2659 primu,
548 2587 600 2652 ait,
618 2587 703 2655 specie
721 2603 754 2636 en
771 2586 991 2649 admirationem,
1020 2606 1048 2638 rc
1072 2588 1209 2657 explicata
1235 2592 1319 2641 risum
1345 2609 1402 2641 mo-

373 2696 414 2730 rere
429 2679 473 2750 (de
492 2677 573 2730 Finn.
592 2674 637 2741 tV,
658 2674 721 2743 ta),
739 2673 838 2741 altero,
855 2675 945 2745 prima
961 2675 1046 2745 specie
1062 2676 1147 2729 videri
1171 2677 1287 2729 ridicula
1306 2680 1404 2752 vulgo:

372 2769 388 2814 εὶ
404 2767 524 2837 respicias
541 2764 703 2834 sapientem,
721 2765 828 2836 qualem
847 2764 898 2816 sibi
915 2766 999 2816 Stoici
1016 2764 1240 2836 informaverint,
1259 2768 1336 2818 haud
1352 2768 1401 2819 ab·

371 2857 444 2912 surda.
462 2886 496 2896 -
539 2853 669 2904 Ridicula
687 2852 758 2905 enim
777 2852 863 2920 dicas,
889 2852 910 2904 si
929 2851 1034 2906 Stoicos
1059 2853 1198 2925 respicias,
1225 2866 1255 2909 ut
1273 2855 1402 2921 homines,

371 2944 485 3015 quinovo
503 2944 647 2997 verborum
666 2961 716 2994 usu
734 2940 836 3013 aliquid
863 2941 943 3012 plane
961 2942 1021 2993 novi
1048 2942 1137 2994 dicere
1162 2941 1210 2995 sibi
1237 2943 1405 2998 viderentur:

364 3034 513 3100 probabilia,
538 3032 559 3086 si
586 3030 725 3085 consilium
754 3029 878 3099 respicias
897 3028 1081 3099 significandi,
1104 3029 1168 3100 quid
1194 3049 1328 3083 summum
1355 3031 1404 3083 sibi

368 3140 504 3195 proponere
523 3121 618 3174 debeat
636 3117 716 3171 bomo
735 3119 963 3190 consequendum.
1002 3117 1135 3170 Volebam
1153 3118 1225 3170 enim
1244 3117 1328 3172 Stoici
1348 3120 1402 3190 pri·

366 3230 426 3265 mum
445 3223 587 3266 extenuare
611 3207 767 3279 opinionem
793 3207 826 3259 de
846 3206 968 3277 corporis
993 3217 1019 3259 ct
1041 3207 1165 3260 fortunae
1191 3206 1280 3271 bonis,
1308 3207 1404 3261 deinde

363 3300 517 3373 amplificare
535 3295 754 3353 existimationem
774 3296 807 3348 de
825 3295 907 3361 veris,
926 3295 944 3349 i.
963 3314 986 3349 e.
1003 3296 1086 3347 animi
1105 3295 1191 3348 bonis.
1228 3296 1311 3366 idque
1331 3296 1402 3349 voic-

360 3384 401 3441 bat
415 3390 492 3442 etiam
513 3384 610 3441 Cicero
627 3382 771 3437 Paradoxis
787 3383 848 3436 suis.
887 3382 1104 3435 contemnebant
1121 3382 1219 3447 Stoici,
1238 3383 1269 3436 iis
1288 3383 1405 3454 prolatis,

358 3477 422 3549 uulgi
441 3477 475 3529 de
501 3477 580 3529 bonis
604 3473 773 3543 opinionem:
805 3482 831 3525 et
858 3471 953 3523 eodem
978 3481 1099 3541 tempore
1127 3469 1194 3537 alio,
1224 3471 1269 3522 sed
1294 3470 1406 3537 veriore,

355 3584 430 3621 sensu
448 3566 542 3619 eadem
560 3582 588 3616 se
614 3572 754 3633 paraturos
772 3560 897 3613 omnibus
916 3558 1123 3630 promittebant,
1151 3576 1220 3629 quae
1244 3557 1282 3610 itti
1308 3558 1405 3611 frustra

355 3654 511 3726 plerumque
531 3662 557 3705 et
573 3650 677 3721 saepius
695 3647 833 3720 pe'ccaudo
852 3657 1017 3718 appeterent.
1053 3645 1214 3701 Aiiamvero
1231 3648 1303 3701 vocis
1321 3648 1407 3719 nupsi-

352 3744 416 3801 δοξα
433 3742 515 3796 babes
540 3738 612 3812 apud
636 3736 851 3805 Quinotiiianum
870 3735 933 3789 Inst.
953 3734 1004 3788 Or.
1024 3734 1068 3800 iX,
1087 3740 1112 3800 λ,
1134 3739 1168 3790 23
1194 3736 1405 3801 conversionem,

352 3829 494 3899 inopinata
505 3828 533 3898 ⁴¹)
541 3867 549 3896 ,
576 3826 648 3899 quod
673 3826 761 3898 ipsum
790 3824 935 3896 respondet
959 3824 1060 3877 Suidae
1085 3823 1252 3894 explicationi
1276 3820 1405 3894 ‹inpendi-

354 3935 428 3987 unca.
464 3916 546 3987 Quod
567 3926 654 3969 autem
675 3915 711 3969 ait
731 3914 856 3985 Xystus
874 3913 1071 3981 Betuleius,
1091 3913 1260 3980 Ciceronem,
1280 3913 1326 3984 qui
1345 3923 1406 3966 tan-

354 4011 412 4059 turn
429 4026 456 4061 se
474 4004 620 4059 exhibuerit
639 4003 738 4074 ubique
757 4003 863 4073 linguae
882 4022 944 4056 suae
963 4013 1120 4055 assertorem
1139 4014 1165 4055 et
1183 3991 1331 4070 vindicem,
1350 4023 1404 4056 non

359 4094 436 4149 videri
453 4096 550 4149 librum
571 4094 706 4147 editurum
723 4092 802 4144 fuisse
821 4090 927 4144 Graeco
944 4090 1101 4160 inscriptum
1121 4089 1211 4145 titulo:
1239 4101 1403 4144 mutaturum

360 4193 442 4237 autem
460 4184 555 4249 fuisse,
578 4182 599 4236 si
624 4182 657 4234 de
682 4180 760 4234 buius
778 4180 867 4252 operis
892 4179 1008 4232 editione
1027 4180 1166 4250 cogitasset
1186 4199 1318 4252 unquam:
1350 4197 1404 4230 esse

368 4281 443 4325 auten
459 4273 544 4326 Bruto
564 4272 597 4325 ita
618 4270 750 4337 dicatum,
770 4279 799 4322 ut
817 4288 848 4320 ne
867 4269 895 4319 in
914 4277 1076 4338 apertum
1091 4268 1326 4339 proseratur:
1346 4284 1403 4327 eam

373 4381 564 4401 *w

429 4464 458 4532 *)’
469 4468 615 4535 inopinata
630 4463 747 4515 omnibus
761 4463 823 4517 dicit
838 4463 915 4517 etiam
929 4463 1031 4519 Seneca
1047 4460 1190 4535 παράδοξα,
1203 4458 1284 4529 Epist.
1294 4456 1406 4509 Lxxxt.

382 4546 399 4593 t·
413 4536 461 4591 tto
478 4537 526 4591 Ed.
546 4534 666 4589 Gronov.
