3517 5450
367 703 441 779 212
698 720 869 771 raaaooxa
897 719 1091 768 srotronuu.

368 910 425 944 non
445 889 605 959 imperator,
626 886 670 938 sed
690 904 724 938 ne
740 884 807 938 liber
827 883 945 954 quidem,
964 883 1019 935 imo
1037 900 1126 935 sertus
1144 880 1315 953 turpissimus
1332 883 1407 937 luerit.

321 1023 323 1028 .
367 979 422 1032 Nisi
441 975 507 1032 baec
525 974 558 1027 de
576 973 650 1044 Sylla
669 972 708 1026 rel
726 972 877 1044 Tarquinio
896 970 985 1043 potius
1005 969 1153 1041 intelligere
1178 969 1257 1026 voles.
1302 969 1369 1023 Nam
1384 970 1408 1022 de

368 1077 484 1138 utroque
503 1061 610 1133 vestigia
628 1072 689 1115 sunt
706 1061 755 1114 sub
777 1059 859 1112 finem
877 1058 940 1112 libri
959 1057 993 1110 de
1011 1057 1123 1110 Finibus
1140 1057 1225 1111 tertii:
1254 1076 1336 1128 quem
1356 1056 1408 1109 ride.

368 1149 592 1224 Xystssetul.
627 1148 675 1202 Est
692 1148 768 1201 locus
784 1147 830 1214 lll,
849 1151 894 1212 22,
914 1150 958 1200 75.
995 1143 1055 1198 Mr.
1241 1220 1243 1225 Ι

441 1238 496 1289 Hic
512 1236 681 1306 imperator,]
718 1235 838 1301 „Putant
856 1232 1000 1305 perstringi
1018 1231 1056 1285 M.
1075 1230 1240 1286 Antonium:
1268 1252 1337 1304 quae
1355 1251 1407 1287 eou-

369 1329 469 1381 ieetura
488 1324 553 1377 mibi
570 1343 627 1377 non
647 1322 781 1395 displicet,
807 1321 879 1393 quod
899 1320 996 1375 Cicero
1015 1339 1070 1373 non
1089 1330 1142 1372 tem
1159 1319 1300 1374 Paradona
1317 1320 1408 1375 Stoica-

369 1434 430 1468 rum
450 1414 595 1479 illustrare,
621 1421 668 1464 aut
691 1410 797 1464 dicendi
816 1410 869 1461 rint
894 1419 1028 1462 ostentare
1057 1407 1167 1462 soluisse
1193 1407 1316 1474 videtur,
1341 1428 1406 1480 quau

369 1502 408 1555 vel
426 1511 509 1555 semet
529 1502 616 1572 ipsum
636 1497 769 1553 consolari
794 1497 822 1549 in
841 1495 960 1549 maximis
985 1494 1070 1548 animi
1093 1495 1334 1564 sollicitudinibus,
1358 1515 1405 1551 mn

369 1590 402 1642 de
420 1600 503 1643 semet
522 1590 597 1660 ipso,
615 1598 673 1640 tum
692 1587 726 1640 de
744 1605 774 1639 re
792 1583 915 1656 publiea,
934 1594 960 1637 et
978 1583 1101 1638 inimicos
1118 1604 1188 1650 suos,
1207 1582 1346 1652 Clodium,
1362 1585 1405 1637 An·

369 1678 490 1741 tonium,
519 1675 660 1740 Crassum,
689 1684 714 1727 et
740 1672 805 1726 alios
823 1673 949 1738 sortasse,
977 1670 1173 1727 dissimulanter
1196 1673 1353 1727 insectando
1373 1670 1404 1724 rt-

369 1765 460 1819 eisci.“
478 1763 516 1817 llr
529 1761 632 1815 Wolf.
669 1760 804 1828 „Scilicet,
824 1770 854 1813 ut
872 1779 887 1812 a
904 1759 1037 1830 superiori
1055 1759 1140 1813 oratio
1158 1759 1192 1812 ad
1212 1758 1340 1814 Clodium
1356 1777 1404 1832 per·

370 1853 463 1917 tinuit,
482 1851 520 1905 sic
537 1849 602 1903 baec
621 1849 735 1921 pertinet
753 1847 786 1902 ad
804 1847 924 1918 aliquem
943 1858 1046 1901 certum
1062 1848 1212 1914 hominem,
1245 1849 1292 1919 qui
1320 1867 1403 1901 nomen

370 1938 539 2010 imperatoris
557 1937 649 2008 gessit,
674 1956 729 1989 non
749 1935 800 1989 tuit
823 1953 855 1988 eo
874 1934 987 2005 dignus,
1019 1955 1085 1990 r.·c.
1102 1935 1141 1989 M.
1159 1936 1326 1991 antoniusfl
1341 1937 1401 1989 Era.

369 2026 440 2080 Cum
458 2027 495 2080 ita
513 2025 644 2079 fluctuent
661 2024 832 2095 interpretes,
852 2042 941 2095 neque
959 2023 1047 2077 adhuc
1063 2023 1098 2077 sit
1113 2024 1291 2096 exploratum,
1309 2025 1402 2097 quinam

367 2116 400 2169 sit
417 2112 619 2184 intelligendus,
638 2111 795 2183 Borgersius
813 2110 897 2164 alium
916 2123 1120 2178 commemorat,
1149 2111 1178 2164 in
1197 2131 1280 2183 quem
1304 2113 1350 2165 ista
1368 2129 1401 2162 re·

368 2201 508 2274 prehensio
528 2201 586 2253 iure
604 2199 699 2253 cadere
719 2219 794 2270 posse
814 2199 947 2266 rideatur,
973 2199 1108 2252 Pisonem.
1151 2199 1257 2253 Laudat
1280 2199 1316 2254 ad
1333 2199 1401 2269 suspi-

367 2292 474 2344 cionem
502 2308 577 2342 suam
596 2288 763 2360 probandam
783 2286 833 2340 Or.
852 2288 880 2340 in
898 2286 951 2339 Pis.
964 2289 1023 2342 tt:
1054 2291 1106 2340 Est
1124 2288 1174 2340 boc
1194 2307 1310 2340 novum:
1333 2285 1401 2338 rauba

366 2377 439 2429 illud
456 2377 558 2448 magis:
577 2376 799 2446 Appellatus
817 2386 871 2429 est
890 2376 935 2427 tic
951 2375 1092 2429 vulturius
1110 2375 1187 2428 illius
1202 2373 1400 2446 provinciae,ri

368 2462 420 2516 diis
435 2462 542 2533 placet,
561 2464 603 2514 im
608 2473 762 2532 perator.
799 2463 842 2516 De
859 2463 940 2516 Prov.
958 2466 1041 2518 Cous.
1060 2467 1100 2518 u:
1131 2467 1221 2516 Hasce
1243 2463 1335 2535 igitur
1355 2462 1400 2514 in·

363 2561 550 2622 potatores
568 2549 744 2603 babebimus?
780 2554 901 2622 Quorum
920 2551 992 2604 alter
1010 2551 1096 2620 [Piso]
1120 2570 1173 2603 non
1190 2551 1278 2604 audet
1296 2569 1343 2603 nos
1356 2567 1401 2600 rer-

366 2641 447 2692 tiores
459 2638 571 2709 facere:
597 2656 630 2689 ne
648 2639 842 2708 imperator
865 2639 1082 2710 appelletur.
1119 2637 1196 2691 llaud
1223 2640 1324 2709 inepte.
1354 2633 1402 2687 Mt·

276 2766 279 2769 -
366 2727 406 2797 gis
423 2724 525 2797 placet,
549 2745 631 2797 quarn
650 2726 724 2797 quod
742 2726 874 2781 Wetzelio
894 2727 1047 2795 ridebatur,
1074 2726 1128 2798 (rel
1154 2726 1245 2798 potius
1269 2727 1340 2781 Atdo
1354 2724 1401 2778 tta·

365 2814 458 2878 nutio,
477 2832 540 2865 nam
559 2812 637 2867 buius
655 2813 721 2869 baec
738 2826 776 2868 est
794 2815 937 2887 suspicio,¹
950 2816 1123 2887 triumphasse
1141 2816 1288 2871 Lucullum
1308 2817 1339 2869 de
1359 2814 1401 2866 Mi·

366 2899 480 2953 thridate
505 2911 531 2952 et
553 2899 671 2972 Tigrane
696 2902 898 2972 memorantis,)
915 2901 1061 2957 Lucullum
1086 2903 1249 2975 significari,
1282 2902 1328 2975 qui
1344 2910 1400 2957 certe

366 3008 426 3060 cap.
444 2992 468 3040 2.
487 2998 513 3041 et
531 2991 556 3042 3.
575 3001 665 3059 aperte
683 2990 864 3061 significatur,
883 3001 914 3044 ut
931 2991 995 3045 dicit
1014 2990 1196 3045 Gernbardus.
1251 2991 1333 3045 Recte
1354 3006 1401 3040 mo·

365 3075 520 3129 netGernb.
540 3076 618 3129 verba
636 3076 767 3131 laudetur
785 3097 846 3132 vero
865 3098 919 3133 esse
939 3080 1125 3145 concedentis,
1145 3091 1277 3151 tanquam
1296 3076 1400 3133 emedio

364 3183 487 3217 sermone
505 3162 677 3235 deprompta:
695 3164 758 3218 inde
777 3186 847 3219 vero.
883 3165 940 3220 ΜΓ.
1270 3155 1275 3162 “

436 3261 486 3303 aut
504 3252 553 3305 lroc
571 3254 674 3304 nomine
703 3253 801 3325 dignus
822 3256 959 3324 pateram]
1007 3253 1147 3322 Quosnam
1176 3254 1261 3308 libros
1289 3250 1401 3324 significet

364 3339 424 3393 Ald.
444 3338 581 3394 Manutius
600 3340 690 3396 dicens
708 3342 772 3395 alies
790 3341 842 3413 legi
860 3343 1028 3415 cognomine,
1046 3343 1144 3396 neseio.
1181 3342 1221 3395 Ex
1239 3345 1336 3397 nostris
1350 3337 1399 3393 nul

362 3427 403 3481 lus
421 3427 512 3482 babet:
537 3440 609 3483 certe
627 3430 716 3483 nullus
733 3432 783 3483 ltoe
801 3431 962 3502 cognomine·
1002 3430 1131 3502 Suspicor
1156 3441 1264 3499 tamen,
1293 3429 1351 3484 eum
1370 3428 1399 3479 tl·

362 3517 429 3570 disse
446 3528 563 3571 nostram
582 3517 631 3571 Ed.
650 3519 719 3572 Ven.
741 3522 823 3584 1514,
844 3519 891 3572 ubi
909 3531 961 3573 est:
987 3519 1165 3571 autetiam
1189 3520 1352 3591 cognanum
1367 3514 1400 3565 di·

360 3622 432 3674 gnus
453 3614 584 3674 putetur:
617 3616 646 3659 ut
672 3606 790 3659 rideatur
816 3605 913 3676 aliquis
942 3606 1028 3660 scriba
1053 3605 1122 3659 male
1152 3605 1310 3662 intellexisse
1335 3604 1399 3658 rerba

363 3690 484 3745 dictantis
501 3691 551 3742 hor
568 3693 680 3746 nomine.
716 3692 796 3746 Solus
819 3692 888 3747 Cod.
912 3694 972 3748 Bas.
1000 3693 1079 3748 babet
1103 3704 1155 3747 aut
1178 3696 1290 3747 etiarn
1316 3694 1399 3764 digni&

363 3794 399 3828 eo
427 3779 529 3829 nomine
560 3789 682 3848 putetur.
735 3780 800 3835 Post
833 3792 954 3851 putetur
974 3781 1081 3849 additur
1107 3784 1256 3853 imperator
1287 3782 1315 3835 in
1342 3776 1397 3833 cot·

361 3864 455 3917 Duisb.
473 3875 499 3918 et
517 3885 569 3921 var.
587 3866 716 3937 Magnoli.
751 3868 810 3921 Mr.

430 3953 597 4021 Quomodo,
624 3965 675 4006 aut
694 3957 739 4007 rui
756 3958 865 4009 tandem
892 3956 973 4010 libero
991 3957 1158 4028 imperabit‚]
1186 3958 1285 4013 Graev.
1310 3959 1337 4011 in
1360 3972 1396 4009 sut

360 4038 411 4093 Ed.
430 4036 501 4092 banc
519 4039 580 4093 Atdi
600 4041 674 4096 Man.
699 4047 901 4099 annotationem
927 4046 1043 4101 exbibet:
1068 4049 1144 4117 „Quo
1162 4046 1262 4099 modo?
1285 4056 1335 4098 aut
1350 4043 1396 4109 arr]

360 4129 418 4195 Quo
438 4127 513 4179 modo
531 4130 645 4181 autem?
662 4143 713 4182 aut
732 4135 794 4198 avi,
811 4137 941 4206 septem.“
985 4134 1066 4188 Unde
1091 4134 1174 4189 refert
1192 4133 1295 4188 Gernb.
1308 4143 1396 4204 septem

358 4213 472 4268 Manutii
491 4212 576 4270 codd.
596 4217 718 4272 exhibere
736 4223 888 4292 quomodo?
930 4222 1045 4277 autem?
1074 4233 1126 4275 aut
1144 4223 1214 4275 avi?
1250 4223 1319 4277 Mira
1336 4232 1397 4275 uter·

359 4322 410 4372 que
429 4304 643 4360 hallucinatione.
688 4307 759 4361 Nihil
788 4311 886 4365 certius
911 4322 949 4365 est
967 4331 1048 4384 quam
1078 4311 1105 4363 in
1136 4310 1220 4365 nullo·
1242 4310 1335 4366 codice
1354 4306 1396 4377 legi

356 4392 415 4455 avi,
441 4393 468 4445 in
494 4394 570 4447 nullo
597 4396 659 4448 item
683 4407 860 4452 monstrosam
892 4400 969 4468 istam
997 4399 1197 4453 distinctionem
1227 4420 1298 4467 esse,
1328 4411 1394 4474 qutffl

356 4485 456 4543 septem
474 4480 576 4535 Aldinis
595 4483 687 4537 tribuit
705 4482 887 4542 Gernbardus.
924 4486 1031 4542 Graevii
1050 4486 1142 4542 Editio
1159 4487 1243 4544 habet
1267 4484 1392 4542 ridiculum
