3517 5450
363 680 435 757 232
699 703 870 750 riniooxi
899 703 1094 753 eroicoruu.

362 870 406 923 dat
421 864 526 920 Ruhnt.
545 864 577 917 ad
598 861 679 915 Rutil.
696 862 765 934 Lup.
784 862 803 914 Ι.
822 883 848 934 ρ.
866 867 918 926 45;
944 873 970 916 et
997 863 1030 917 ad
1057 883 1080 914 v.
1107 862 1166 916 orb.
1192 882 1249 919 car.
1277 884 1327 917 auo
1350 865 1405 919 Ptit.
1427 845 1430 852 Ι

362 957 452 1022 Vl,2:
471 953 544 1024 Quid
560 951 606 1004 ille
620 968 739 1023 unquam
759 950 917 1002 arbitrio
935 969 998 1002 suo
1010 949 1124 1021 fecit,
1141 969 1244 1020 semper
1263 969 1293 1003 eo
1305 962 1406 1014 tractos,

362 1064 414 1116 quo
432 1042 512 1094 libido
531 1040 639 1110 rapuit,
656 1057 708 1110 quo
728 1038 880 1104 levitas,
900 1058 953 1110 quo
968 1038 1061 1109 furor,
1080 1057 1134 1111 quo
1153 1038 1325 1092 vinolentia?
1345 1039 1393 1092 Mi.

433 1147 521 1182 omnes
538 1127 623 1191 leves,
648 1155 684 1164 -
708 1126 832 1195 cupidos,
860 1153 894 1164 -
918 1123 1060 1194 improbos]
1110 1130 1213 1191 „Leues
1239 1155 1276 1166 -
1303 1148 1404 1199 quorum

362 1217 494 1289 appetitus
518 1215 633 1286 imperat
657 1213 755 1276 menti;
791 1213 901 1282 cupidos
920 1240 954 1251 -
980 1232 1036 1265 non
1061 1224 1166 1267 tantum
1192 1216 1341 1286 pecuniae,
1371 1218 1405 1270 sed

361 1306 473 1360 aliarum
499 1321 607 1374 quoque
633 1320 738 1365 rerum;
767 1300 897 1371 improbos
917 1328 951 1339 -
980 1300 1082 1356 virtutis
1107 1287 1243 1373 expertes,
1269 1305 1335 1357 vitiis
1358 1305 1405 1376 qui·

361 1396 519 1462 buscunqne
539 1389 686 1461 praeditos,
706 1386 850 1451 φαιῖλους.“
879 1387 953 1443 ΑΙό.
971 1387 1059 1443 Man.
1099 1389 1285 1455 „Gulielmius
1310 1392 1352 1444 edi
1369 1411 1402 1444 vo·

360 1481 409 1535 luit
429 1500 457 1532 ex
478 1477 591 1530 Mauric.
609 1477 740 1547 improbos
757 1489 790 1528 et
808 1497 899 1530 servos
915 1496 981 1531 esse.
1026 1481 1064 1530 Bt
1090 1479 1160 1531 eninr
1191 1499 1243 1551 pro
1269 1480 1352 1531 etiam
1372 1480 1403 1532 i·

362 1567 464 1621 miliare
482 1585 537 1619 esse
557 1563 711 1619 Ciceroni.“
748 1564 888 1619 Gruter.

432 1672 520 1707 omnes
537 1653 622 1718 leves,
641 1672 728 1705 omnes
746 1653 869 1723 cupidos,
894 1670 983 1704 omnes
1002 1681 1037 1692 -
1057 1654 1199 1724 improbos]
1246 1659 1348 1720 „Lenes
1363 1662 1402 1725 op-

362 1752 501 1812 ponuntur
526 1741 664 1810 gravibus,
703 1741 793 1811 cupidi
823 1739 968 1794 moderatis
991 1751 1018 1794 et
1047 1742 1275 1814 temperantibus,
1308 1742 1402 1811 improbi

363 1829 454 1900 probis
471 1829 488 1881 i.
507 1848 530 1882 e.
547 1828 628 1882 iustis.
666 1827 750 1899 igitur
770 1829 818 1882 triu
840 1840 970 1883 notantur
988 1831 1122 1883 contraria
1149 1830 1211 1884 vitia
1230 1831 1317 1884 tribus
1335 1830 1402 1882 virtu·

362 1917 446 1982 tibus,
458 1917 639 1987 fortitudini,
657 1918 867 1986 temperantiae,
894 1918 1027 1972 iustitiae.
1071 1917 1139 1971 Nam
1155 1918 1324 1988 prodentia,
1347 1938 1401 1989 quae

362 2014 399 2057 est
418 2001 503 2074 prima
524 2003 604 2056 virtus
623 2015 649 2056 et
668 2003 831 2076 reliquarum
851 2005 1074 2072 fundamentum,
1100 2003 1137 2057 nil
1164 2004 1245 2057 habet
1272 2022 1402 2057 commune

362 2110 424 2144 cum
441 2092 579 2163 improbis.
621 2091 694 2145 Talis
713 2095 784 2146 enim
805 2095 968 2165 perspicacia
987 2105 1014 2147 et
1030 2091 1137 2146 solertia
1164 2091 1191 2144 in
1211 2092 1343 2163 improbis
1357 2110 1400 2144 oon

361 2180 459 2234 dicitur
477 2178 632 2250 prudentia,
650 2181 697 2234 sed
717 2183 824 2250 astutia,
843 2183 936 2249 dolus,
957 2182 1056 2235 lraus.¹‘
1078 2176 1256 2251 Wyttenb.
1295 2180 1401 2250 Denique

361 2267 442 2338 Borg.
462 2269 572 2340 explicat
590 2269 726 2336 ,‚verbo¹‘,
755 2270 898 2343 laudatque
926 2271 1009 2346 huius·
1029 2269 1124 2322 Parad.
1148 2287 1173 2321 c.
1192 2273 1219 2322 2.
1243 2278 1322 2322 ertr.:
1350 2265 1403 2338 quid

362 2357 474 2428 denique
491 2375 543 2408 non
553 2357 623 2408 servi
640 2356 758 2408 inertis?
777 2358 968 2423 verr.tv,45:
988 2356 1120 2419 acerbum,
1138 2355 1291 2426 indignum,
1309 2353 1402 2405 luctuo-

361 2463 419 2496 sum
445 2445 565 2516 denique.
612 2444 653 2496 De
681 2442 795 2498 lectione
820 2445 938 2516 primurn
966 2443 1132 2497 monendum
1160 2441 1290 2495 excidisse
1308 2438 1401 2494 cesuin

362 2529 410 2583 Ed.
429 2530 531 2586 Gernh.
551 2534 628 2585 rerba
648 2551 736 2585 omnes
754 2534 883 2602 cupidos5
909 2524 1013 2586 'deinde
1032 2542 1093 2604 post
1111 2532 1171 2602 quis
1190 2539 1271 2601 neget
1291 2528 1365 2582 inseri
1379 2528 1401 2579 in

361 2618 445 2673 Codd.
462 2620 542 2674 Drsd.
561 2625 587 2674 1.
604 2624 629 2675 3.
648 2622 808 2674 verba‘lriet
827 2641 918 2694 rages,
941 2642 1010 2694 quae
1036 2622 1093 2675 sine
1111 2619 1195 2673 dubio
1214 2617 1347 2670 debentur
1363 2615 1403 2668 ati-

361 2710 403 2763 cui
423 2709 568 2781 glossatori.
605 2706 636 2762 ln
656 2708 723 2786 Cod.
743 2708 801 2764 Cre.
815 2714 840 2766 3.
858 2731 909 2783 pro
928 2730 1017 2764 omnes
1033 2707 1229 2781 compendium
1249 2716 1290 2759 est
1308 2716 1346 2759 ter
1361 2721 1401 2775 po-

360 2798 456 2863 situm,
477 2797 549 2869 quod
569 2798 657 2869 legere
677 2799 759 2870 possis
777 2801 875 2862 omines
895 2800 934 2853 rel
953 2800 1081 2854 homines.
1116 2798 1190 2850 Tunr
1212 2796 1294 2849 Drsd.
1312 2799 1337 2851 3.
1355 2801 1403 2865 9⁰⁵¹

360 2884 431 2938 leves
449 2885 536 2956 pergit
552 2885 639 2936 licet
658 2905 746 2939 omnes
765 2889 875 2958 cupidos
883 2910 897 2951 ‚·
920 2889 999 2945 Drsd.
1019 2892 1044 2941 lt.
1074 2904 1161 2939 omnes
1188 2884 1304 2956 denique
1327 2897 1403 2934 servos

360 2971 490 3048 improbos
507 2991 581 3033 essm
600 2973 725 3030 scribitur
743 2994 833 3030 servos
852 2996 910 3029 esse
929 2977 957 3029 in
969 2976 1118 3030 Distat:
1153 2974 1281 3039 Suerin.;
1300 2967 1402 3026 Gudt·

360 3076 447 3111 omnes
464 3077 520 3111 esse
540 3060 662 3128 cupidos,
692 3082 779 3115 omnes
798 3064 911 3136 denique
929 3060 1060 3134 improbos
1079 3081 1135 3115 esse
1159 3080 1260 3118 servos.
1297 3058 1363 3113 Gud.
1378 3056 1403 3108 B.

361 3147 444 3197 ornetis
462 3164 522 3215 cup.
543 3150 627 3199 onnzis
645 3149 703 3203 den.
720 3151 783 3220 imp.
802 3171 871 3206 serv.
891 3170 955 3207 esse.
992 3151 1052 3205 Mr.

431 3234 477 3285 An
495 3234 542 3284 ille
560 3235 627 3286 milri
643 3236 725 3305 liber,
745 3240 789 3291 cui
808 3239 903 3291 mulier
922 3238 1071 3309 imperatl]
1090 3237 1191 3304 ·„Tam
1213 3238 1328 3309 turpiter
1343 3232 1403 3288 enim

360 3320 493 3374 Antonius
517 3320 675 3394 Cleopatrae
699 3328 815 3395 servivit,
848 3347 929 3399 quam
954 3311 1082 3381 Hercules
1109 3324 1274 3396 Omphalae.
1321 3318 1404 3376 ororii

359 3408 509 3463 huiusmodi
530 3410 655 3466 dicuntur
673 3402 789 3483 Latinis,
815 3416 927 3471 Graecis
943 3396 1229 3485 yueeauoepormiporoa.
1267 3412 1302 3466 Et
1320 3429 1403 3482 quam·

360 3516 440 3567 quam
459 3495 556 3551 Cicero
581 3519 689 3554 caecum
717 3503 744 3555 in
770 3503 942 3578 Cleopatram
965 3523 1086 3557 amorem
1115 3502 1205 3555 videre
1234 3522 1292 3555 non
1320 3497 1402 3572 potuit,

360 3585 481 3656 praebuit
500 3598 587 3641 tamen
606 3601 684 3644 autea
703 3593 839 3662 specimen
852 3594 879 3645 in
890 3593 982 3647 Fulvia
998 3593 1123 3663 coniuge,
1143 3609 1213 3660 quae
1226 3589 1324 3643 Clodio
1343 3587 1403 3658 prius

358 3684 441 3744 nupta
460 3674 559 3728 suerate
580 3696 662 3747 quae,
683 3690 711 3733 ut
730 3691 786 3733 erat
804 3682 963 3752 imperiosa,
981 3682 1017 3734 ita
1037 3698 1098 3733 eum
1125 3677 1254 3742 instituit,
1286 3689 1316 3730 ut
1334 3674 1402 3727 Cleo·

358 3772 449 3831 patrae
467 3763 559 3831 iugum
579 3765 681 3819 facilius
699 3768 770 3820 ferre
788 3770 914 3839 potuerit.
951 3769 1003 3821 Sed
1024 3768 1081 3819 vide
1093 3764 1300 3819 Plutarchum.¹‘
1320 3762 1400 3833 Xyst

358 3846 468 3902 Betui.
494 3850 533 3917 [in
553 3851 612 3904 Vita
632 3854 752 3923 Antonii,
773 3860 836 3925 10.].
881 3857 947 3923 „Sic
971 3858 1005 3909 de
1022 3854 1137 3908 Hercule
1162 3852 1271 3923 scripsit
1288 3848 1400 3919 Quineti-

357 3931 445 3989 lianus
462 3933 532 3988 libro
552 3939 639 4003 tertio,
658 3942 693 4009 [c.
712 3946 738 4009 7,
759 3948 783 3999 ti.
804 3966 830 4016 p.
850 3948 912 3998 aet.
928 3944 999 3999 Edit.
1019 3942 1124 4014 Spald]
1144 3941 1219 4014 quod
1239 3960 1302 3996 cum
1322 3937 1400 4010 regina

356 4019 456 4091 Lydiae
475 4019 608 4093 Omphale
628 4029 747 4083 vestitum
773 4033 915 4086 mutaverit
933 4043 959 4087 et
986 4034 1117 4103 imperata
1145 4048 1228 4100 pensa
1257 4025 1400 4084 tractaverit.

356 4107 438 4175 Quod
469 4108 583 4180 amplius
606 4114 709 4186 scripsit
737 4118 874 4173 Diodorus
902 4120 1009 4175 Siculus
1037 4119 1107 4172 libro
1129 4121 1182 4172 V.“
1219 4120 1294 4173 Frc.
1324 4117 1400 4190 sylv.

356 4198 454 4264 [Locus
481 4209 519 4252 est
542 4198 657 4256 Diodori
675 4204 705 4259 L·
723 4206 769 4261 lV.
796 4225 819 4261 c.
839 4213 883 4265 31.
909 4228 935 4280 p.
955 4212 1016 4263 att.
1032 4208 1081 4261 Ed.
1098 4207 1276 4280 wesseling]
1323 4202 1400 4274 „Mili

355 4298 393 4340 est
418 4286 527 4343 Dativus
553 4286 666 4356 ethicus,
695 4292 741 4363 qui
766 4295 899 4365 significat
927 4295 1149 4361 admirationem,
1178 4296 1244 4350 item
1270 4295 1288 4348 i.
1308 4315 1333 4366 q.
1350 4308 1399 4345 mee

355 4372 467 4429 iudicio:
488 4375 566 4430 vetuti
586 4377 611 4431 h.
631 4378 648 4431 l.
665 4398 700 4432 an
722 4380 797 4435 illum
819 4404 870 4455 ego
890 4385 1005 4439 liberum
1023 4383 1164 4437 iudicem?
1184 4416 1220 4425 -
1247 4386 1291 4437 cui
1309 4414 1343 4427 -··
1359 4384 1399 4433 im·

354 4473 441 4527 perot.
482 4464 575 4519 Simile
604 4478 641 4521 est
660 4470 810 4542 exemplum
840 4474 867 4528 in
889 4474 1039 4561 fragmento
1059 4472 1206 4527 Menandri
1227 4473 1323 4529 cornici
1340 4469 1399 4542 apud
