3517 5450
763 741 967 791 rnoonmuu.
1346 727 1392 799 19

335 897 401 952 libro
422 896 546 953 Literur.
571 898 785 970 Spoeisrgtr'nge]
811 899 876 954 hoec
901 903 979 957 verbs
1003 904 1110 960 insititio
1135 907 1262 962 iudicasse
1290 909 1391 973 diserti,

335 984 562 1058 mentitumque
581 997 675 1041 neotus
685 986 724 1042 ¹sit
738 987 898 1041 Wetselium
918 1002 945 1043 et
957 990 1156 1065 Buchlingium‚
1176 995 1222 1067 qui
1238 1014 1269 1049 es
1286 997 1392 1051 uncinis

335 1073 518 1142 incluserunt,
539 1086 569 1129 ut
585 1075 650 1130 item
664 1075 752 1130 Bentl.
770 1074 872 1130 Gernb·
896 1077 999 1146 Notb„
1026 1100 1081 1135 non
1106 1093 1195 1138 tomen
1215 1085 1392 1157 obsequentes
1470 1142 1473 1151 ,

335 1162 426 1217 libuit
442 1163 620 1235 Borgersium
639 1175 665 1218 et
685 1164 834 1232 Orellium,
856 1184 972 1237 quorum
990 1168 1048 1234 hic,
1066 1170 1201 1241 (quemvis
1217 1171 1282 1226 sch.
1300 1174 1329 1223 in
1347 1174 1391 1225 lu-

335 1269 386 1304 osm
404 1253 598 1323 interpretetus
616 1251 648 1305 sit
661 1253 689 1304 in
709 1253 823 1322 vulgus,
841 1263 871 1306 ut
885 1254 981 1324 forum
999 1257 1086 1328 neque
1105 1259 1220 1312 arctiore
1237 1277 1327 1331 neque
1352 1260 1391 1314 la-

336 1336 399 1391 tiore
417 1358 500 1394 sensu
516 1340 630 1412 intelligi
649 1360 725 1414 posse
743 1341 814 1396 diest
831 1340 935 1397 Gernb.
954 1344 1016 1416 quis
1035 1345 1068 1398 de
1085 1347 1144 1418 ipso
1162 1347 1222 1401 soro
1239 1367 1296 1401 non
1315 1350 1392 1421 cogi·

336 1428 424 1482 tererit
443 1425 520 1495 Cic,
539 1428 592 1482 alio
610 1441 699 1484 eutem
716 1449 796 1485 sensu
814 1430 886 1485 idem
905 1444 980 1500 esset,
999 1434 1071 1505 quod
1088 1436 1116 1486 in
1127 1435 1240 1502 lucem),
1270 1435 1321 1490 Or.
1339 1437 1391 1508 igi-

338 1525 377 1569 lur
394 1514 481 1581 (licit,
499 1516 609 1571 abiectis
623 1517 663 1571 his
681 1519 791 1572 vocibus
806 1519 834 1571 in
855 1521 941 1572 lucem
959 1522 1038 1576 nimis
1061 1523 1218 1595 ambiguum
1242 1524 1302 1578 fore
1324 1524 1389 1577 illud

335 1605 402 1676 pros.
417 1607 449 1658 irs
466 1606 567 1658 lucem.-
584 1607 662 1678 prior
678 1605 809 1661 Codicum
829 1609 1002 1664 concordiam
1021 1611 1100 1666 silent
1119 1613 1212 1684 [quam
1229 1623 1319 1667 tamen
1337 1613 1391 1666 dis-

337 1694 457 1748 cordiam
474 1695 571 1748 eodem
589 1696 649 1749 iure
667 1695 783 1764 dixeris],
803 1695 900 1750 deinde
918 1717 996 1752 usum
1015 1697 1169 1763 Ciceronis,
1187 1700 1234 1772 qui
1254 1699 1320 1754 haec
1334 1700 1389 1771 ipsa

337 1783 438 1853 ssepius
456 1783 632 1837 coniunxerit.
678 1783 724 1838 Sic
742 1803 793 1854 pro
811 1783 879 1838 Sest.
900 1789 948 1839 ts:
986 1806 1068 1858 quum
1093 1807 1167 1840 nemo
1196 1799 1313 1841 vestrum
1333 1789 1391 1860 fo-

337 1889 402 1923 rum
420 1901 458 1911 —
478 1890 553 1923 nemo
572 1871 679 1923 lucem
697 1872 833 1941 adspicere
852 1871 950 1934 vellen·
974 1874 1007 1926 ad
1027 1875 1143 1928 Herenn.
1162 1876 1208 1940 lV,
1227 1879 1274 1930 13:
1301 1879 1341 1926 Tu
1362 1875 1391 1924 in

334 1959 448 2030 forum
464 1960 586 2029 prodire,
605 1971 637 2012 tu
655 1959 765 2012 lucem
783 1960 933 2029 conspicere
952 1990 986 2002 -
1005 1963 1136 2014 conaris?
1160 1963 1242 2016 Addit
1260 1962 1292 2014 de
1310 1962 1389 2015 Finn.

337 2047 367 2114 V,
379 2051 437 2103 ²9:
457 2051 514 2100 Neo
541 2067 590 2118 ego
613 2048 703 2100 solus:
730 2059 763 2100 tu
786 2048 883 2112 stiam,
908 2050 1067 2118 Chrysippo,
1092 2053 1122 2100 irs
1138 2050 1164 2120 f
1164 2069 1229 2112 oro,
1248 2049 1334 2100 domi:
1361 2050 1390 2100 in

336 2137 424 2188 schola
444 2136 562 2197 desinis,·
581 2135 653 2190 addit
670 2136 715 2189 [iz
734 2136 765 2187 td
781 2147 822 2189 est
846 2155 905 2191 non
924 2156 1031 2209 semper
1048 2137 1204 2208 glossemata
1229 2134 1388 2207 significare,

336 2221 485 2280 docuerunt
501 2222 608 2279 Ruhnlr.
625 2225 658 2278 ad
679 2224 771 2294 Vellej.
781 2224 814 2291 ll,
829 2229 872 2280 28.
889 2237 916 2280 et
932 2225 1016 2279 Goer.
1034 2226 1075 2278 ad·
1087 2226 1170 2280 Acnd.
1183 2226 1203 2290 l,
1215 2231 1247 2290 23
1266 2224 1299 2277 de
1309 2223 1389 2276 Finn.

336 2311 365 2380 ll,
381 2319 408 2369 2.
426 2342 464 2354 -
508 2312 578 2366 Add.
596 2312 728 2368 Ochsner.
746 2313 779 2366 sd
795 2312 850 2367 Cic.
871 2313 983 2386 Eclogg.
1004 2335 1030 2386 p.
1039 2317 1102 2369 415.
1120 2314 1163 2368 ed.
1180 2313 1224 2369 alt.
1244 2324 1271 2367 et
1288 2331 1337 2366 nos
1355 2311 1390 2365 sd

337 2401 388 2459 Cic
408 2403 444 2456 de
467 2401 501 2454 N.
520 2400 555 2454 D.
575 2400 593 2464 l,
612 2403 655 2456 30.
675 2421 700 2472 p.
711 2403 763 2456 132
775 2422 813 2472 sq.
839 2402 881 2455 ed.
908 2403 971 2472 maj.
999 2413 1026 2456 et
1047 2403 1079 2455 ad
1104 2402 1202 2458 Tusce.
1220 2405 1246 2467 5,
1263 2405 1289 2456 3.
1308 2402 1389 2472 pas.

337 2490 417 2546 Orell.
437 2489 472 2544 ad
490 2487 548 2542 Cic.
579 2487 654 2542 Brut.
673 2493 717 2554 tt,
737 2494 799 2543 m.
818 2509 844 2562 p.
854 2494 916 2545 301.
935 2492 977 2546 ed.
1005 2491 1092 2544 Beier.
1118 2490 1205 2544 Klotz.
1232 2489 1265 2542 ad
1292 2489 1388 2543 Tusce.

336 2579 375 2646 lll,
393 2582 421 2633 1.
439 2580 547 2650 pass,
567 2576 613 2649 qui
632 2576 665 2630 de
684 2588 775 2630 nostro
794 2576 855 2631 loco
874 2576 989 2649 loquens
1013 2596 1129 2649 eumque
1148 2576 1309 2641 defendens,
1335 2594 1389 2629 esse

336 2686 383 2741 pro
400 2668 431 2718 id
448 2676 490 2719 est
510 2665 539 2718 in
556 2664 661 2738 ¹aliquot
680 2663 767 2718 Codd:
785 2665 966 2739 (quemquam
986 2666 1092 2733 nescio,
1112 2666 1222 2737 quibus)
1240 2666 1324 2731 idem3
1341 2664 1388 2717 de-

336 2755 414 2830 niqne
431 2756 521 2809 Klotz.
539 2756 573 2809 sd
593 2754 665 2808 Lael.
684 2774 710 2826 p.
720 2758 772 2808 181
788 2774 828 2827 sq.
847 2765 873 2809 et
892 2776 918 2827 p.
929 2759 991 2813 202.
1009 2755 1069 2809 Mn.

401 2843 533 2918 Proferri
548 2845 577 2895 in
595 2844 695 2908 lucem,
713 2844 744 2894 id
760 2852 809 2906 est,
827 2844 856 2895 in
869 2844 992 2914 sorum‚]
1021 2844 1161 2913 „Proferri
1179 2843 1207 2893 irs
1226 2842 1310 2894 lucem
1327 2842 1346 2893 i.
1365 2860 1387 2894 e.

338 2935 438 2989 edendo
459 2932 572 3004 vulgari,
591 2943 621 2985 ut
638 2930 670 2984 sd
691 2930 830 2984 cuiuslibet
849 2930 1030 3001 cognitionem
1051 2930 1228 3001 pervenirent.
1266 2933 1328 2979 Lux
1339 2947 1388 2981 su·

337 3031 386 3076 tens
403 3019 556 3093 opponitur
578 3018 603 3072 b.
618 3018 647 3071 -l.
672 3016 777 3072 scbolse
796 3028 823 3070 et
845 3017 1005 3089 gymnasiis,
1033 3017 1132 3089 quibus
1160 3016 1239 3087 vulgo
1267 3019 1388 3067 ἐπίθετον

338 3110 426 3162 umbro
451 3107 589 3162 tribuitur.
633 3105 681 3161 Sic
704 3104 763 3161 Cic.
788 3106 895 3161 locutus
919 3118 959 3160 est
982 3105 1016 3159 de
1041 3104 1105 3158 Sen.
1121 3109 1147 3169 4,
1175 3104 1208 3157 de
1231 3102 1281 3157 Or.
1299 3102 1319 3167 l,
1339 3106 1387 3158 st:

340 3196 482 3249 Merenda
501 3196 584 3247 dictio
602 3203 643 3247 est
662 3195 765 3245 euhoe
783 3195 928 3247 dorusstieu
946 3194 1139 3246 exercitatione
1156 3203 1184 3243 et
1203 3192 1342 3244 umbratili
1360 3192 1389 3243 in

340 3286 445 3337 medium
464 3301 575 3355 agmen,
599 3284 628 3335 in
644 3281 795 3351 pulverem,
817 3282 1006 3334 inclamarem
1023 3300 1077 3330 -.·
1101 3290 1128 3331 et
1152 3279 1204 3330 itta
1228 3288 1390 3331 commento-

341 3374 373 3427 tio
388 3374 499 3427 inclusa
510 3374 545 3423 -in
562 3371 689 3423 ueritatis
707 3368 973 3440 bresm'profsrsnsie
991 3378 1041 3420 est.
1087 3365 1129 3419 cf.
1146 3365 1228 3419 Tusc.
1246 3369 1271 3427 2,
1291 3367 1334 3417 26.
1352 3392 1387 3402 -

342 3460 429 3515 Verbis
448 3464 477 3513 in
490 3460 588 3531 forum
614 3455 670 3511 Cic.
696 3456 998 3528 explicat,·qusmnsm
1025 3454 1111 3508 iucem
1138 3452 1224 3517 dicet,
1248 3452 1265 3505 i.
1285 3470 1308 3503 s.
1331 3470 1386 3502 uon

342 3548 517 3619 cognitionem
538 3544 679 3599 hominum
697 3544 725 3598 in
744 3544 921 3616 site·privsts
946 3544 1123 3607 ressontium,
1151 3540 1196 3593 sed
1221 3540 1249 3592 in
1274 3538 1388 3609 publicis

344 3635 461 3707 negotiis,
482 3652 552 3705 quae
570 3651 627 3687 uno
644 3632 755 3687 nomine
773 3631 879 3703 generis
895 3630 1023 3684 dicuntur
1035 3630 1131 3703 sorum
1154 3640 1181 3682 et
1193 3628 1320 3700 forensia
1337 3644 1388 3680 ne·

345 3724 420 3791 gotia,
439 3734 470 3776 ut
490 3719 666 3793 explicuimus
683 3720 717 3775 sd
736 3719 844 3773 initium
863 3719 942 3773 buius
959 3717 1088 3771 exordii.“
1105 3718 1212 3788 Wytt

406 3813 444 3863 Et
461 3811 505 3861 itu
525 3809 586 3874 dici,
603 3820 635 3861 ut
652 3808 857 3879 probarentur,]·
872 3806 959 3861 codd.
978 3806 1057 3860 Dnd.
1068 3810 1093 3859 1.
1111 3808 1136 3860 3.
1154 3816 1181 3856 et
1199 3806 1242 3856 ita
1260 3804 1293 3854 di
1300 3820 1386 3867 csrs;

348 3907 367 3950 et
382 3899 416 3953 sic
440 3897 575 3971 posterior
598 3897 646 3951 sibi
673 3908 791 3963 constat,
817 3916 879 3950 cum
904 3896 933 3948 in
961 3893 1179 3948 antecedentibus
1206 3892 1302 3945 habeat
1324 3910 1387 3960 pos·

349 4001 421 4039 unns
431 3986 461 4039 in
474 3986 559 4038 lucem
575 3985 708 4057 proferre·
724 3987 726 3992 '
744 3985 800 4037 Pro
811 4003 848 4035 an
859 3984 918 4035 olio
930 3983 981 4035 01.
990 4000 1020 4044 ψ.
1030 3981 1110 4035 habet
1123 4001 1159 4033 on
1177 3982 1278 4033 talia.
1296 3980 1386 4031 Verba

351 4082 371 4122 et
386 4075 423 4126 ite
450 4076 504 4126 dici
530 4084 562 4126 ut
580 4072 761 4143 probarentur
785 4070 854 4125 Cod.
873 4070 933 4124 Cre.
951 4073 979 4124 1.
1003 4071 1038 4123 ab
1065 4070 1116 4124 elis
1141 4088 1224 4123 manu
1250 4068 1279 4121 in
1303 4084 1385 4135 marg.

352 4155 416 4216 lebet
433 4161 532 4216 addito.
567 4161 641 4215 ldem
656 4179 720 4214 cum
738 4160 858 4216 Desii.
872 4159 972 4215 omittit
989 4168 1058 4211 esset
1078 4176 1140 4211 cum
1159 4155 1226 4209 cod.
1243 4154 1313 4209 Pith.
1327 4152 1386 4203 Mn

410 4256 502 4323 quue
520 4250 616 4320 scripsi
634 4249 761 4302 libentius
770 4250 791 4318 ‚]
809 4252 919 4321 ,stoque
938 4248 999 4300 tos
1023 4247 1116 4299 locos
1140 4244 1236 4313 scripsi
1252 4239 1386 4301 libentius,

356 4340 562 4404 putnordecim.
598 4343 710 4390 Locos
727 4338 823 4407 scripsi
841 4335 984 4399 libentius,
1000 4346 1062 4388 tres.
1096 4336 1188 4402 quue
1210 4330 1270 4379 lios
1293 4327 1385 4377 locos

357 4425 434 4491 tcn'psi
456 4427 631 4481 lubentius.“
666 4426 742 4481 Atd.
764 4425 892 4478 Monut.
935 4424 1046 4476 Addunt
1062 4423 1140 4476 verbo
1165 4421 1214 4471 hos
1231 4418 1301 4469 locos
1321 4413 1385 4468 011.

359 4522 444 4575 ἱππεία
463 4516 503 4583 Ε.,
522 4532 625 4583 ornnes,
644 4514 764 4586 itemque
781 4512 853 4566 Gud.
874 4511 907 4567 C.
923 4513 956 4565 Α.
973 4511 1005 4564 Β.
1023 4509 1083 4563 Cre.
1101 4512 1127 4563 1.
1144 4504 1253 4575 Erlaug.
1270 4503 1350 4557 Drsd.
1359 4508 1385 4555 1.

1087 4595 1102 4623 ἡ

1055 4597 1078 4669 2
