3517 5450
361 702 412 774 44
689 728 861 774 ventrem
889 726 1082 776 erorcouuu.

313 885 320 898 “
358 896 469 956 propter
487 905 557 959 quae
575 887 640 939 dico.
677 888 769 950 „Licet
791 890 864 943 abest
887 909 902 942 a
929 899 1063 959 quattuor.
1100 885 1154 938 Alii
1170 886 1295 940 scribunt
1314 905 1367 940 esse
1383 885 1406 940 in

362 974 520 1045 quibusdam
541 974 731 1044 Quamlibet
750 976 873 1029 irrideat.
910 973 992 1041 Quod
1007 985 1095 1027 tamen
1109 992 1165 1026 non
1178 974 1324 1044 probant.“
1343 972 1406 1025 Ald.

361 1059 447 1114 Man.
484 1062 566 1116 Abest
585 1062 663 1116 etiam
682 1063 745 1114 licet
763 1082 778 1115 a
798 1063 885 1117 Codd·
904 1061 1012 1115 Suerin.
1031 1061 1091 1114 Bas.
1107 1060 1188 1114 Drsd.
1206 1062 1232 1112 4.
1250 1064 1278 1115 ὅ.
1314 1063 1409 1130 Quam-

361 1149 424 1201 libet
443 1151 470 1202 in
489 1151 551 1202 Par.
568 1154 647 1204 1552.
684 1148 812 1204 Ceterum
831 1152 864 1204 ad
884 1151 1041 1204 sententiam
1060 1149 1138 1202 huius
1159 1147 1214 1202 loci
1239 1149 1333 1220 Xyst.
1355 1148 1407 1202 Be-

361 1234 496 1288 tnleius
520 1235 599 1294 haec:
629 1236 749 1300 „Parum
774 1237 824 1290 sibi
849 1247 953 1290 constat
977 1236 1044 1290 haec
1066 1235 1148 1301 ratio,
1177 1254 1260 1307 qnam
1279 1245 1310 1287 nt
1327 1253 1405 1288 reram

360 1333 498 1392 tantopere
525 1323 676 1393 praedicat,
707 1322 827 1396 quamvis
854 1344 883 1376 ex
908 1323 995 1375 media
1019 1321 1174 1376 Stoicorum
1199 1322 1342 1394 disciplina
1364 1323 1405 1376 de·

359 1421 491 1481 prompta.
527 1411 595 1463 Nam
614 1411 634 1463 si
655 1412 785 1482 pecuniae
803 1409 937 1481 ‹idcelpepu
955 1420 1032 1476 sunt,
1060 1421 1086 1462 et
1110 1409 1223 1481 perinde
1248 1411 1293 1478 (ut
1311 1410 1404 1463 Teren·

358 1498 436 1550 tianis
454 1509 514 1551 utar
531 1497 630 1565 verbis)
651 1509 679 1550 ut
698 1498 768 1551 illius
786 1498 907 1564 animus,
936 1498 981 1569 qui
1007 1517 1037 1550 ea
1061 1497 1190 1568 possidet:
1220 1497 1314 1549 animo
1335 1495 1402 1566 probi

358 1585 451 1656 utique
469 1595 548 1638 erunt
566 1582 777 1655 ειῗχρηστήματα,
795 1604 864 1658 quae
881 1585 938 1656 ipse
957 1585 1091 1636 commoda
1107 1585 1310 1656 interpretatur.
1343 1585 1400 1636 Nam

274 1718 276 1722 ,
359 1670 581 1742 δι’ςχρηστήματα
601 1673 628 1724 in
648 1674 705 1728 viro
725 1674 843 1746 sapiente
861 1673 952 1727 locum
971 1691 1027 1725 non
1046 1671 1161 1737 habent,
1179 1684 1207 1725 et
1225 1671 1312 1726 multo
1328 1672 1400 1743 magis

357 1757 501 1824 βλάμματα
514 1772 588 1814 sunt:
607 1761 654 1814 sed
672 1772 783 1814 manent
800 1779 907 1831 semper
925 1770 997 1812 recte
1011 1760 1147 1813 utentibus
1160 1755 1328 1828 destinam.
1353 1758 1397 1810 Mr.

428 1849 603 1918 Quamobrem
621 1849 683 1900 licet
701 1848 826 1915 irrideat]
845 1846 913 1914 „Est
928 1845 992 1898 milri
1009 1845 1077 1900 Cod.
1094 1845 1338 1912 vetustissimrrqin
1353 1864 1396 1915 quo

357 1935 392 1987 ita
417 1936 545 2007 scriptum
572 1935 700 2007 comperi.
736 1934 767 1986 ln
792 1935 849 1988 aliis
872 1934 971 2005 legitur
989 1914 1134 2005 quleurlibet
1153 1935 1279 1987 irrideat.
1313 1933 1360 1986 Sed
1375 1942 1394 1984 et

357 2022 446 2075 inveni
473 2023 590 2094 priorem
617 2022 760 2077 lectionem
787 2022 903 2093 margini
927 2032 1098 2088 annotatam,
1125 2041 1178 2076 nec
1196 2041 1271 2076 eram
1291 2023 1319 2075 in
1336 2020 1393 2074 hunc

356 2111 447 2165 locum
472 2111 617 2183 quicquam
640 2122 886 2176 commentaturus,
913 2110 962 2163 nisi
986 2111 1162 2181 posteriorem
1179 2111 1338 2181 scripturam
1354 2108 1392 2158 La·

357 2210 431 2251 tomo
450 2198 579 2269 placuisse
597 2198 723 2251 riderem.
759 2197 898 2250 Ciceronis
922 2216 998 2249 mens
1022 2208 1072 2251 est:
1103 2187 1166 2252 cum
1192 2195 1261 2250 haec
1285 2208 1311 2251 et
1332 2192 1392 2248 bonis

357 2285 446 2338 obsint
465 2297 522 2338 eta
543 2284 618 2338 malis
637 2285 836 2355 possideantur,
855 2284 931 2338 nullo
949 2297 1028 2356 pacto
1048 2305 1123 2356 posse
1141 2305 1199 2338 esse
1217 2286 1304 2338 bona:
1326 2298 1390 2353 quan

357 2372 466 2444 quidem
492 2374 649 2426 sententiam
674 2375 703 2426 in
729 2374 863 2444 duplicem
891 2372 1061 2441 συλλογισμὸν
1087 2352 1211 2427 coniecit.
1254 2373 1332 2425 Prior
1353 2380 1391 2422 est:

356 2461 466 2513 Nullum
491 2461 595 2514 bonum
620 2463 746 2533 cuiquam
774 2473 859 2533 potest
884 2481 938 2514 esse
963 2461 1047 2514 malo:
1073 2461 1147 2532 atqui
1165 2461 1214 2514 ista
1239 2459 1329 2531 probis
1344 2465 1391 2510 sunt

357 2549 443 2602 malo:
473 2569 538 2621 ergo
564 2569 620 2603 non
646 2561 709 2604 sunt
726 2550 807 2604 bona.
842 2549 1002 2603 Posterioris
1020 2548 1136 2602 formula
1156 2562 1208 2603 est:
1236 2545 1390 2620 Quicquida

356 2636 432 2689 malis
450 2637 614 2708 possidetur,
640 2639 740 2691 malum
760 2649 811 2690 est:
841 2639 890 2692 ista
907 2639 1076 2710 possidentur
1093 2657 1108 2691 a
1129 2636 1233 2690 malisz·
1249 2648 1311 2690 sunt
1327 2635 1390 2705 igitur

355 2724 435 2779 mala.
471 2726 541 2780 Hinc
558 2727 627 2791 satis,
647 2728 754 2798 opinor,
773 2726 866 2797 liquet,
887 2746 955 2792 eam,
973 2746 1055 2799 quam
1073 2726 1155 2780 secuti
1173 2745 1277 2792 sumus,
1296 2723 1391 2794 scriptu·

355 2831 413 2865 ram
439 2815 523 2884 magis
548 2814 679 2886 quadrare
705 2814 880 2869 conclusioni.
917 2814 986 2891 Nanp
1004 2810 1155 2883 ἐπιφώνημα
1174 2813 1283 2867 nullum
1300 2812 1390 2865 hicau-

356 2899 429 2953 dio.“
447 2901 647 2955 Morisotus

426 2991 456 3040 Si
474 2989 533 3061 qui
550 2992 622 3057 vult]
647 2991 702 3056 „lta
721 2991 829 3057 Lamb.,
857 3010 907 3061 pro
932 2991 957 3043 si
982 2992 1058 3062 quis,
1086 3009 1166 3061 saepe
1191 2988 1319 3061 reposuit.
1349 2980 1389 3037 sed

356 3073 500 3147 ἀρχαισμός
517 3078 646 3131 videtur.“
672 3078 704 3131 Η.
722 3079 829 3132 Wolf.
865 3080 974 3146 [Nonne
992 3079 1055 3132 inde
1074 3077 1200 3149 colligas,
1228 3096 1291 3130 eum
1310 3074 1390 3128 habere

355 3167 380 3216 εἰ
399 3165 459 3235 quis
477 3164 504 3217 in
525 3166 671 3220 contextis?
707 3165 759 3219 Sed
785 3168 869 3222 edidit
892 3169 917 3219 si
942 3168 1008 3239 qui]
1046 3166 1104 3233 „lta
1129 3164 1283 3229 Victorius,
1309 3163 1390 3220 tuntas,

355 3252 480 3323 Langius,
500 3272 550 3307 nec
566 3253 642 3307 aliter
655 3256 843 3309 membranae:
862 3267 889 3310 et
906 3256 943 3309 sic
961 3274 1023 3308 mor
1041 3274 1070 3307 ex
1086 3254 1181 3307 eodem
1200 3253 1305 3325 Langio
1322 3265 1390 3303 metu·

356 3340 514 3412 branisque:
537 3343 562 3394 sr'
579 3343 638 3414 qui
655 3363 752 3411 pecus:
771 3345 890 3416 itemque
909 3350 1028 3396 Brutum
1045 3344 1070 3394 si
1088 3344 1147 3414 qui
1165 3352 1252 3412 roget,
1270 3359 1323 3393 non
1338 3336 1390 3409 puio

355 3444 408 3495 quo
427 3429 511 3482 utitur
529 3430 665 3483 interdum
686 3433 770 3503 magis
789 3452 819 3484 ex
838 3431 972 3486 voluntate
992 3430 1143 3495 edentium,
1163 3448 1248 3500 quam
1267 3448 1296 3481 ex
1313 3435 1389 3479 aucte
1424 3483 1425 3488 ,

356 3515 430 3569 ritate
449 3515 640 3572 MSStorum.“
665 3519 813 3573 Gronov.
850 3520 953 3575 Gernh.
972 3540 1001 3573 er
1020 3538 1106 3591 marg.
1124 3518 1207 3571 Verb.
1226 3512 1390 3571 notaritaliot
1423 3503 1425 3518 ²

355 3601 453 3656 habere
472 3606 496 3656 si
514 3607 600 3676 quid
615 3607 725 3659 velit.-
742 3608 824 3661 eoluit
839 3608 950 3663 fortasse
968 3608 993 3661 si
1011 3607 1087 3680 quis
1107 3605 1182 3669 velit,
1200 3615 1232 3658 ut
1246 3604 1325 3658 estin
1338 3596 1388 3654 Edi·

355 3690 613 3747 Atd.151¹t.1552.
641 3692 712 3748 Crat.
738 3695 841 3749 Manut.
866 3695 928 3750 Car.
952 3694 1044 3766 Steph.
1062 3694 1198 3766 Magmrlie
1227 3695 1254 3747 si
1272 3690 1388 3765 quivult

356 3776 455 3831 harem
472 3778 503 3830 u.
521 3779 607 3832 wolf.
626 3783 670 3847 (ut
686 3782 752 3852 aare)
775 3784 845 3837 vm.
863 3785 956 3837 Lamo.
973 3782 1057 3836 suffr.
1075 3785 1147 3837 rm.
1183 3782 1236 3835 na.
1255 3802 1313 3855 pec.
1331 3779 1388 3847 ue.
1417 3763 1425 3790 ⁴

355 3866 424 3919 Rob.
444 3864 536 3939 Steph.
554 3866 631 3921 Grut.
656 3869 741 3924 Gron.
768 3874 850 3926 Verb.
877 3872 929 3926 Or·
965 3871 1071 3943 Reliqui
1096 3872 1121 3923 si
1143 3870 1225 3942 quis
1251 3870 1319 3923 vult.
1349 3866 1388 3918 Pru
1418 3887 1425 3946 ὲ

356 3953 416 4004 vult
436 3951 503 4007 cod,
522 3953 628 4009 Suerin.
649 3977 677 4009 ex
695 3960 786 4026 veteri,
805 3958 946 4015 Ciceronis
961 3960 1051 4025 etiarn,
1071 3977 1156 4024 more,
1177 3959 1245 4014 volt.
1267 3988 1301 3999 -
1327 3954 1388 4010 Cete
1417 3977 1425 4024 e

355 4058 416 4092 rum
441 4040 474 4094 de
495 4042 632 4096 locutione
650 4047 675 4096 si
693 4048 740 4117 qui
758 4059 784 4101 et
802 4049 827 4099 si
845 4049 906 4119 quis
924 4060 1016 4101 utrum
1036 4058 1062 4101 et
1080 4046 1145 4119 quid
1166 4046 1311 4113 differant,
1334 4039 1388 4097 satir
1417 4071 1425 4156 p

355 4127 488 4181 variorum
508 4130 559 4183 sire
578 4132 675 4186 iudicia
694 4135 746 4187 sive
766 4147 918 4190 commenta
936 4155 1069 4207 exponere
1087 4145 1114 4188 et
1131 4134 1281 4189 diiudicare
1297 4135 1388 4203 tongum
1417 4159 1425 4208 p

355 4227 401 4270 est.
439 4213 520 4284 Quod
540 4218 561 4271 si
582 4220 641 4290 quis
659 4223 763 4292 potiora
779 4242 944 4294 cognoscere
961 4223 1030 4290 velit,
1049 4223 1106 4276 eius
1124 4224 1152 4275 in
1166 4242 1246 4275 usum
1264 4222 1331 4276 infra
1344 4219 1387 4272 lau·

355 4304 477 4358 dabimus
494 4306 590 4372 libros,
617 4308 688 4361 unde
713 4329 744 4362 ea
770 4330 935 4383 cognoscere
959 4311 1048 4383 possit.
1089 4310 1146 4362 Nos
1164 4310 1261 4381 paucis
1279 4308 1388 4375 deiungt·

356 4411 429 4457 mur,
461 4414 514 4448 una
540 4396 668 4448 sententia
695 4398 792 4465 electa,
820 4400 967 4472 unicuique
985 4400 1114 4454 iudicium
1138 4398 1323 4469 relinquentes
1338 4392 1388 4445 inte·

356 4494 434 4547 grum
457 4492 484 4535 et
506 4482 631 4538 liberum.
668 4483 780 4557 Optime
800 4489 928 4542 nimirum
948 4489 1011 4542 mihi
1031 4508 1088 4541 rem
1107 4486 1272 4557 expedivisse
1290 4483 1390 4539 sidentur
