<?xml version="1.0" encoding="UTF-8"?>
<!DOCTYPE html PUBLIC "-//W3C//DTD XHTML 1.0 Transitional//EN"
    "http://www.w3.org/TR/xhtml1/DTD/xhtml1-transitional.dtd">
<html xmlns="http://www.w3.org/1999/xhtml" xml:lang="en" lang="en">
 <head>
  <title>
</title>
<meta http-equiv="Content-Type" content="text/html;charset=utf-8" />
  <meta name='ocr-system' content='tesseract 3.04.00' />
  <meta name='ocr-capabilities' content='ocr_page ocr_carea ocr_par ocr_line ocrx_word'/>
</head>
<body>
  <div class='ocr_page' id='page_1' title='image "./mtulliiciceroni15cicegoog_0276.png"; bbox 0 0 3517 5450; ppageno 0'>
   <div class='ocr_carea' id='block_1_1' title="bbox 356 689 1079 766">
    <p class='ocr_par' dir='ltr' id='par_1_1' title="bbox 356 689 1079 766">
     <span class='ocr_line' id='line_1_1' title="bbox 356 689 1079 766; baseline -0.011 -2"><span class='ocrx_word' id='word_1_1' title='bbox 356 689 430 766; x_wconf 87' lang='lat'><em>230</em></span> <span class='ocrx_word' id='word_1_2' title='bbox 682 709 854 757; x_wconf 70' lang='lat' dir='ltr'><em>rtunnoxo</em></span> <span class='ocrx_word' id='word_1_3' title='bbox 884 709 1079 756; x_wconf 82' lang='lat' dir='ltr'><em>srotconuu.</em></span> 
     </span>
    </p>
   </div>
   <div class='ocr_carea' id='block_1_2' title="bbox 307 865 1400 4550">
    <p class='ocr_par' dir='ltr' id='par_1_2' title="bbox 355 865 1398 1121">
     <span class='ocr_line' id='line_1_2' title="bbox 355 865 1398 942; baseline -0.008 -14"><span class='ocrx_word' id='word_1_4' title='bbox 355 877 384 929; x_wconf 93' lang='lat' dir='ltr'><em>in</em></span> <span class='ocrx_word' id='word_1_5' title='bbox 404 873 474 928; x_wconf 88' lang='lat' dir='ltr'><em>diem</em></span> <span class='ocrx_word' id='word_1_6' title='bbox 499 871 794 942; x_wconf 79' lang='lat' dir='ltr'><em>addictione.¹‘-Xyst.</em></span> <span class='ocrx_word' id='word_1_7' title='bbox 824 869 935 923; x_wconf 87' lang='lat' dir='ltr'><em>Betui.</em></span> <span class='ocrx_word' id='word_1_8' title='bbox 981 868 1023 923; x_wconf 86' lang='lat' dir='ltr'><em>De</em></span> <span class='ocrx_word' id='word_1_9' title='bbox 1052 868 1110 939; x_wconf 83' lang='lat' dir='ltr'><em>iege</em></span> <span class='ocrx_word' id='word_1_10' title='bbox 1130 865 1188 920; x_wconf 85' lang='lat' dir='ltr'><em>Xli.</em></span> <span class='ocrx_word' id='word_1_11' title='bbox 1215 869 1306 921; x_wconf 87' lang='lat' dir='ltr'><em>Tabb.</em></span> <span class='ocrx_word' id='word_1_12' title='bbox 1330 888 1398 940; x_wconf 80' lang='lat' dir='ltr'><em>quam</em></span> 
     </span>
     <span class='ocr_line' id='line_1_3' title="bbox 356 955 1398 1031; baseline -0.01 -15"><span class='ocrx_word' id='word_1_13' title='bbox 356 963 446 1018; x_wconf 86' lang='lat' dir='ltr'><em>laudat</em></span> <span class='ocrx_word' id='word_1_14' title='bbox 463 960 534 1031; x_wconf 84' lang='lat' dir='ltr'><em>Xyst.</em></span> <span class='ocrx_word' id='word_1_15' title='bbox 554 957 611 1012; x_wconf 84' lang='lat' dir='ltr'><em>Bet.</em></span> <span class='ocrx_word' id='word_1_16' title='bbox 630 958 680 1010; x_wconf 80' lang='lat' dir='ltr'><em>vid.</em></span> <span class='ocrx_word' id='word_1_17' title='bbox 705 958 743 1012; x_wconf 91' lang='grc' dir='ltr'><strong>Ιο.</strong></span> <span class='ocrx_word' id='word_1_18' title='bbox 763 957 819 1011; x_wconf 87' lang='lat' dir='ltr'><em>Nic.</em></span> <span class='ocrx_word' id='word_1_19' title='bbox 838 956 952 1011; x_wconf 81' lang='lat' dir='ltr'><em>Funcoii</em></span> <span class='ocrx_word' id='word_1_20' title='bbox 982 957 1064 1027; x_wconf 83' lang='lat' dir='ltr'><em>Leges</em></span> <span class='ocrx_word' id='word_1_21' title='bbox 1083 955 1140 1014; x_wconf 90' lang='grc' dir='ltr'><strong>Χ11.</strong></span> <span class='ocrx_word' id='word_1_22' title='bbox 1165 956 1254 1010; x_wconf 86' lang='lat' dir='ltr'><em>Tabb.</em></span> <span class='ocrx_word' id='word_1_23' title='bbox 1275 956 1314 1025; x_wconf 84' lang='lat'><em>(4.</em></span> <span class='ocrx_word' id='word_1_24' title='bbox 1339 955 1398 1008; x_wconf 84' lang='lat' dir='ltr'><em>Rint.</em></span> 
     </span>
     <span class='ocr_line' id='line_1_4' title="bbox 356 1045 767 1121; baseline -0.019 -15"><span class='ocrx_word' id='word_1_25' title='bbox 356 1051 491 1121; x_wconf 76' lang='grc' dir='ltr'><strong>1114.)ρ.</strong></span> <span class='ocrx_word' id='word_1_26' title='bbox 512 1048 672 1102; x_wconf 75' lang='grc'><strong>254-158.</strong></span> <span class='ocrx_word' id='word_1_27' title='bbox 709 1045 767 1098; x_wconf 83' lang='lat' dir='ltr'><em>Mr.</em></span> 
     </span>
    </p>

    <p class='ocr_par' dir='ltr' id='par_1_3' title="bbox 354 1131 1399 2432">
     <span class='ocr_line' id='line_1_5' title="bbox 428 1131 1398 1203; baseline -0.002 -14"><span class='ocrx_word' id='word_1_28' title='bbox 428 1137 518 1203; x_wconf 83' lang='lat' dir='ltr'><em>Nexu]</em></span> <span class='ocrx_word' id='word_1_29' title='bbox 557 1133 622 1199; x_wconf 82' lang='lat' dir='ltr'><em>„sic</em></span> <span class='ocrx_word' id='word_1_30' title='bbox 646 1133 776 1186; x_wconf 79' lang='lat' dir='ltr'>sexdecim</span> <span class='ocrx_word' id='word_1_31' title='bbox 797 1133 856 1184; x_wconf 84' lang='lat' dir='ltr'><em>mei.</em></span> <span class='ocrx_word' id='word_1_32' title='bbox 893 1132 956 1184; x_wconf 90' lang='lat' dir='ltr'><em>Duo</em></span> <span class='ocrx_word' id='word_1_33' title='bbox 974 1134 1063 1185; x_wconf 84' lang='lat' dir='ltr'><em>oere.“</em></span> <span class='ocrx_word' id='word_1_34' title='bbox 1082 1131 1155 1187; x_wconf 76' lang='lat' dir='ltr'><em>Atd.</em></span> <span class='ocrx_word' id='word_1_35' title='bbox 1177 1132 1266 1185; x_wconf 88' lang='lat' dir='ltr'><em>Man.</em></span> <span class='ocrx_word' id='word_1_36' title='bbox 1303 1135 1398 1198; x_wconf 82' lang='lat' dir='ltr'><em>„Nesm</em></span> 
     </span>
     <span class='ocr_line' id='line_1_6' title="bbox 357 1218 1399 1297; baseline -0.006 -17"><span class='ocrx_word' id='word_1_37' title='bbox 357 1235 412 1280; x_wconf 83' lang='lat' dir='ltr'><em>erat</em></span> <span class='ocrx_word' id='word_1_38' title='bbox 432 1223 563 1297; x_wconf 80' lang='lat' dir='ltr'>quaedam</span> <span class='ocrx_word' id='word_1_39' title='bbox 580 1223 645 1275; x_wconf 86' lang='lat' dir='ltr'><em>iuris</em></span> <span class='ocrx_word' id='word_1_40' title='bbox 659 1221 811 1287; x_wconf 84' lang='lat' dir='ltr'><em>solennitas,</em></span> <span class='ocrx_word' id='word_1_41' title='bbox 834 1239 904 1291; x_wconf 88' lang='lat' dir='ltr'><em>quae</em></span> <span class='ocrx_word' id='word_1_42' title='bbox 922 1220 950 1272; x_wconf 90' lang='lat' dir='ltr'><em>in</em></span> <span class='ocrx_word' id='word_1_43' title='bbox 969 1238 1060 1271; x_wconf 89' lang='lat' dir='ltr'><em>rerum</em></span> <span class='ocrx_word' id='word_1_44' title='bbox 1078 1218 1276 1274; x_wconf 88' lang='lat' dir='ltr'><em>abalienatione</em></span> <span class='ocrx_word' id='word_1_45' title='bbox 1293 1220 1350 1274; x_wconf 77' lang='lat' dir='ltr'><em>steri</em></span> <span class='ocrx_word' id='word_1_46' title='bbox 1365 1241 1399 1274; x_wconf 82' lang='lat' dir='ltr'><em>so·</em></span> 
     </span>
     <span class='ocr_line' id='line_1_7' title="bbox 357 1306 1398 1372; baseline -0.007 -5"><span class='ocrx_word' id='word_1_47' title='bbox 357 1315 434 1368; x_wconf 88' lang='lat' dir='ltr'><em>lebat.</em></span> <span class='ocrx_word' id='word_1_48' title='bbox 472 1311 533 1364; x_wconf 86' lang='lat' dir='ltr'><em>Gaii</em></span> <span class='ocrx_word' id='word_1_49' title='bbox 553 1309 731 1364; x_wconf 82' lang='lat' dir='ltr'><em>iurisconsulti</em></span> <span class='ocrx_word' id='word_1_50' title='bbox 760 1308 793 1361; x_wconf 88' lang='lat' dir='ltr'><em>de</em></span> <span class='ocrx_word' id='word_1_51' title='bbox 819 1327 888 1361; x_wconf 82' lang='lat' dir='ltr'><em>nexu</em></span> <span class='ocrx_word' id='word_1_52' title='bbox 908 1306 1031 1361; x_wconf 81' lang='lat' dir='ltr'><em>iaciendo</em></span> <span class='ocrx_word' id='word_1_53' title='bbox 1056 1306 1123 1362; x_wconf 86' lang='lat' dir='ltr'><em>baec</em></span> <span class='ocrx_word' id='word_1_54' title='bbox 1150 1308 1231 1361; x_wconf 80' lang='lat' dir='ltr'><em>verba</em></span> <span class='ocrx_word' id='word_1_55' title='bbox 1250 1319 1327 1361; x_wconf 87' lang='lat' dir='ltr'><em>sunt:</em></span> <span class='ocrx_word' id='word_1_56' title='bbox 1351 1313 1398 1372; x_wconf 81' lang='lat' dir='ltr'><em>Est,</em></span> 
     </span>
     <span class='ocr_line' id='line_1_8' title="bbox 356 1395 1398 1474; baseline -0.008 -18"><span class='ocrx_word' id='word_1_57' title='bbox 356 1401 458 1474; x_wconf 86' lang='lat' dir='ltr'><em>inquit,</em></span> <span class='ocrx_word' id='word_1_58' title='bbox 478 1399 641 1467; x_wconf 78' lang='lat' dir='ltr'><em>mancipatio</em></span> <span class='ocrx_word' id='word_1_59' title='bbox 658 1397 822 1468; x_wconf 80' lang='lat' dir='ltr'><em>imaginario</em></span> <span class='ocrx_word' id='word_1_60' title='bbox 850 1395 983 1468; x_wconf 81' lang='lat' dir='ltr'><em>quaedum</em></span> <span class='ocrx_word' id='word_1_61' title='bbox 1001 1395 1134 1461; x_wconf 73' lang='lat' dir='ltr'><em>venditio,</em></span> <span class='ocrx_word' id='word_1_62' title='bbox 1158 1397 1232 1468; x_wconf 88' lang='lat' dir='ltr'><em>quod</em></span> <span class='ocrx_word' id='word_1_63' title='bbox 1255 1398 1344 1466; x_wconf 82' lang='lat' dir='ltr'><em>ipsum</em></span> <span class='ocrx_word' id='word_1_64' title='bbox 1365 1398 1398 1448; x_wconf 87' lang='lat' dir='ltr'><em>ius</em></span> 
     </span>
     <span class='ocr_line' id='line_1_9' title="bbox 354 1483 1399 1561; baseline -0.005 -22"><span class='ocrx_word' id='word_1_65' title='bbox 354 1489 492 1561; x_wconf 87' lang='lat' dir='ltr'><em>proprium</em></span> <span class='ocrx_word' id='word_1_66' title='bbox 510 1496 550 1538; x_wconf 85' lang='lat' dir='ltr'><em>est</em></span> <span class='ocrx_word' id='word_1_67' title='bbox 569 1486 667 1536; x_wconf 85' lang='lat' dir='ltr'><em>civium</em></span> <span class='ocrx_word' id='word_1_68' title='bbox 685 1488 883 1536; x_wconf 79' lang='lat' dir='ltr'><em>Romanorum:</em></span> <span class='ocrx_word' id='word_1_69' title='bbox 902 1500 988 1554; x_wconf 81' lang='lat' dir='ltr'><em>eaque</em></span> <span class='ocrx_word' id='word_1_70' title='bbox 1006 1501 1048 1534; x_wconf 85' lang='lat' dir='ltr'><em>res</em></span> <span class='ocrx_word' id='word_1_71' title='bbox 1065 1483 1107 1533; x_wconf 81' lang='lat' dir='ltr'><em>ita</em></span> <span class='ocrx_word' id='word_1_72' title='bbox 1126 1483 1239 1554; x_wconf 82' lang='lat' dir='ltr'><em>agitur:</em></span> <span class='ocrx_word' id='word_1_73' title='bbox 1269 1483 1399 1536; x_wconf 84' lang='lat' dir='ltr'><em>Adbibitis</em></span> 
     </span>
     <span class='ocr_line' id='line_1_10' title="bbox 357 1569 1398 1645; baseline -0.007 -17"><span class='ocrx_word' id='word_1_74' title='bbox 357 1596 408 1629; x_wconf 91' lang='lat' dir='ltr'><em>non</em></span> <span class='ocrx_word' id='word_1_75' title='bbox 427 1575 514 1626; x_wconf 73' lang='lat' dir='ltr'><em>ocinus</em></span> <span class='ocrx_word' id='word_1_76' title='bbox 533 1590 615 1645; x_wconf 81' lang='lat' dir='ltr'><em>quam</em></span> <span class='ocrx_word' id='word_1_77' title='bbox 633 1572 750 1644; x_wconf 84' lang='lat' dir='ltr'><em>quinque</em></span> <span class='ocrx_word' id='word_1_78' title='bbox 768 1569 885 1624; x_wconf 83' lang='lat' dir='ltr'><em>testibus</em></span> <span class='ocrx_word' id='word_1_79' title='bbox 920 1570 1022 1623; x_wconf 79' lang='lat' dir='ltr'><em>ciuibus</em></span> <span class='ocrx_word' id='word_1_80' title='bbox 1046 1572 1175 1623; x_wconf 79' lang='lat' dir='ltr'><em>Romania</em></span> <span class='ocrx_word' id='word_1_81' title='bbox 1196 1571 1360 1641; x_wconf 76' lang='lat' dir='ltr'><em>puberibus,</em></span> <span class='ocrx_word' id='word_1_82' title='bbox 1378 1582 1398 1622; x_wconf 93' lang='lat' dir='ltr'><em>et</em></span> 
     </span>
     <span class='ocr_line' id='line_1_11' title="bbox 355 1658 1399 1732; baseline 0.002 -23"><span class='ocrx_word' id='word_1_83' title='bbox 355 1671 497 1731; x_wconf 81' lang='lat' dir='ltr'><em>praetereo</em></span> <span class='ocrx_word' id='word_1_84' title='bbox 513 1660 569 1710; x_wconf 85' lang='lat' dir='ltr'><em>olio</em></span> <span class='ocrx_word' id='word_1_85' title='bbox 587 1660 704 1712; x_wconf 82' lang='lat' dir='ltr'><em>eiusdem</em></span> <span class='ocrx_word' id='word_1_86' title='bbox 725 1658 902 1724; x_wconf 86' lang='lat' dir='ltr'><em>conditionis,</em></span> <span class='ocrx_word' id='word_1_87' title='bbox 922 1659 970 1732; x_wconf 84' lang='lat' dir='ltr'><em>qui</em></span> <span class='ocrx_word' id='word_1_88' title='bbox 988 1658 1085 1710; x_wconf 81' lang='lat' dir='ltr'><em>tibrum</em></span> <span class='ocrx_word' id='word_1_89' title='bbox 1103 1676 1215 1711; x_wconf 83' lang='lat' dir='ltr'><em>aeneum</em></span> <span class='ocrx_word' id='word_1_90' title='bbox 1234 1670 1340 1723; x_wconf 83' lang='lat' dir='ltr'><em>teneat,</em></span> <span class='ocrx_word' id='word_1_91' title='bbox 1362 1662 1399 1731; x_wconf 84' lang='lat' dir='ltr'><em>qui</em></span> 
     </span>
     <span class='ocr_line' id='line_1_12' title="bbox 357 1746 1399 1820; baseline -0.005 -19"><span class='ocrx_word' id='word_1_92' title='bbox 357 1749 513 1820; x_wconf 80' lang='lat' dir='ltr'><em>appellatur</em></span> <span class='ocrx_word' id='word_1_93' title='bbox 530 1746 665 1816; x_wconf 78' lang='lat' dir='ltr'><em>libripens.</em></span> <span class='ocrx_word' id='word_1_94' title='bbox 701 1751 731 1799; x_wconf 85' lang='lat' dir='ltr'><em>Is</em></span> <span class='ocrx_word' id='word_1_95' title='bbox 751 1748 798 1820; x_wconf 85' lang='lat' dir='ltr'><em>qui</em></span> <span class='ocrx_word' id='word_1_96' title='bbox 815 1748 978 1817; x_wconf 85' lang='lat' dir='ltr'><em>rnoncipium</em></span> <span class='ocrx_word' id='word_1_97' title='bbox 996 1747 1112 1817; x_wconf 83' lang='lat' dir='ltr'><em>occipit,</em></span> <span class='ocrx_word' id='word_1_98' title='bbox 1129 1765 1176 1800; x_wconf 84' lang='lat' dir='ltr'><em>aes</em></span> <span class='ocrx_word' id='word_1_99' title='bbox 1195 1757 1294 1799; x_wconf 74' lang='lat' dir='ltr'><em>tenens</em></span> <span class='ocrx_word' id='word_1_100' title='bbox 1311 1747 1350 1798; x_wconf 85' lang='lat' dir='ltr'><em>ita</em></span> <span class='ocrx_word' id='word_1_101' title='bbox 1366 1746 1399 1796; x_wconf 90' lang='lat' dir='ltr'><em>di-</em></span> 
     </span>
     <span class='ocr_line' id='line_1_13' title="bbox 357 1834 1398 1907; baseline -0.005 -20"><span class='ocrx_word' id='word_1_102' title='bbox 357 1839 411 1888; x_wconf 82' lang='lat' dir='ltr'><em>cit:</em></span> <span class='ocrx_word' id='word_1_103' title='bbox 444 1839 504 1907; x_wconf 80' lang='lat' dir='ltr'><em>Ego</em></span> <span class='ocrx_word' id='word_1_104' title='bbox 523 1836 595 1886; x_wconf 86' lang='lat' dir='ltr'><em>bunc</em></span> <span class='ocrx_word' id='word_1_105' title='bbox 618 1835 797 1887; x_wconf 75' lang='lat' dir='ltr'><em>hominemex</em></span> <span class='ocrx_word' id='word_1_106' title='bbox 816 1836 875 1886; x_wconf 91' lang='lat' dir='ltr'><em>iure</em></span> <span class='ocrx_word' id='word_1_107' title='bbox 894 1835 1044 1904; x_wconf 83' lang='lat' dir='ltr'><em>Quiritium</em></span> <span class='ocrx_word' id='word_1_108' title='bbox 1069 1852 1153 1886; x_wconf 80' lang='lat' dir='ltr'><em>nreum</em></span> <span class='ocrx_word' id='word_1_109' title='bbox 1171 1853 1230 1886; x_wconf 86' lang='lat' dir='ltr'><em>esee</em></span> <span class='ocrx_word' id='word_1_110' title='bbox 1254 1834 1313 1902; x_wconf 85' lang='lat' dir='ltr'><em>aio,</em></span> <span class='ocrx_word' id='word_1_111' title='bbox 1337 1836 1398 1904; x_wconf 81' lang='lat' dir='ltr'><em>isque</em></span> 
     </span>
     <span class='ocr_line' id='line_1_14' title="bbox 357 1920 1398 1994; baseline -0.007 -17"><span class='ocrx_word' id='word_1_112' title='bbox 357 1925 422 1977; x_wconf 82' lang='lat' dir='ltr'><em>mibi</em></span> <span class='ocrx_word' id='word_1_113' title='bbox 439 1935 544 1992; x_wconf 81' lang='lat' dir='ltr'><em>emptus</em></span> <span class='ocrx_word' id='word_1_114' title='bbox 559 1933 600 1974; x_wconf 86' lang='lat' dir='ltr'><em>est</em></span> <span class='ocrx_word' id='word_1_115' title='bbox 621 1923 703 1975; x_wconf 85' lang='lat' dir='ltr'><em>buius</em></span> <span class='ocrx_word' id='word_1_116' title='bbox 722 1941 783 1975; x_wconf 86' lang='lat' dir='ltr'><em>aere</em></span> <span class='ocrx_word' id='word_1_117' title='bbox 802 1940 939 1994; x_wconf 76' lang='lat' dir='ltr'><em>aeneaque</em></span> <span class='ocrx_word' id='word_1_118' title='bbox 956 1921 1036 1975; x_wconf 85' lang='lat' dir='ltr'><em>libro.</em></span> <span class='ocrx_word' id='word_1_119' title='bbox 1072 1923 1176 1974; x_wconf 78' lang='lat' dir='ltr'><em>Deinde</em></span> <span class='ocrx_word' id='word_1_120' title='bbox 1184 1920 1398 1992; x_wconf 85' lang='lat' dir='ltr'><em>percutitiibran</em></span> 
     </span>
     <span class='ocr_line' id='line_1_15' title="bbox 356 2008 1396 2082; baseline -0.002 -20"><span class='ocrx_word' id='word_1_121' title='bbox 356 2030 430 2075; x_wconf 81' lang='lat' dir='ltr'><em>cere,</em></span> <span class='ocrx_word' id='word_1_122' title='bbox 448 2011 529 2082; x_wconf 82' lang='lat' dir='ltr'><em>idque</em></span> <span class='ocrx_word' id='word_1_123' title='bbox 553 2029 599 2062; x_wconf 87' lang='lat' dir='ltr'><em>nes</em></span> <span class='ocrx_word' id='word_1_124' title='bbox 624 2009 673 2061; x_wconf 86' lang='lat' dir='ltr'><em>dot</em></span> <span class='ocrx_word' id='word_1_125' title='bbox 697 2013 736 2075; x_wconf 88' lang='lat' dir='ltr'><em>ei,</em></span> <span class='ocrx_word' id='word_1_126' title='bbox 756 2030 773 2061; x_wconf 87' lang='lat' dir='ltr'><strong><em>a</em></strong></span> <span class='ocrx_word' id='word_1_127' title='bbox 793 2030 845 2082; x_wconf 85' lang='lat' dir='ltr'><em>quo</em></span> <span class='ocrx_word' id='word_1_128' title='bbox 865 2011 1026 2080; x_wconf 81' lang='lat' dir='ltr'><em>mancipium</em></span> <span class='ocrx_word' id='word_1_129' title='bbox 1044 2011 1142 2080; x_wconf 85' lang='lat' dir='ltr'><em>accipit</em></span> <span class='ocrx_word' id='word_1_130' title='bbox 1155 2010 1237 2082; x_wconf 82' lang='lat' dir='ltr'><em>quusi</em></span> <span class='ocrx_word' id='word_1_131' title='bbox 1252 2008 1396 2079; x_wconf 85' lang='lat' dir='ltr'><em>pretiiioco.</em></span> 
     </span>
     <span class='ocr_line' id='line_1_16' title="bbox 360 2097 1396 2168; baseline -0.003 -17"><span class='ocrx_word' id='word_1_132' title='bbox 360 2098 445 2151; x_wconf 82' lang='lat' dir='ltr'><em>Nulla</em></span> <span class='ocrx_word' id='word_1_133' title='bbox 463 2108 554 2149; x_wconf 82' lang='lat' dir='ltr'><em>autem</em></span> <span class='ocrx_word' id='word_1_134' title='bbox 574 2116 616 2149; x_wconf 87' lang='lat' dir='ltr'><em>res</em></span> <span class='ocrx_word' id='word_1_135' title='bbox 635 2097 691 2168; x_wconf 81' lang='lat' dir='ltr'><em>iege</em></span> <span class='ocrx_word' id='word_1_136' title='bbox 716 2101 788 2151; x_wconf 89' lang='lat' dir='ltr'><strong><em>XII.</em></strong></span> <span class='ocrx_word' id='word_1_137' title='bbox 806 2098 964 2151; x_wconf 81' lang='lat' dir='ltr'><em>tabularum</em></span> <span class='ocrx_word' id='word_1_138' title='bbox 982 2098 1076 2160; x_wconf 80' lang='lat' dir='ltr'><em>aliter,</em></span> <span class='ocrx_word' id='word_1_139' title='bbox 1095 2098 1148 2149; x_wconf 88' lang='lat' dir='ltr'><em>nisi</em></span> <span class='ocrx_word' id='word_1_140' title='bbox 1164 2116 1215 2167; x_wconf 83' lang='lat' dir='ltr'><em>per</em></span> <span class='ocrx_word' id='word_1_141' title='bbox 1236 2098 1309 2149; x_wconf 84' lang='lat' dir='ltr'><em>bono</em></span> <span class='ocrx_word' id='word_1_142' title='bbox 1326 2098 1396 2150; x_wconf 87' lang='lat' dir='ltr'><em>soien-</em></span> 
     </span>
     <span class='ocr_line' id='line_1_17' title="bbox 357 2183 1397 2256; baseline -0.005 -18"><span class='ocrx_word' id='word_1_143' title='bbox 357 2188 468 2238; x_wconf 87' lang='lat' dir='ltr'><em>nitotem</em></span> <span class='ocrx_word' id='word_1_144' title='bbox 488 2185 639 2237; x_wconf 81' lang='lat' dir='ltr'><em>abalienari</em></span> <span class='ocrx_word' id='word_1_145' title='bbox 655 2188 792 2254; x_wconf 84' lang='lat' dir='ltr'><em>poterat.“</em></span> <span class='ocrx_word' id='word_1_146' title='bbox 811 2186 884 2239; x_wconf 89' lang='lat' dir='ltr'><em>Frc.</em></span> <span class='ocrx_word' id='word_1_147' title='bbox 903 2184 996 2256; x_wconf 78' lang='lat' dir='ltr'><em>Syiv.</em></span> <span class='ocrx_word' id='word_1_148' title='bbox 1033 2183 1197 2255; x_wconf 85' lang='lat' dir='ltr'><em>„Emptione</em></span> <span class='ocrx_word' id='word_1_149' title='bbox 1216 2196 1242 2237; x_wconf 88' lang='lat' dir='ltr'><em>et</em></span> <span class='ocrx_word' id='word_1_150' title='bbox 1253 2184 1313 2236; x_wconf 89' lang='lat' dir='ltr'><em>iure</em></span> <span class='ocrx_word' id='word_1_151' title='bbox 1325 2201 1397 2236; x_wconf 80' lang='lat' dir='ltr'><em>nexus</em></span> 
     </span>
     <span class='ocr_line' id='line_1_18' title="bbox 357 2269 1397 2344; baseline -0.008 -17"><span class='ocrx_word' id='word_1_152' title='bbox 357 2273 409 2327; x_wconf 76' lang='lat' dir='ltr'><em>Atii</em></span> <span class='ocrx_word' id='word_1_153' title='bbox 429 2273 522 2344; x_wconf 79' lang='lat' dir='ltr'><em>legunt</em></span> <span class='ocrx_word' id='word_1_154' title='bbox 539 2276 635 2328; x_wconf 86' lang='lat' dir='ltr'><em>nexo.“</em></span> <span class='ocrx_word' id='word_1_155' title='bbox 672 2271 836 2340; x_wconf 86' lang='lat' dir='ltr'><em>[Gernbardi</em></span> <span class='ocrx_word' id='word_1_156' title='bbox 855 2273 905 2326; x_wconf 88' lang='lat' dir='ltr'><em>Ed.</em></span> <span class='ocrx_word' id='word_1_157' title='bbox 920 2272 1101 2328; x_wconf 84' lang='lat' dir='ltr'><em>Faccioiatum</em></span> <span class='ocrx_word' id='word_1_158' title='bbox 1120 2271 1256 2326; x_wconf 85' lang='lat' dir='ltr'><em>dicentem</em></span> <span class='ocrx_word' id='word_1_159' title='bbox 1272 2271 1334 2324; x_wconf 85' lang='lat' dir='ltr'><em>iacit</em></span> <span class='ocrx_word' id='word_1_160' title='bbox 1345 2269 1397 2323; x_wconf 83' lang='lat' dir='ltr'><em>aiios</em></span> 
     </span>
     <span class='ocr_line' id='line_1_19' title="bbox 358 2360 953 2432; baseline 0.003 -19"><span class='ocrx_word' id='word_1_161' title='bbox 358 2361 447 2431; x_wconf 80' lang='lat' dir='ltr'><em>legere</em></span> <span class='ocrx_word' id='word_1_162' title='bbox 465 2379 558 2413; x_wconf 83' lang='lat' dir='ltr'><em>nexus.</em></span> <span class='ocrx_word' id='word_1_163' title='bbox 594 2361 763 2432; x_wconf 75' lang='lat' dir='ltr'><em>Perpetem]</em></span> <span class='ocrx_word' id='word_1_164' title='bbox 800 2360 953 2416; x_wconf 86' lang='lat' dir='ltr'><em>Faccioi.</em></span> 
     </span>
    </p>

    <p class='ocr_par' dir='ltr' id='par_1_4' title="bbox 307 2436 1400 4550">
     <span class='ocr_line' id='line_1_20' title="bbox 429 2436 1396 2521; baseline -0.005 -21"><span class='ocrx_word' id='word_1_165' title='bbox 429 2460 580 2520; x_wconf 83' lang='lat' dir='ltr'><em>quaesunt</em></span> <span class='ocrx_word' id='word_1_166' title='bbox 600 2436 762 2501; x_wconf 86' lang='lat' dir='ltr'><em>dominorum</em></span> <span class='ocrx_word' id='word_1_167' title='bbox 776 2451 862 2520; x_wconf 81' lang='lat' dir='ltr'><em>facta</em></span> <span class='ocrx_word' id='word_1_168' title='bbox 880 2444 995 2521; x_wconf 82' lang='lat' dir='ltr'><em>nexu,]</em></span> <span class='ocrx_word' id='word_1_169' title='bbox 1029 2448 1110 2516; x_wconf 91' lang='lat' dir='ltr'><em>Quod</em></span> <span class='ocrx_word' id='word_1_170' title='bbox 1139 2447 1203 2501; x_wconf 80' lang='lat' dir='ltr'><em>dixit</em></span> <span class='ocrx_word' id='word_1_171' title='bbox 1227 2445 1262 2499; x_wconf 87' lang='lat' dir='ltr'><em>C.</em></span> <span class='ocrx_word' id='word_1_172' title='bbox 1286 2445 1396 2515; x_wconf 77' lang='lat' dir='ltr'><em>Longius,</em></span> 
     </span>
     <span class='ocr_line' id='line_1_21' title="bbox 358 2526 1397 2609; baseline -0.003 -22"><span class='ocrx_word' id='word_1_173' title='bbox 358 2535 475 2607; x_wconf 87' lang='lat' dir='ltr'><em>optimos</em></span> <span class='ocrx_word' id='word_1_174' title='bbox 491 2536 574 2589; x_wconf 84' lang='lat' dir='ltr'><em>libros</em></span> <span class='ocrx_word' id='word_1_175' title='bbox 592 2526 688 2590; x_wconf 81' lang='lat' dir='ltr'><em>babere</em></span> <span class='ocrx_word' id='word_1_176' title='bbox 708 2555 789 2604; x_wconf 75' lang='lat' dir='ltr'><em>nexo,</em></span> <span class='ocrx_word' id='word_1_177' title='bbox 814 2538 942 2609; x_wconf 77' lang='lat' dir='ltr'><em>additque</em></span> <span class='ocrx_word' id='word_1_178' title='bbox 959 2536 1118 2600; x_wconf 77' lang='lat' dir='ltr'><em>Lambinus,</em></span> <span class='ocrx_word' id='word_1_179' title='bbox 1144 2555 1172 2588; x_wconf 83' lang='lat' dir='ltr'><em>se</em></span> <span class='ocrx_word' id='word_1_180' title='bbox 1190 2553 1225 2588; x_wconf 86' lang='lat' dir='ltr'><em>ue</em></span> <span class='ocrx_word' id='word_1_181' title='bbox 1246 2552 1331 2587; x_wconf 88' lang='lat' dir='ltr'><em>unum</em></span> <span class='ocrx_word' id='word_1_182' title='bbox 1347 2533 1397 2604; x_wconf 90' lang='lat' dir='ltr'><em>qui·</em></span> 
     </span>
     <span class='ocr_line' id='line_1_22' title="bbox 307 2620 1399 2696; baseline -0.004 -22"><span class='ocrx_word' id='word_1_183' title='bbox 307 2644 312 2653; x_wconf 34' lang='grc' dir='ltr'><strong>Δ</strong></span> <span class='ocrx_word' id='word_1_184' title='bbox 356 2621 417 2674; x_wconf 88' lang='lat' dir='ltr'><em>dem</em></span> <span class='ocrx_word' id='word_1_185' title='bbox 437 2622 535 2675; x_wconf 86' lang='lat' dir='ltr'><em>librum</em></span> <span class='ocrx_word' id='word_1_186' title='bbox 556 2623 661 2690; x_wconf 82' lang='lat' dir='ltr'><em>vidisse,</em></span> <span class='ocrx_word' id='word_1_187' title='bbox 687 2624 734 2696; x_wconf 88' lang='lat' dir='ltr'><em>qui</em></span> <span class='ocrx_word' id='word_1_188' title='bbox 751 2625 887 2677; x_wconf 85' lang='lat' dir='ltr'><em>exhiberet</em></span> <span class='ocrx_word' id='word_1_189' title='bbox 913 2643 998 2688; x_wconf 77' lang='lat' dir='ltr'><em>nexu,</em></span> <span class='ocrx_word' id='word_1_190' title='bbox 1024 2624 1051 2677; x_wconf 85' lang='lat' dir='ltr'><em>id</em></span> <span class='ocrx_word' id='word_1_191' title='bbox 1081 2625 1135 2676; x_wconf 86' lang='lat' dir='ltr'><em>iam</em></span> <span class='ocrx_word' id='word_1_192' title='bbox 1160 2642 1190 2675; x_wconf 77' lang='lat' dir='ltr'><em>er</em></span> <span class='ocrx_word' id='word_1_193' title='bbox 1217 2622 1281 2675; x_wconf 81' lang='lat' dir='ltr'><em>Aidi</em></span> <span class='ocrx_word' id='word_1_194' title='bbox 1299 2620 1399 2674; x_wconf 83' lang='lat' dir='ltr'><em>Manutii</em></span> 
     </span>
     <span class='ocr_line' id='line_1_23' title="bbox 357 2708 1399 2785; baseline -0.003 -22"><span class='ocrx_word' id='word_1_195' title='bbox 357 2710 470 2765; x_wconf 86' lang='lat' dir='ltr'><em>sedecim</em></span> <span class='ocrx_word' id='word_1_196' title='bbox 491 2711 642 2776; x_wconf 80' lang='lat' dir='ltr'><em>codicibus,</em></span> <span class='ocrx_word' id='word_1_197' title='bbox 668 2713 714 2784; x_wconf 86' lang='lat' dir='ltr'><em>qui</em></span> <span class='ocrx_word' id='word_1_198' title='bbox 737 2712 912 2785; x_wconf 73' lang='lat' dir='ltr'><em>posteriorem</em></span> <span class='ocrx_word' id='word_1_199' title='bbox 932 2713 1032 2767; x_wconf 81' lang='lat' dir='ltr'><em>babent</em></span> <span class='ocrx_word' id='word_1_200' title='bbox 1056 2711 1247 2784; x_wconf 82' lang='lat' dir='ltr'><em>scriptionem,</em></span> <span class='ocrx_word' id='word_1_201' title='bbox 1278 2708 1348 2764; x_wconf 82' lang='lat' dir='ltr'><em>vaide</em></span> <span class='ocrx_word' id='word_1_202' title='bbox 1364 2728 1399 2761; x_wconf 86' lang='lat' dir='ltr'><em>re-</em></span> 
     </span>
     <span class='ocr_line' id='line_1_24' title="bbox 356 2798 1398 2873; baseline -0.006 -21"><span class='ocrx_word' id='word_1_203' title='bbox 356 2801 502 2871; x_wconf 67' lang='lat' dir='ltr'><em>stringitur.</em></span> <span class='ocrx_word' id='word_1_204' title='bbox 539 2799 628 2853; x_wconf 85' lang='lat' dir='ltr'><em>Editio</em></span> <span class='ocrx_word' id='word_1_205' title='bbox 652 2802 761 2873; x_wconf 87' lang='lat' dir='ltr'><em>quidem</em></span> <span class='ocrx_word' id='word_1_206' title='bbox 788 2821 817 2854; x_wconf 82' lang='lat' dir='ltr'><em>ex</em></span> <span class='ocrx_word' id='word_1_207' title='bbox 843 2802 974 2855; x_wconf 80' lang='lat' dir='ltr'><em>veteribus</em></span> <span class='ocrx_word' id='word_1_208' title='bbox 999 2800 1072 2854; x_wconf 86' lang='lat' dir='ltr'><em>nulia</em></span> <span class='ocrx_word' id='word_1_209' title='bbox 1098 2800 1202 2854; x_wconf 83' lang='lat' dir='ltr'><em>videtur</em></span> <span class='ocrx_word' id='word_1_210' title='bbox 1220 2798 1320 2852; x_wconf 85' lang='lat' dir='ltr'><em>babere</em></span> <span class='ocrx_word' id='word_1_211' title='bbox 1336 2815 1398 2850; x_wconf 75' lang='lat' dir='ltr'><em>noso.</em></span> 
     </span>
     <span class='ocr_line' id='line_1_25' title="bbox 357 2885 1399 2960; baseline -0.002 -21"><span class='ocrx_word' id='word_1_212' title='bbox 357 2886 463 2940; x_wconf 78' lang='lat' dir='ltr'><em>Habent</em></span> <span class='ocrx_word' id='word_1_213' title='bbox 480 2898 569 2940; x_wconf 86' lang='lat' dir='ltr'><em>autem</em></span> <span class='ocrx_word' id='word_1_214' title='bbox 589 2908 657 2939; x_wconf 85' lang='lat' dir='ltr'><em>nexu</em></span> <span class='ocrx_word' id='word_1_215' title='bbox 677 2888 762 2942; x_wconf 83' lang='lat' dir='ltr'><em>codd.</em></span> <span class='ocrx_word' id='word_1_216' title='bbox 782 2889 848 2943; x_wconf 78' lang='lat' dir='ltr'><em>On.</em></span> <span class='ocrx_word' id='word_1_217' title='bbox 868 2909 976 2955; x_wconf 86' lang='lat' dir='ltr'><em>omnes,</em></span> <span class='ocrx_word' id='word_1_218' title='bbox 1004 2890 1123 2960; x_wconf 86' lang='lat' dir='ltr'><em>itemque</em></span> <span class='ocrx_word' id='word_1_219' title='bbox 1141 2887 1216 2940; x_wconf 86' lang='lat' dir='ltr'><em>Gud.</em></span> <span class='ocrx_word' id='word_1_220' title='bbox 1234 2888 1269 2941; x_wconf 81' lang='lat' dir='ltr'><em>A.</em></span> <span class='ocrx_word' id='word_1_221' title='bbox 1289 2887 1319 2941; x_wconf 88' lang='grc' dir='ltr'><strong>Β.</strong></span> <span class='ocrx_word' id='word_1_222' title='bbox 1342 2885 1399 2938; x_wconf 86' lang='lat' dir='ltr'><em>Sue-</em></span> 
     </span>
     <span class='ocr_line' id='line_1_26' title="bbox 359 2974 1400 3045; baseline -0.004 -19"><span class='ocrx_word' id='word_1_223' title='bbox 359 2976 409 3029; x_wconf 88' lang='lat' dir='ltr'><em>rin.</em></span> <span class='ocrx_word' id='word_1_224' title='bbox 428 2975 521 3029; x_wconf 86' lang='lat' dir='ltr'><em>Duisb.</em></span> <span class='ocrx_word' id='word_1_225' title='bbox 550 2974 609 3032; x_wconf 81' lang='lat' dir='ltr'><em>Cra.</em></span> <span class='ocrx_word' id='word_1_226' title='bbox 629 2982 653 3029; x_wconf 79' lang='grc'><strong>2.</strong></span> <span class='ocrx_word' id='word_1_227' title='bbox 670 2980 696 3031; x_wconf 81' lang='grc'><strong>3.</strong></span> <span class='ocrx_word' id='word_1_228' title='bbox 723 2977 802 3030; x_wconf 83' lang='lat' dir='ltr'><em>Drsd.</em></span> <span class='ocrx_word' id='word_1_229' title='bbox 821 2981 847 3031; x_wconf 82' lang='lat'><em>1.</em></span> <span class='ocrx_word' id='word_1_230' title='bbox 864 2981 889 3029; x_wconf 75' lang='lat'><em>2.</em></span> <span class='ocrx_word' id='word_1_231' title='bbox 909 2980 934 3032; x_wconf 77' lang='lat'><em>3.</em></span> <span class='ocrx_word' id='word_1_232' title='bbox 953 2982 994 3040; x_wconf 78' lang='lat'><em>4.;</em></span> <span class='ocrx_word' id='word_1_233' title='bbox 1020 2976 1091 3030; x_wconf 78' lang='lat' dir='ltr'><em>soius</em></span> <span class='ocrx_word' id='word_1_234' title='bbox 1118 2976 1199 3029; x_wconf 80' lang='lat' dir='ltr'><em>Drsd.</em></span> <span class='ocrx_word' id='word_1_235' title='bbox 1219 2980 1246 3029; x_wconf 79' lang='lat'><em>5.</em></span> <span class='ocrx_word' id='word_1_236' title='bbox 1273 2985 1307 3026; x_wconf 85' lang='lat' dir='ltr'><em>et</em></span> <span class='ocrx_word' id='word_1_237' title='bbox 1326 2974 1400 3045; x_wconf 84' lang='lat' dir='ltr'><em>fucta</em></span> 
     </span>
     <span class='ocr_line' id='line_1_27' title="bbox 358 3062 1400 3135; baseline -0.002 -21"><span class='ocrx_word' id='word_1_238' title='bbox 358 3082 412 3115; x_wconf 87' lang='lat' dir='ltr'><em>ere</em></span> <span class='ocrx_word' id='word_1_239' title='bbox 437 3064 508 3133; x_wconf 87' lang='lat' dir='ltr'><em>(sic).</em></span> <span class='ocrx_word' id='word_1_240' title='bbox 564 3064 630 3117; x_wconf 88' lang='lat' dir='ltr'><em>iilud</em></span> <span class='ocrx_word' id='word_1_241' title='bbox 657 3076 683 3115; x_wconf 88' lang='lat' dir='ltr'><em>et</em></span> <span class='ocrx_word' id='word_1_242' title='bbox 711 3075 771 3118; x_wconf 89' lang='lat' dir='ltr'><em>ante</em></span> <span class='ocrx_word' id='word_1_243' title='bbox 793 3065 879 3135; x_wconf 87' lang='lat' dir='ltr'><em>sacta</em></span> <span class='ocrx_word' id='word_1_244' title='bbox 906 3065 1028 3117; x_wconf 86' lang='lat' dir='ltr'><em>inserunt</em></span> <span class='ocrx_word' id='word_1_245' title='bbox 1046 3062 1133 3116; x_wconf 90' lang='lat' dir='ltr'><em>Codd.</em></span> <span class='ocrx_word' id='word_1_246' title='bbox 1162 3062 1236 3116; x_wconf 89' lang='lat' dir='ltr'><em>Gud.</em></span> <span class='ocrx_word' id='word_1_247' title='bbox 1256 3062 1288 3114; x_wconf 89' lang='lat' dir='ltr'><em>B.</em></span> <span class='ocrx_word' id='word_1_248' title='bbox 1315 3064 1400 3113; x_wconf 67' lang='lat' dir='ltr'><em>Cret.</em></span> 
     </span>
     <span class='ocr_line' id='line_1_28' title="bbox 359 3149 1399 3223; baseline -0.003 -22"><span class='ocrx_word' id='word_1_249' title='bbox 359 3150 438 3202; x_wconf 82' lang='lat' dir='ltr'><em>Drsd.</em></span> <span class='ocrx_word' id='word_1_250' title='bbox 458 3153 483 3203; x_wconf 87' lang='lat'><em>1.</em></span> <span class='ocrx_word' id='word_1_251' title='bbox 501 3155 526 3205; x_wconf 76' lang='lat'><em>3.</em></span> <span class='ocrx_word' id='word_1_252' title='bbox 545 3155 570 3204; x_wconf 80' lang='grc'><em>1.</em></span> <span class='ocrx_word' id='word_1_253' title='bbox 608 3152 637 3204; x_wconf 87' lang='lat' dir='ltr'><em>ln</em></span> <span class='ocrx_word' id='word_1_254' title='bbox 656 3151 722 3204; x_wconf 87' lang='lat' dir='ltr'><em>Cod.</em></span> <span class='ocrx_word' id='word_1_255' title='bbox 741 3150 799 3204; x_wconf 81' lang='lat' dir='ltr'><em>Cra.</em></span> <span class='ocrx_word' id='word_1_256' title='bbox 820 3156 844 3205; x_wconf 93' lang='grc'><em>1.</em></span> <span class='ocrx_word' id='word_1_257' title='bbox 863 3164 902 3206; x_wconf 86' lang='lat' dir='ltr'><em>est</em></span> <span class='ocrx_word' id='word_1_258' title='bbox 927 3162 1079 3223; x_wconf 81' lang='lat' dir='ltr'><em>quaesunt</em></span> <span class='ocrx_word' id='word_1_259' title='bbox 1102 3152 1271 3203; x_wconf 84' lang='lat' dir='ltr'><em>dominorum</em></span> <span class='ocrx_word' id='word_1_260' title='bbox 1289 3161 1340 3202; x_wconf 90' lang='lat' dir='ltr'><em>aut</em></span> <span class='ocrx_word' id='word_1_261' title='bbox 1356 3149 1399 3199; x_wconf 86' lang='lat' dir='ltr'><em>cii·</em></span> 
     </span>
     <span class='ocr_line' id='line_1_29' title="bbox 360 3236 1400 3314; baseline -0.002 -25"><span class='ocrx_word' id='word_1_262' title='bbox 360 3257 426 3310; x_wconf 85' lang='lat' dir='ltr'><em>quo,·</em></span> <span class='ocrx_word' id='word_1_263' title='bbox 455 3240 499 3292; x_wconf 88' lang='lat' dir='ltr'><em>sed</em></span> <span class='ocrx_word' id='word_1_264' title='bbox 523 3240 556 3314; x_wconf 82' lang='lat' dir='ltr'><em>ab</em></span> <span class='ocrx_word' id='word_1_265' title='bbox 575 3238 609 3292; x_wconf 86' lang='lat' dir='ltr'><em>al.</em></span> <span class='ocrx_word' id='word_1_266' title='bbox 626 3258 662 3292; x_wconf 88' lang='lat' dir='ltr'><em>m.</em></span> <span class='ocrx_word' id='word_1_267' title='bbox 681 3239 801 3293; x_wconf 89' lang='lat' dir='ltr'><em>additum</em></span> <span class='ocrx_word' id='word_1_268' title='bbox 821 3250 858 3292; x_wconf 88' lang='lat' dir='ltr'><em>est</em></span> <span class='ocrx_word' id='word_1_269' title='bbox 883 3250 915 3289; x_wconf 88' lang='lat' dir='ltr'><em>et</em></span> <span class='ocrx_word' id='word_1_270' title='bbox 935 3242 1023 3310; x_wconf 83' lang='lat' dir='ltr'><em>sacto</em></span> <span class='ocrx_word' id='word_1_271' title='bbox 1040 3258 1124 3303; x_wconf 76' lang='lat' dir='ltr'><em>nexu,</em></span> <span class='ocrx_word' id='word_1_272' title='bbox 1152 3251 1215 3292; x_wconf 87' lang='lat' dir='ltr'><em>ante</em></span> <span class='ocrx_word' id='word_1_273' title='bbox 1241 3250 1310 3299; x_wconf 75' lang='lat' dir='ltr'><em>out,</em></span> <span class='ocrx_word' id='word_1_274' title='bbox 1341 3236 1400 3291; x_wconf 86' lang='lat' dir='ltr'><em>solus</em></span> 
     </span>
     <span class='ocr_line' id='line_1_30' title="bbox 358 3325 1400 3381; baseline -0.002 -3"><span class='ocrx_word' id='word_1_275' title='bbox 358 3325 409 3379; x_wconf 81' lang='lat' dir='ltr'><em>Or.</em></span> <span class='ocrx_word' id='word_1_276' title='bbox 429 3327 447 3379; x_wconf 89' lang='grc'><em>1.</em></span> <span class='ocrx_word' id='word_1_277' title='bbox 465 3327 544 3381; x_wconf 87' lang='lat' dir='ltr'><em>habet</em></span> <span class='ocrx_word' id='word_1_278' title='bbox 563 3328 727 3380; x_wconf 86' lang='lat' dir='ltr'><em>dominorum</em></span> <span class='ocrx_word' id='word_1_279' title='bbox 745 3330 908 3379; x_wconf 83' lang='lat' dir='ltr'><em>astricto</em></span> <span class='ocrx_word' id='word_1_280' title='bbox 926 3333 1007 3381; x_wconf 60' lang='lat' dir='ltr'><em>netu.</em></span> <span class='ocrx_word' id='word_1_281' title='bbox 1051 3326 1182 3380; x_wconf 76' lang='lat' dir='ltr'><em>Ceterum</em></span> <span class='ocrx_word' id='word_1_282' title='bbox 1208 3326 1243 3380; x_wconf 87' lang='lat' dir='ltr'><em>ad</em></span> <span class='ocrx_word' id='word_1_283' title='bbox 1263 3346 1321 3379; x_wconf 87' lang='lat' dir='ltr'><em>rem</em></span> <span class='ocrx_word' id='word_1_284' title='bbox 1339 3325 1400 3381; x_wconf 86' lang='lat' dir='ltr'><em>coni.</em></span> 
     </span>
     <span class='ocr_line' id='line_1_31' title="bbox 358 3405 1399 3487; baseline -0.001 -23"><span class='ocrx_word' id='word_1_285' title='bbox 358 3413 443 3467; x_wconf 79' lang='lat' dir='ltr'><em>Leric.</em></span> <span class='ocrx_word' id='word_1_286' title='bbox 461 3413 542 3469; x_wconf 85' lang='lat' dir='ltr'><em>lurid.</em></span> <span class='ocrx_word' id='word_1_287' title='bbox 562 3437 590 3467; x_wconf 78' lang='lat' dir='ltr'><em>er</em></span> <span class='ocrx_word' id='word_1_288' title='bbox 615 3415 734 3469; x_wconf 85' lang='lat' dir='ltr'><em>Brisson.</em></span> <span class='ocrx_word' id='word_1_289' title='bbox 753 3414 861 3468; x_wconf 86' lang='lat' dir='ltr'><em>Hotom.</em></span> <span class='ocrx_word' id='word_1_290' title='bbox 885 3416 982 3469; x_wconf 89' lang='lat' dir='ltr'><em>Pratei.</em></span> <span class='ocrx_word' id='word_1_291' title='bbox 1000 3405 1096 3469; x_wconf 52' lang='lat' dir='ltr'><em>&#39;Cuian</em></span> <span class='ocrx_word' id='word_1_292' title='bbox 1124 3436 1149 3470; x_wconf 77' lang='lat' dir='ltr'><em>v.</em></span> <span class='ocrx_word' id='word_1_293' title='bbox 1169 3419 1277 3467; x_wconf 85' lang='lat' dir='ltr'><em>Nexum</em></span> <span class='ocrx_word' id='word_1_294' title='bbox 1305 3436 1331 3487; x_wconf 88' lang='lat' dir='ltr'><em>p.</em></span> <span class='ocrx_word' id='word_1_295' title='bbox 1348 3417 1399 3468; x_wconf 77' lang='grc'><strong>151.</strong></span> 
     </span>
     <span class='ocr_line' id='line_1_32' title="bbox 357 3501 1400 3558; baseline -0.001 -5"><span class='ocrx_word' id='word_1_296' title='bbox 357 3501 490 3557; x_wconf 75' lang='lat' dir='ltr'><em>Dirksenii</em></span> <span class='ocrx_word' id='word_1_297' title='bbox 515 3505 574 3557; x_wconf 76' lang='lat' dir='ltr'><em>Lei.</em></span> <span class='ocrx_word' id='word_1_298' title='bbox 601 3504 675 3558; x_wconf 86' lang='lat' dir='ltr'><em>Man.</em></span> <span class='ocrx_word' id='word_1_299' title='bbox 701 3504 808 3557; x_wconf 88' lang='lat' dir='ltr'><em>Latinit.</em></span> <span class='ocrx_word' id='word_1_300' title='bbox 832 3503 912 3557; x_wconf 69' lang='lat' dir='ltr'><em>font.</em></span> <span class='ocrx_word' id='word_1_301' title='bbox 940 3506 991 3556; x_wconf 88' lang='lat' dir='ltr'><em>lur.</em></span> <span class='ocrx_word' id='word_1_302' title='bbox 1023 3505 1077 3557; x_wconf 81' lang='lat' dir='ltr'><em>Cir.</em></span> <span class='ocrx_word' id='word_1_303' title='bbox 1105 3504 1185 3558; x_wconf 84' lang='lat' dir='ltr'><em>Rom.</em></span> <span class='ocrx_word' id='word_1_304' title='bbox 1213 3523 1238 3556; x_wconf 79' lang='lat' dir='ltr'><em>v.</em></span> <span class='ocrx_word' id='word_1_305' title='bbox 1264 3506 1366 3555; x_wconf 86' lang='lat' dir='ltr'><em>Nexum</em></span> <span class='ocrx_word' id='word_1_306' title='bbox 1380 3510 1400 3552; x_wconf 88' lang='lat' dir='ltr'><em>et</em></span> 
     </span>
     <span class='ocr_line' id='line_1_33' title="bbox 358 3590 1398 3664; baseline 0.003 -23"><span class='ocrx_word' id='word_1_307' title='bbox 358 3595 451 3644; x_wconf 79' lang='lat' dir='ltr'><em>Nessus</em></span> <span class='ocrx_word' id='word_1_308' title='bbox 471 3612 497 3663; x_wconf 88' lang='lat' dir='ltr'><em>p.</em></span> <span class='ocrx_word' id='word_1_309' title='bbox 517 3596 568 3646; x_wconf 80' lang='lat'><em>622</em></span> <span class='ocrx_word' id='word_1_310' title='bbox 588 3611 626 3664; x_wconf 89' lang='lat' dir='ltr'><em>sq.</em></span> <span class='ocrx_word' id='word_1_311' title='bbox 644 3593 733 3645; x_wconf 89' lang='lat' dir='ltr'><em>Eiusd.</em></span> <span class='ocrx_word' id='word_1_312' title='bbox 753 3592 822 3647; x_wconf 89' lang='lat' dir='ltr'><em>Krit.</em></span> <span class='ocrx_word' id='word_1_313' title='bbox 842 3592 867 3645; x_wconf 85' lang='lat' dir='ltr'><em>d.</em></span> <span class='ocrx_word' id='word_1_314' title='bbox 887 3590 1214 3663; x_wconf 75' lang='lat' dir='ltr'><em>X11.Taf.Fragmente:</em></span> <span class='ocrx_word' id='word_1_315' title='bbox 1236 3612 1262 3663; x_wconf 90' lang='lat' dir='ltr'><em>p.</em></span> <span class='ocrx_word' id='word_1_316' title='bbox 1281 3595 1398 3659; x_wconf 54' lang='grc'><strong>301111-</strong></span> 
     </span>
     <span class='ocr_line' id='line_1_34' title="bbox 358 3676 1399 3753; baseline 0 -23"><span class='ocrx_word' id='word_1_317' title='bbox 358 3676 480 3731; x_wconf 83' lang='lat' dir='ltr'><em>Creuzer.</em></span> <span class='ocrx_word' id='word_1_318' title='bbox 499 3679 593 3731; x_wconf 88' lang='lat' dir='ltr'><em>Roem.</em></span> <span class='ocrx_word' id='word_1_319' title='bbox 612 3681 753 3752; x_wconf 79' lang='lat' dir='ltr'><em>Antiquiu.</em></span> <span class='ocrx_word' id='word_1_320' title='bbox 772 3681 821 3734; x_wconf 89' lang='lat' dir='ltr'><em>Ed.</em></span> <span class='ocrx_word' id='word_1_321' title='bbox 842 3686 866 3735; x_wconf 80' lang='lat'><em>2.</em></span> <span class='ocrx_word' id='word_1_322' title='bbox 888 3684 954 3753; x_wconf 62' lang='lat' dir='ltr'><em>pus</em></span> <span class='ocrx_word' id='word_1_323' title='bbox 965 3702 1004 3753; x_wconf 88' lang='lat' dir='ltr'><em>sq.</em></span> <span class='ocrx_word' id='word_1_324' title='bbox 1041 3681 1129 3735; x_wconf 82' lang='lat' dir='ltr'><em>Locus</em></span> <span class='ocrx_word' id='word_1_325' title='bbox 1147 3681 1194 3752; x_wconf 88' lang='lat' dir='ltr'><em>qui</em></span> <span class='ocrx_word' id='word_1_326' title='bbox 1212 3700 1296 3752; x_wconf 85' lang='lat' dir='ltr'><em>supra</em></span> <span class='ocrx_word' id='word_1_327' title='bbox 1317 3679 1399 3732; x_wconf 65' lang='lat' dir='ltr'><em>lauda</em></span> 
     </span>
     <span class='ocr_line' id='line_1_35' title="bbox 358 3765 1398 3839; baseline 0 -24"><span class='ocrx_word' id='word_1_328' title='bbox 358 3775 401 3815; x_wconf 88' lang='lat' dir='ltr'><em>tur</em></span> <span class='ocrx_word' id='word_1_329' title='bbox 419 3765 584 3832; x_wconf 78' lang='lat' dir='ltr'><em>Ftorenuni,</em></span> <span class='ocrx_word' id='word_1_330' title='bbox 607 3780 644 3821; x_wconf 86' lang='lat' dir='ltr'><em>est</em></span> <span class='ocrx_word' id='word_1_331' title='bbox 661 3768 761 3839; x_wconf 77' lang='lat' dir='ltr'><em>Digest.</em></span> <span class='ocrx_word' id='word_1_332' title='bbox 780 3770 838 3823; x_wconf 91' lang='lat' dir='ltr'><em>Lib.</em></span> <span class='ocrx_word' id='word_1_333' title='bbox 858 3771 878 3824; x_wconf 91' lang='grc'><em>1.</em></span> <span class='ocrx_word' id='word_1_334' title='bbox 898 3770 951 3822; x_wconf 88' lang='lat' dir='ltr'><em>Tit.</em></span> <span class='ocrx_word' id='word_1_335' title='bbox 970 3774 996 3824; x_wconf 79' lang='lat'><em>5.</em></span> <span class='ocrx_word' id='word_1_336' title='bbox 1014 3770 1031 3823; x_wconf 93' lang='grc'><em>1.</em></span> <span class='ocrx_word' id='word_1_337' title='bbox 1049 3774 1075 3823; x_wconf 82' lang='grc'><strong>4.</strong></span> <span class='ocrx_word' id='word_1_338' title='bbox 1111 3769 1250 3823; x_wconf 81' lang='lat' dir='ltr'><em>Heineccii</em></span> <span class='ocrx_word' id='word_1_339' title='bbox 1269 3766 1398 3839; x_wconf 78' lang='lat' dir='ltr'><em>Antiquitt.</em></span> 
     </span>
     <span class='ocr_line' id='line_1_36' title="bbox 357 3854 1398 3930; baseline 0.004 -27"><span class='ocrx_word' id='word_1_340' title='bbox 357 3854 462 3905; x_wconf 84' lang='lat' dir='ltr'><em>Romm.</em></span> <span class='ocrx_word' id='word_1_341' title='bbox 506 3855 651 3927; x_wconf 82' lang='lat' dir='ltr'><em>iurisprud.</em></span> <span class='ocrx_word' id='word_1_342' title='bbox 676 3858 769 3913; x_wconf 78' lang='lat' dir='ltr'><em>illustr.</em></span> <span class='ocrx_word' id='word_1_343' title='bbox 793 3859 851 3913; x_wconf 86' lang='lat' dir='ltr'><em>Lib.</em></span> <span class='ocrx_word' id='word_1_344' title='bbox 870 3859 900 3913; x_wconf 90' lang='grc'><em>11.</em></span> <span class='ocrx_word' id='word_1_345' title='bbox 925 3860 977 3913; x_wconf 83' lang='lat' dir='ltr'><em>Tit.</em></span> <span class='ocrx_word' id='word_1_346' title='bbox 995 3860 1015 3913; x_wconf 92' lang='grc'><em>1.</em></span> <span class='ocrx_word' id='word_1_347' title='bbox 1042 3856 1066 3930; x_wconf 66' lang='grc'>5</span> <span class='ocrx_word' id='word_1_348' title='bbox 1079 3862 1129 3919; x_wconf 61' lang='grc'><strong>111.</strong></span> <span class='ocrx_word' id='word_1_349' title='bbox 1150 3855 1196 3911; x_wconf 91' lang='grc'><strong>111.</strong></span> <span class='ocrx_word' id='word_1_350' title='bbox 1222 3858 1256 3910; x_wconf 89' lang='grc' dir='ltr'><strong>Τ.</strong></span> <span class='ocrx_word' id='word_1_351' title='bbox 1275 3858 1308 3911; x_wconf 93' lang='grc'><em>11.</em></span> <span class='ocrx_word' id='word_1_352' title='bbox 1325 3856 1348 3928; x_wconf 69' lang='grc'><strong>5.</strong></span> <span class='ocrx_word' id='word_1_353' title='bbox 1365 3860 1398 3909; x_wconf 79' lang='lat'><em>15.</em></span> 
     </span>
     <span class='ocr_line' id='line_1_37' title="bbox 356 3930 1398 4017; baseline 0.007 -28"><span class='ocrx_word' id='word_1_354' title='bbox 356 3938 458 3992; x_wconf 87' lang='lat' dir='ltr'><em>Laudat</em></span> <span class='ocrx_word' id='word_1_355' title='bbox 475 3939 558 4011; x_wconf 78' lang='lat' dir='ltr'><em>Borg.</em></span> <span class='ocrx_word' id='word_1_356' title='bbox 577 3941 634 3998; x_wconf 90' lang='lat' dir='ltr'><em>Cic.</em></span> <span class='ocrx_word' id='word_1_357' title='bbox 654 3944 704 3999; x_wconf 89' lang='lat' dir='ltr'><em>Or.</em></span> <span class='ocrx_word' id='word_1_358' title='bbox 725 3966 774 4017; x_wconf 91' lang='lat' dir='ltr'><em>pro</em></span> <span class='ocrx_word' id='word_1_359' title='bbox 798 3930 935 4001; x_wconf 70' lang='lat' dir='ltr'><em>(lacebit.</em></span> <span class='ocrx_word' id='word_1_360' title='bbox 963 3958 995 3999; x_wconf 86' lang='lat' dir='ltr'><em>ut</em></span> <span class='ocrx_word' id='word_1_361' title='bbox 1012 3947 1092 3999; x_wconf 79' lang='lat' dir='ltr'><em>Sulla</em></span> <span class='ocrx_word' id='word_1_362' title='bbox 1113 3967 1167 3999; x_wconf 90' lang='lat' dir='ltr'><em>non</em></span> <span class='ocrx_word' id='word_1_363' title='bbox 1191 3948 1338 4000; x_wconf 80' lang='lat' dir='ltr'><em>sustulerit</em></span> <span class='ocrx_word' id='word_1_364' title='bbox 1360 3947 1398 3996; x_wconf 74' lang='lat' dir='ltr'><em>bu</em></span> 
     </span>
     <span class='ocr_line' id='line_1_38' title="bbox 357 4029 1399 4116; baseline -0.006 -26"><span class='ocrx_word' id='word_1_365' title='bbox 357 4045 416 4077; x_wconf 66' lang='lat' dir='ltr'><em>mm</em></span> <span class='ocrx_word' id='word_1_366' title='bbox 434 4044 541 4116; x_wconf 59' lang='lat' dir='ltr'><em>{texui</em></span> <span class='ocrx_word' id='word_1_367' title='bbox 561 4029 593 4081; x_wconf 89' lang='lat' dir='ltr'><em>de</em></span> <span class='ocrx_word' id='word_1_368' title='bbox 613 4031 726 4104; x_wconf 86' lang='lat' dir='ltr'><em>Repubi.</em></span> <span class='ocrx_word' id='word_1_369' title='bbox 746 4035 765 4099; x_wconf 90' lang='grc'><strong>1,</strong></span> <span class='ocrx_word' id='word_1_370' title='bbox 785 4038 836 4089; x_wconf 75' lang='grc' dir='ltr'><strong>11ι</strong></span> <span class='ocrx_word' id='word_1_371' title='bbox 865 4039 920 4087; x_wconf 86' lang='lat' dir='ltr'><em>Neo</em></span> <span class='ocrx_word' id='word_1_372' title='bbox 938 4037 1012 4087; x_wconf 84' lang='lat' dir='ltr'><em>civili</em></span> <span class='ocrx_word' id='word_1_373' title='bbox 1037 4054 1140 4101; x_wconf 82' lang='lat' dir='ltr'><em>nexo,</em></span> <span class='ocrx_word' id='word_1_374' title='bbox 1169 4036 1218 4088; x_wconf 88' lang='lat' dir='ltr'><em>ubi</em></span> <span class='ocrx_word' id='word_1_375' title='bbox 1245 4036 1297 4089; x_wconf 78' lang='lat' dir='ltr'><em>sid.</em></span> <span class='ocrx_word' id='word_1_376' title='bbox 1321 4043 1399 4089; x_wconf 81' lang='lat' dir='ltr'><em>annot·</em></span> 
     </span>
     <span class='ocr_line' id='line_1_39' title="bbox 356 4109 1398 4194; baseline 0.005 -27"><span class='ocrx_word' id='word_1_377' title='bbox 356 4125 438 4168; x_wconf 84' lang='lat' dir='ltr'><em>nostr.</em></span> <span class='ocrx_word' id='word_1_378' title='bbox 461 4134 487 4185; x_wconf 90' lang='lat' dir='ltr'><em>p.</em></span> <span class='ocrx_word' id='word_1_379' title='bbox 502 4119 545 4169; x_wconf 80' lang='grc'><strong>15.</strong></span> <span class='ocrx_word' id='word_1_380' title='bbox 564 4137 619 4188; x_wconf 88' lang='lat' dir='ltr'><em>quo</em></span> <span class='ocrx_word' id='word_1_381' title='bbox 638 4119 698 4174; x_wconf 87' lang='lat' dir='ltr'><em>ioco</em></span> <span class='ocrx_word' id='word_1_382' title='bbox 717 4122 749 4174; x_wconf 89' lang='lat' dir='ltr'><em>de</em></span> <span class='ocrx_word' id='word_1_383' title='bbox 767 4124 853 4177; x_wconf 78' lang='lat' dir='ltr'><em>forma</em></span> <span class='ocrx_word' id='word_1_384' title='bbox 869 4109 985 4178; x_wconf 84' lang='lat' dir='ltr'><em>nominis</em></span> <span class='ocrx_word' id='word_1_385' title='bbox 998 4124 1064 4177; x_wconf 89' lang='lat' dir='ltr'><em>haec</em></span> <span class='ocrx_word' id='word_1_386' title='bbox 1082 4124 1236 4194; x_wconf 80' lang='lat' dir='ltr'><em>posuimus:</em></span> <span class='ocrx_word' id='word_1_387' title='bbox 1257 4123 1398 4192; x_wconf 76' lang='lat' dir='ltr'><em>„Ceterum</em></span> 
     </span>
     <span class='ocr_line' id='line_1_40' title="bbox 356 4209 1397 4277; baseline 0.009 -23"><span class='ocrx_word' id='word_1_388' title='bbox 356 4221 519 4274; x_wconf 85' lang='lat' dir='ltr'><em>quamquam</em></span> <span class='ocrx_word' id='word_1_389' title='bbox 538 4223 635 4260; x_wconf 85' lang='lat' dir='ltr'><em>nexum</em></span> <span class='ocrx_word' id='word_1_390' title='bbox 663 4209 726 4263; x_wconf 90' lang='lat' dir='ltr'><em>dicit</em></span> <span class='ocrx_word' id='word_1_391' title='bbox 746 4210 842 4265; x_wconf 87' lang='lat' dir='ltr'><em>Cicero</em></span> <span class='ocrx_word' id='word_1_392' title='bbox 869 4224 895 4267; x_wconf 87' lang='lat' dir='ltr'><em>et</em></span> <span class='ocrx_word' id='word_1_393' title='bbox 918 4232 1015 4277; x_wconf 77' lang='lat' dir='ltr'><em>nexus,</em></span> <span class='ocrx_word' id='word_1_394' title='bbox 1045 4231 1107 4266; x_wconf 87' lang='lat' dir='ltr'><em>eum</em></span> <span class='ocrx_word' id='word_1_395' title='bbox 1136 4226 1229 4267; x_wconf 83' lang='lat' dir='ltr'><em>tamen</em></span> <span class='ocrx_word' id='word_1_396' title='bbox 1255 4214 1312 4267; x_wconf 81' lang='lat' dir='ltr'><em>eius</em></span> <span class='ocrx_word' id='word_1_397' title='bbox 1333 4228 1397 4265; x_wconf 80' lang='lat' dir='ltr'><em>usum</em></span> 
     </span>
     <span class='ocr_line' id='line_1_41' title="bbox 355 4291 1396 4373; baseline 0.006 -32"><span class='ocrx_word' id='word_1_398' title='bbox 355 4291 504 4345; x_wconf 81' lang='lat' dir='ltr'><em>observasse</em></span> <span class='ocrx_word' id='word_1_399' title='bbox 521 4293 590 4373; x_wconf 29' lang='lat' dir='ltr'><em>,mibi</em></span> <span class='ocrx_word' id='word_1_400' title='bbox 612 4295 715 4363; x_wconf 81' lang='lat' dir='ltr'><em>videor,</em></span> <span class='ocrx_word' id='word_1_401' title='bbox 746 4309 776 4352; x_wconf 94' lang='lat' dir='ltr'><em>ut</em></span> <span class='ocrx_word' id='word_1_402' title='bbox 803 4300 928 4354; x_wconf 83' lang='lat' dir='ltr'><em>Genitivo</em></span> <span class='ocrx_word' id='word_1_403' title='bbox 958 4300 1027 4355; x_wconf 90' lang='lat' dir='ltr'><em>Casu</em></span> <span class='ocrx_word' id='word_1_404' title='bbox 1053 4303 1216 4373; x_wconf 86' lang='lat' dir='ltr'><em>pierumque</em></span> <span class='ocrx_word' id='word_1_405' title='bbox 1245 4303 1316 4356; x_wconf 88' lang='lat' dir='ltr'><em>dicat</em></span> <span class='ocrx_word' id='word_1_406' title='bbox 1340 4299 1396 4360; x_wconf 79' lang='lat' dir='ltr'><em>nesi,</em></span> 
     </span>
     <span class='ocr_line' id='line_1_42' title="bbox 355 4379 1397 4464; baseline 0.009 -34"><span class='ocrx_word' id='word_1_407' title='bbox 355 4395 415 4430; x_wconf 84' lang='lat' dir='ltr'><em>casu</em></span> <span class='ocrx_word' id='word_1_408' title='bbox 433 4379 545 4434; x_wconf 79' lang='lat' dir='ltr'><em>ablativo</em></span> <span class='ocrx_word' id='word_1_409' title='bbox 564 4402 649 4447; x_wconf 82' lang='lat' dir='ltr'><em>nexu,</em></span> <span class='ocrx_word' id='word_1_410' title='bbox 668 4396 813 4459; x_wconf 89' lang='lat' dir='ltr'><em>utrumque</em></span> <span class='ocrx_word' id='word_1_411' title='bbox 833 4390 1013 4462; x_wconf 81' lang='lat' dir='ltr'><em>ambiguitatis</em></span> <span class='ocrx_word' id='word_1_412' title='bbox 1033 4390 1156 4464; x_wconf 74' lang='lat' dir='ltr'><em>vitandae</em></span> <span class='ocrx_word' id='word_1_413' title='bbox 1178 4396 1284 4446; x_wconf 87' lang='lat' dir='ltr'><em>causa.“</em></span> <span class='ocrx_word' id='word_1_414' title='bbox 1320 4390 1397 4443; x_wconf 71' lang='lat' dir='ltr'><em>Eira·</em></span> 
     </span>
     <span class='ocr_line' id='line_1_43' title="bbox 354 4463 1396 4550; baseline 0.013 -36"><span class='ocrx_word' id='word_1_415' title='bbox 354 4463 445 4519; x_wconf 87' lang='lat' dir='ltr'><em>rietate</em></span> <span class='ocrx_word' id='word_1_416' title='bbox 464 4468 583 4541; x_wconf 84' lang='lat' dir='ltr'><em>Magnoii</em></span> <span class='ocrx_word' id='word_1_417' title='bbox 610 4471 659 4525; x_wconf 85' lang='lat' dir='ltr'><em>Or.</em></span> <span class='ocrx_word' id='word_1_418' title='bbox 682 4476 797 4530; x_wconf 85' lang='lat' dir='ltr'><em>enotavit</em></span> <span class='ocrx_word' id='word_1_419' title='bbox 820 4477 980 4544; x_wconf 83' lang='lat' dir='ltr'><em>lectionem,</em></span> <span class='ocrx_word' id='word_1_420' title='bbox 1011 4497 1064 4549; x_wconf 88' lang='lat' dir='ltr'><em>qua</em></span> <span class='ocrx_word' id='word_1_421' title='bbox 1083 4478 1153 4533; x_wconf 88' lang='lat' dir='ltr'><em>duae</em></span> <span class='ocrx_word' id='word_1_422' title='bbox 1182 4478 1263 4547; x_wconf 84' lang='lat' dir='ltr'><em>iliae,</em></span> <span class='ocrx_word' id='word_1_423' title='bbox 1291 4496 1352 4550; x_wconf 86' lang='lat' dir='ltr'><em>quas</em></span> <span class='ocrx_word' id='word_1_424' title='bbox 1374 4493 1396 4524; x_wconf 79' lang='lat' dir='ltr'><em>u</em></span> 
     </span>
    </p>
   </div>
   <div class='ocr_carea' id='block_1_3' title="bbox 0 0 1764 5450">
    <p class='ocr_par' dir='ltr' id='par_1_5' title="bbox 0 0 1764 5450">
     <span class='ocr_line' id='line_1_44' title="bbox 0 0 1764 5450; baseline 0 0"><span class='ocrx_word' id='word_1_425' title='bbox 0 0 1764 5450; x_wconf 95' lang='lat' dir='ltr'><em> </em></span> 
     </span>
    </p>
   </div>
  </div>
 </body>
</html>
