3517 5450
658 748 853 798 ruuooxorr
875 750 898 796 1.
938 750 1007 800 car.
1027 752 1062 800 u.
1340 726 1389 801 63

342 909 391 962 Cic.
411 907 446 961 ad
467 907 523 963 Au.
540 907 587 975 Vl,
605 911 631 962 1.
674 910 797 964 Fortasse
815 910 904 964 verior
921 910 954 962 sit
972 907 1151 981 etymologia,
1180 928 1233 981 qus
1252 909 1390 965 ducitura

341 996 397 1062 blo,
424 1006 457 1048 ut
476 1015 547 1067 opus
565 995 611 1048 fito
630 1008 758 1068 argenteo
777 998 852 1069 quasi
874 1008 973 1050 textum
997 998 1092 1050 suerit:
1121 998 1206 1069 qualis
1224 999 1274 1053 luit
1292 1000 1392 1054 lubrica

340 1085 364 1136 in
379 1083 451 1136 urbe
470 1081 585 1155 Carysto
603 1085 728 1137 Euboeae
747 1085 855 1138 insulae.
900 1083 962 1152 Qua
981 1084 1014 1137 de
1033 1103 1062 1137 re
1083 1085 1133 1138 dixi
1153 1086 1186 1139 ad
1205 1087 1340 1142 Plutarch.
1360 1089 1392 1144 de

339 1170 453 1226 Delectu
473 1170 585 1224 Oracul.
606 1192 631 1243 p.
645 1175 727 1226 4111.“
751 1171 935 1242 Wyttenb.
970 1171 1040 1224 Dedi
1057 1171 1128 1227 banc
1148 1173 1289 1227 lectionem
1310 1176 1393 1248 Wyt·

340 1258 481 1313 tenbacbio
508 1259 588 1311 etiam
618 1260 757 1329 probatam
781 1279 842 1314 curn
871 1259 972 1313 Victor.
999 1258 1083 1314 Sullr.
1109 1261 1180 1313 Petr.
1205 1261 1274 1316 ttob.
1299 1262 1392 1334 Stepb.

339 1347 433 1401 Graes.
454 1346 535 1400 Grnt.
553 1345 638 1400 Gron.
657 1348 739 1400 Verb.
756 1349 935 1418 (quamquam
954 1345 981 1398 bi
1000 1359 1125 1418 quatuor,
1144 1368 1195 1420 pro
1211 1349 1295 1403 altero
1309 1352 1393 1406 inter-

340 1433 452 1505 rogandi
479 1434 573 1504 signo,
603 1446 750 1505 posuerunt
775 1434 973 1487 distinctionem
998 1435 1146 1488 minorem:
1181 1438 1270 1491 minus
1296 1440 1393 1508 benez)

339 1521 400 1579 Ero.
420 1523 513 1574 Wetn.
532 1520 636 1576 Scbiitz.
655 1521 740 1576 Orell.
776 1521 811 1574 Et
824 1521 871 1587 sic,
890 1531 996 1591 praeter
1014 1521 1083 1576 duos
1099 1521 1185 1578 Codd.
1205 1524 1290 1579 Palat.
1308 1528 1392 1579 nostri

339 1611 415 1665 llrsd.
436 1616 462 1664 1.
486 1611 580 1664 Duisb.
606 1610 713 1663 Suerin.
749 1609 855 1682 Reliqui
875 1607 962 1663 Codd.
985 1611 1058 1678 Quid
1082 1615 1173 1663 Numa
1192 1615 1340 1684 Pompilius
1364 1626 1394 1668 ut

339 1697 403 1752 tldrt.
424 1699 487 1752 Asc.
505 1718 529 1753 a.
548 1701 629 1752 1511.
642 1698 732 1751 ‚Parin
751 1719 770 1751 s.
789 1717 813 1751 a.
831 1698 951 1768 itemque
975 1696 1071 1751 Orellii
1096 1697 1163 1751 Cod.
1182 1700 1240 1754 Bes.
1275 1702 1306 1754 ln
1327 1701 1392 1757 Oxi.

340 1785 367 1840 N.
384 1806 409 1838 c.
429 1805 460 1847 ψ.
489 1785 557 1838 Edd.
575 1785 668 1839 Lamb.
689 1785 747 1839 Col.
766 1789 846 1841 toto.
866 1785 899 1837 Η.
917 1784 1006 1837 Wott.
1024 1785 1141 1840 Fncciol.
1159 1786 1229 1840 Olir.
1246 1800 1284 1841 est
1300 1789 1394 1859 Quid?

341 1876 445 1926 Numae
464 1874 590 1942 Pompilii
609 1876 727 1925 minusne
746 1902 795 1936 -,
820 1885 850 1927 ut
874 1874 1035 1944 respondeat
1061 1875 1118 1927 roci
1144 1875 1267 1928 oliorum.
1313 1876 1393 1930 Solus

339 1960 404 2014 cod.
425 1959 486 2013 Cra.
507 1967 532 2015 ².
550 1961 648 2015 omittit
667 1962 745 2014 rerba
765 1961 858 2030 Quid?
885 1980 903 2012 α
924 1963 1015 2012 Numa
1032 1961 1185 2031 Pompilio?
1221 1963 1252 2015 ln
1271 1962 1342 2017 Gud.
1360 1965 1393 2018 Α.

338 2049 369 2107 ll.
387 2050 476 2101 serbis
495 2049 569 2118 Quid
588 2051 677 2101 Numa
696 2049 845 2119 Pompilius
863 2047 1073 2120 superscriptum
1091 2058 1129 2101 est
1142 2049 1223 2118 fecit.
1263 2051 1392 2122 Reliquae

338 2136 406 2191 Edd.
425 2147 527 2189 veteres
545 2155 640 2189 omnes
658 2138 731 2206 Quid
748 2147 839 2188 nutem
859 2139 949 2187 Numa
968 2134 1126 2204 Pompilius,
1145 2155 1227 2207 quam
1248 2137 1390 2191 lectionem

337 2223 428 2277 nullus
451 2222 530 2276 babet
548 2221 616 2278 Cod.
635 2223 694 2276 MS.
731 2223 799 2276 Orta
817 2233 906 2276 autem
927 2222 1028 2276 videtur
1045 2222 1122 2287 inde,
1142 2225 1214 2295 quod
1235 2225 1356 2279 voculam
1374 2248 1392 2278 n

337 2313 418 2384 primi
438 2312 555 2365 editores
572 2311 755 2365 existimabant
773 2332 827 2365 esse
845 2310 1037 2382 compendium
1054 2310 1126 2364 vocis
1143 2322 1249 2376 cutem,
1268 2325 1294 2367 et
1311 2319 1393 2377 Pom-

334 2403 396 2470 pilii
412 2400 577 2472 compendio
591 2401 756 2455 scribebatur
768 2401 853 2469 Pipi,
869 2410 900 2451 ut
914 2409 952 2451 cst
966 2399 994 2450 in
1009 2398 1105 2451 nostris
1118 2398 1316 2470 antiquissimis.
1334 2399 1392 2455 Nlr.

409 2490 540 2540 Minusne
556 2499 654 2559 gratus
673 2490 725 2540 diis
744 2489 791 2555 -]
825 2488 867 2539 De
884 2486 967 2540 sacris
983 2505 999 2538 a
1017 2485 1104 2537 Numa
1128 2486 1263 2557 Pompilio
1288 2488 1394 2542 institn-

337 2576 369 2631 tis
386 2576 512 2630 referunt
529 2575 665 2629 Plutarcb.
682 2578 710 2629 in
728 2577 824 2629 Numa.
844 2577 870 2628 8.
888 2577 913 2628 9.
931 2573 986 2625 Lir.
1004 2573 1023 2625 1.
1039 2576 1082 2626 19.
1098 2572 1164 2643 ibiq.
1183 2574 1309 2645 interprr.
1346 2575 1392 2629 Est

336 2673 427 2717 antem
447 2662 476 2716 in
494 2663 526 2714 iis
544 2681 653 2735 qnoque
672 2663 790 2736 legibus,
817 2680 884 2734 quas
902 2659 999 2713 Cicero
1024 2659 1053 2710 in
1077 2657 1148 2711 libro
1167 2659 1199 2712 de
1217 2661 1332 2732 Legibus
1350 2681 1393 2714 se·

338 2752 428 2805 condo
447 2762 552 2805 sanctas
569 2770 625 2804 esse
643 2752 706 2818 vult,
733 2771 796 2815 una,
824 2769 893 2822 quoe
912 2769 973 2815 opes
992 2769 1007 2801 a
1025 2747 1106 2801 sacris
1123 2750 1241 2800 amoveri
1257 2750 1340 2815 iubet,
1361 2750 1392 2816 ll,

338 2841 363 2906 8,
381 2843 425 2894 19.
452 2859 479 2910 p.
499 2843 561 2893 202.
581 2840 622 2893 ed.
641 2850 723 2893 nostr.
759 2839 818 2892 lloc
844 2838 905 2891 loco
929 2836 1046 2907 scriptor
1068 2838 1169 2893 codicis
1187 2840 1270 2894 nostri
1283 2838 1348 2892 Cri.
1367 2842 1393 2894 1.

338 2928 379 2982 bis
395 2928 488 2994 baesit,
507 2946 569 2981 cum
583 2945 675 2982 rocem
690 2938 789 2998 gratus
802 2927 931 2981 scriberet
947 2934 985 3003 gd
1002 2931 1057 3001 giu
1071 2936 1145 3006 glas,
1164 2928 1251 2982 deleto
1265 2931 1354 3000 primo
1368 2939 1394 2981 et

340 3015 422 3070 sttero
441 3015 613 3087 compendio.
649 3017 736 3068 Voces
755 3015 807 3067 diis
824 3016 1020 3069 immortalibus
1039 3017 1134 3070 desunt
1150 3018 1177 3069 in
1194 3014 1308 3070 GudA.
1331 3016 1393 3072 Mr.

410 3103 527 3173 Copides
552 3121 585 3153 oc
602 3102 707 3171 fictiles
726 3101 852 3170 urnulas]
874 3105 1053 3173 „Cnpedines‚
1079 3122 1172 3157 omnes
1192 3105 1253 3157 mei.
1290 3107 1395 3176 Atque,

341 3192 400 3247 duo.
439 3192 657 3262 Cupidinesque
669 3189 772 3259 fictiles
792 3190 922 3256 urnulas,
946 3210 1024 3244 unus.
1058 3192 1136 3246 Vasis
1152 3210 1253 3262 genus,-
1271 3210 1286 3244 a
1305 3192 1391 3245 Numa

341 3281 418 3336 saeris
437 3279 604 3333 adhibitum:
628 3277 673 3331 lll.
693 3277 726 3330 de
743 3277 802 3330 Nat.
820 3276 904 3331 Deos.
918 3279 1007 3346 Ι[11.];
1032 3278 1136 3331 Docebo
1161 3279 1269 3331 meliora
1293 3298 1333 3330 me
1351 3280 1393 3331 di-

343 3368 434 3421 dicisse
454 3369 486 3418 de
509 3367 625 3419 colendis
644 3366 696 3418 diis
707 3365 924 3423 immortalibus,
942 3368 1001 3417 iure
1016 3367 1157 3434 pontificio
1174 3378 1201 3417 et
1220 3385 1290 3418 more
1308 3369 1393 3419 maio-

343 3475 404 3521 rum,
423 3454 624 3525 capedunculis,
643 3472 713 3525 quas
730 3456 822 3506 Numa
839 3454 917 3505 nobis
934 3452 1052 3524 reliquit,
1069 3464 1119 3505 etc.
1153 3453 1223 3507 Vide
1240 3455 1391 3507 Varronem

344 3544 384 3600 lib.
403 3545 452 3597 tV.
472 3554 498 3596 et
517 3543 591 3595 Vlll.
609 3542 643 3594 de
661 3541 737 3613 Ling.
757 3541 813 3596 Lat.
831 3543 891 3609 [lV,
912 3545 958 3596 26:
982 3558 1051 3595 unsa
1064 3541 1183 3610 fictilia,
1200 3542 1243 3593 vel
1259 3543 1289 3593 in
1305 3544 1391 3594 sucri-

341 3632 408 3698 ficiis
428 3639 581 3698 usurpato:
606 3638 634 3679 ct
652 3630 727 3680 dicto
746 3630 818 3701 quod
835 3639 937 3682 ansata
954 3639 1057 3686 essem,
1081 3638 1114 3679 ut
1132 3628 1259 3697 prehendi
1273 3639 1391 3697 possent,

345 3718 426 3771 idest
445 3717 529 3787 copi]
566 3715 660 3770 Festus
683 3726 787 3769 autem:
817 3718 912 3785 Cupis,
933 3717 1026 3785 poculi
1046 3729 1144 3787 genus,
1169 3735 1187 3768 a
1206 3718 1333 3785 capiendo
1351 3717 1393 3767 di-

345 3816 418 3857 ctum.
438 3835 475 3846 -
521 3807 625 3867 Uruas,
654 3816 765 3874 septem.
810 3806 957 3858 Lambinus
985 3805 1134 3859 tumulas?
1163 3804 1237 3859 Atd.
1264 3805 1394 3860 Manut.

344 3894 421 3961 „Duo
441 3892 544 3963 alioqui
561 3892 654 3962 optimi
671 3892 732 3945 libri
751 3894 906 3963 capudines.
941 3893 1047 3947 Marsus
1065 3893 1180 3962 capides.
1219 3894 1393 3963 capeduncur

343 3980 382 4031 loe
407 3983 515 4033 Numae
540 3979 586 4033 lib.
606 3979 649 4032 lll.
674 3980 707 4033 de
731 3980 764 4034 N.
790 3981 824 4033 D.
862 3980 894 4035 C.
920 3982 1084 4052 Longius.
1129 3980 1261 4047 „Urnulis
1284 4000 1393 4053 quoque

341 4068 464 4125 fictilibus
487 4068 516 4121 in
540 4067 674 4121 sacrificiis
697 4087 726 4121 ex
745 4070 848 4123 Numae
873 4070 994 4123 instituto
1013 4069 1165 4122 utebantur.
1201 4068 1319 4123 Auctore
1337 4068 1393 4119 Pli-

340 4156 382 4209 ulo
402 4175 463 4227 cap.
485 4157 529 4209 12.
546 4154 608 4208 libri
629 4156 727 4207 XXXV
746 4156 833 4209 Numa
853 4177 897 4210 res
921 4158 1064 4228 septimum
1085 4156 1227 4227 collegium
1246 4153 1391 4226 figulorum

336 4244 459 4309 instituit,
481 4262 537 4313 quo
559 4243 586 4295 in
605 4243 665 4296 loco
683 4244 820 4314 plasticen,
845 4246 872 4298 id
893 4257 931 4298 est
951 4244 1070 4316 figlinam
1089 4256 1182 4307 artem,
1201 4242 1291 4295 laudat
1308 4245 1391 4295 maxi·

334 4350 391 4385 me:
410 4351 442 4384 ea
461 4330 535 4382 enim
555 4330 667 4382 deorum
686 4331 836 4399 simulacra,
855 4333 905 4386 alia
925 4352 983 4386 rasa
1005 4333 1038 4385 ad
1056 4332 1269 4396 sacrificandum,
1289 4330 1338 4383 alia
1357 4332 1390 4383 ad

334 4440 412 4476 usum
428 4418 574 4473 bominum
593 4418 642 4471 alia
661 4419 693 4471 ad
712 4432 881 4474 mortuorum
900 4422 1066 4493 sepulturam
1079 4420 1144 4491 fingi
1157 4418 1300 4472 ostendit.‘⁴
1320 4418 1391 4473 Frc.

334 4508 488 4582 Sylvius.
528 4507 639 4575 „Copis,
657 4509 771 4577 capedo,
792 4511 908 4579 copulo,
932 4509 1115 4580 capedunculo
1135 4506 1233 4562 dicitur
1251 4526 1294 4561 ras
1313 4526 1391 4562 ausa-
