3517 5450
666 745 860 795 rrennoxon
884 750 933 797 ur.
967 754 1036 802 cun.
1059 757 1093 805 u.
1338 743 1410 818 147

356 900 441 967 iocus,
460 919 589 972 praesens
607 905 740 961 calamitas
758 907 829 962 aliud
848 909 984 966 iubebant.
1020 914 1126 970 Deinde
1145 919 1224 974 etiarn
1250 941 1326 978 causa
1346 926 1371 979 h.
1391 929 1408 980 1.

355 989 466 1043 sumitur
484 1009 536 1061 pro
559 1009 635 1045 cauea
662 992 748 1059 finali,
778 998 794 1049 i.
815 1015 837 1048 e.
861 1000 999 1068 proposito
1031 1003 1130 1070 animi,
1159 1008 1281 1063 consilio·
1323 1010 1409 1085 Saepe

355 1088 457 1144 autern,
487 1078 642 1149 etquidem
662 1100 717 1134 non
745 1082 802 1135 sine
826 1082 946 1137 efficacia
967 1105 1051 1141 unum
1079 1109 1178 1147 nornen
1203 1096 1293 1167 plures
1316 1119 1331 1153 e
1356 1100 1409 1154 suis

353 1164 592 1235 significationibus
614 1167 693 1222 simul
719 1172 825 1236 exserit,
856 1183 886 1224 ut
903 1171 962 1227 tut.
982 1182 1092 1232 roura.“
1112 1182 1290 1252 Wyttenb.
1340 1189 1407 1242 cod.

352 1250 428 1304 Drsd.
448 1252 531 1321 lapso
551 1272 603 1324 pro
620 1273 713 1309 rouro.
751 1255 809 1310 Cra.
821 1260 846 1310 1.
866 1260 931 1310 truie
943 1281 994 1332 pro
1007 1264 1080 1330 hoec,
1100 1268 1172 1337 quod
1186 1269 1407 1329 aberraturus.

353 1338 378 1391 ln
398 1338 466 1392 Cot.
488 1338 598 1393 Suerin.
614 1341 680 1394 hore
698 1344 799 1415 igitur,
817 1346 845 1398 in
865 1345 916 1400 Or.
935 1347 966 1402 E.
984 1352 1045 1417 troc,
1073 1353 1102 1407 in
1117 1352 1167 1408 Or.
1185 1355 1205 1408 l.
1224 1358 1291 1411 truce
1308 1380 1407 1432 eupra-

353 1428 418 1479 dixit
436 1428 546 1499 iegitur.
584 1427 686 1483 Cre-1.
713 1430 791 1486 habet
808 1433 976 1490 naturaliter
994 1458 1045 1509 pro
1063 1451 1184 1503 notura‚·
1208 1442 1280 1498 Gud.
1300 1446 1332 1499 Α.
1354 1469 1407 1521 quo

353 1533 398 1584 pro
417 1516 516 1586 igitur.
554 1515 613 1568 ΜΓ.

418 1606 497 1673 Quor
516 1605 657 1675 quaudo
674 1606 770 1659 ultro
788 1609 902 1659 alteri
928 1613 1054 1676 arcessit,
1083 1615 1113 1665 id
1130 1617 1171 1684 fit
1187 1621 1361 1688 propensius,
1382 1625 1406 1675 rr'

354 1691 502 1764 utrobique]
542 1690 614 1757 „Atii
632 1693 682 1747 sic:
713 1697 789 1765 Quae
808 1697 917 1769 quondo
936 1699 1018 1752 atteri
1036 1704 1164 1770 arcessit,
1190 1717 1218 1757 et
1245 1708 1270 1758 ai
1287 1710 1405 1783 utrique.

354 1780 482 1833 Veneturn
501 1779 653 1851 exemptum
671 1780 722 1834 ita:
740 1784 818 1851 Quae
836 1802 895 1835 eum
914 1796 978 1839 utro
995 1791 1109 1841 occessit
1128 1802 1155 1842 et
1174 1803 1302 1865 utroque,
1328 1808 1356 1851 ut
1373 1799 1405 1854 rit

353 1869 386 1917 od
400 1878 495 1920 utrum
513 1879 541 1921 et
560 1868 598 1918 ad
613 1876 782 1941 utrumque.“
802 1874 975 1926 Camerar.
995 1904 1030 1914 -
1067 1879 1235 1947 „Quando
1261 1891 1339 1934 utro
1357 1904 1406 1936 oc-

354 1956 439 2008 cessit:
458 1956 549 2009 Locus
568 1953 610 2009 hic
629 1956 778 2027 turpissime
804 1969 860 2011 erat
886 1960 1049 2027 maculatus,
1077 1981 1133 2016 non
1159 1976 1212 2018 tem
1240 1985 1254 2018 a
1282 1966 1404 2036 librariis,

354 2062 427 2113 quarn
446 2063 463 2097 a
482 2042 573 2097 sciolis
590 2042 644 2097 istis
663 2044 813 2112 audacuiis,
845 2056 908 2097 uter
933 2067 984 2119 pro
1002 2051 1105 2101 utervis
1131 2053 1225 2122 poui.“
1252 2054 1282 2106 C.
1301 2053 1403 2128 Lang.

354 2131 441 2198 „Quae
459 2130 603 2203 quando
621 2131 737 2184 altero
755 2134 884 2185 occessit:
906 2135 1005 2188 Altero
1023 2136 1040 2189 i.
1059 2158 1081 2190 e.
1100 2137 1134 2191 ad
1154 2139 1293 2193 atterunt·
1312 2141 1404 2197 Lam-

355 2214 414 2271 bin.
459 2220 548 2284 „Cum
567 2228 650 2270 utro
675 2222 803 2272 occessit:
829 2238 880 2291 pro
900 2226 1014 2277 utrovis.
1058 2226 1095 2280 ita
1113 2225 1218 2281 locutus
1237 2228 1281 2281 tib.
1299 2228 1343 2284 lii.
1371 2231 1404 2286 de

354 2302 405 2358 Osi.
442 2307 988 2376 Quaequondouniacoesrit‚unus.
1025 2314 1287 2386 Quaequunium
1307 2319 1404 2371 ultro

355 2395 473 2462 occessit,
499 2411 606 2446 novem.
653 2398 729 2465 Quor
754 2399 814 2468 qui
822 2415 840 2447 o
865 2397 964 2451 ultro
989 2402 1176 2465 accersissent,
1205 2421 1282 2456 unus.
1327 2407 1404 2475 Quae

354 2482 484 2552 quondo
503 2480 602 2533 ultro
622 2484 748 2548 accersit,
769 2493 906 2555 quattuor.
942 2487 1019 2555 Quae
1036 2488 1148 2555 ipsum
1166 2490 1263 2541 uitro
1280 2492 1402 2558 arcersit,

353 2587 424 2623 unus.
486 2571 566 2638 Quae
604 2572 689 2640 quio
725 2570 823 2623 uitro
854 2581 981 2640 sponte
1015 2576 1143 2639 occessit,
1183 2577 1283 2627 unus.“
1330 2577 1403 2632 Atd.

349 2654 431 2711 Man.
452 2687 487 2697 -
539 2659 632 2727 „Quae
651 2659 812 2731 quonium
831 2668 913 2708 utro
931 2661 1059 2710 accessit:
1085 2660 1132 2714 Est
1152 2681 1167 2713 a
1187 2661 1341 2715 Victoriana
1361 2664 1402 2719 ed.

350 2748 391 2800 eui
409 2747 544 2801 accedunt
561 2746 733 2799 membranae
752 2745 780 2800 S.
800 2747 917 2799 Victoris
941 2759 967 2800 et
985 2747 1048 2801 Met.
1068 2748 1096 2816 [i.
1115 2769 1137 2801 e.
1157 2749 1316 2817 MeteneesJ:
1339 2771 1403 2806 nam

348 2832 509 2889 pithoeanae
529 2844 556 2887 et
574 2834 692 2905 reliquae
712 2835 795 2890 uitro.
832 2834 935 2906 Vulgoe
956 2854 1025 2909 quur
1044 2837 1205 2908 quoniam
1223 2837 1337 2890 alteri
1355 2860 1404 2893 oe-

349 2925 450 2975 cerritu
476 2923 616 2977 Gruter.

417 3031 488 3085 quoe
507 3011 647 3083 quondo
666 3021 746 3063 utro
765 3013 889 3079 occessit]
920 3012 986 3077 „sic
1011 3011 1091 3067 MSS.
1117 3013 1160 3066 ΑΙ.
1189 3031 1259 3084 quoe
1276 3016 1402 3082 quonium

348 3098 418 3151 ultro
435 3098 562 3153 uocesu't.
599 3097 667 3152 Edd.
686 3117 755 3168 quae
774 3100 882 3171 quondo
901 3100 983 3152 alteri
1000 3104 1122 3154 arcessit.
1159 3100 1208 3154 Ed.
1228 3099 1307 3154 Grut.
1326 3105 1403 3173 (tuoe

348 3189 470 3257 quonium
491 3196 556 3239 utro
575 3187 717 3241 accessitt‘
733 3186 912 3241 Graevius.
947 3188 1040 3253 „Haec
1059 3190 1180 3260 (quando
1197 3193 1273 3256 utro)
1288 3200 1327 3242 est
1341 3209 1402 3242 vera

347 3273 437 3338 lectio,
456 3294 538 3346 saepe
557 3273 600 3327 itta
619 3275 705 3328 vitiata
724 3276 751 3329 in
771 3277 860 3343 libris,
887 3278 933 3346 qui
952 3276 1052 3330 habent
1070 3295 1149 3346 saepe
1169 3277 1257 3338 ultro,
1277 3276 1340 3328 item
1359 3279 1403 3329 ol-

350 3366 404 3419 teri.
455 3367 527 3416 Utro
547 3374 586 3414 est
605 3383 654 3434 pro
672 3365 792 3430 utrovis,
816 3365 843 3416 in
872 3365 1026 3417 utramiibet
1052 3367 1181 3434 partem.“
1201 3361 1279 3414 Ern.
1325 3366 1363 3428 „i.
1380 3386 1403 3419 e.

350 3469 414 3521 quae
439 3470 520 3505 causa
547 3450 640 3521 (vulgo
663 3450 875 3519 circumstantia)
902 3452 935 3505 ad
955 3463 1045 3504 utrum
1070 3470 1098 3503 er
1123 3451 1229 3503 duobus
1254 3452 1402 3516 accesserit,

349 3536 372 3588 id
388 3537 416 3592 fit
436 3537 597 3611 propensius
615 3539 632 3592 i.
651 3558 673 3592 e.
693 3541 851 3612 propendit‚
871 3541 977 3611 gravius
994 3549 1048 3605 est,
1080 3538 1164 3607 majus
1185 3535 1264 3588 habet
1286 3537 1403 3607 pondus,

350 3637 377 3678 ut
394 3646 441 3680 nos
461 3627 495 3680 ad
515 3626 650 3696 agendum
669 3641 781 3682 moveat.
820 3628 878 3681 sed
907 3626 958 3682 hoc
978 3627 1038 3680 ioco
1058 3636 1121 3678 utro
1147 3625 1223 3678 obest
1247 3625 1402 3690 sententiae,

351 3732 396 3766 nec
415 3734 478 3768 curn
500 3714 610 3784 quondo
626 3716 765 3785 congruit:
796 3729 825 3771 ut
852 3717 996 3788 tegendum
1024 3711 1201 3767 videaturne!
1221 3712 1329 3782 quondo
1352 3715 1404 3764 αἱ·

350 3805 413 3854 teri
431 3802 559 3856 accessit.
589 3804 728 3872 aut'(siue
748 3807 888 3876 qaroudo).·
918 3815 979 3858 utro
1005 3803 1134 3866 arcessit,
1162 3802 1179 3852 i.
1199 3819 1222 3852 e.
1250 3799 1277 3851 in
1306 3818 1403 3871 quam,-

350 3907 451 3961 eunque
472 3909 502 3943 ex
523 3888 626 3942 duabus
644 3894 774 3962 oppositis
792 3894 871 3945 rebus
892 3892 1039 3946 accesserit.
1088 3889 1117 3941 in
1147 3890 1198 3943 hac
1221 3900 1310 3940 autern
1336 3907 1405 3942 con-

350 3979 491 4033 structione
512 3988 576 4029 utro
594 3989 620 4031 et
639 3968 755 4050 utroque
774 3979 931 4051 accipienda
950 3990 1012 4032 sunt
1030 3997 1081 4051 pro
1100 3975 1259 4030 adverbiis.“
1279 3977 1387 4046 Wytt.

416 4067 528 4140 quondo
547 4066 639 4134 alteri]
658 4064 722 4132 ,,ΑΙ.
732 4069 841 4139 quondo
856 4069 922 4122 utri.
948 4066 977 4119 Si
991 4085 1020 4117 en
1035 4065 1149 4131 duobus,
1169 4082 1238 4135 quae
1247 4073 1340 4132 suapte
1354 4080 1403 4112 ua-

352 4163 404 4208 tura
423 4155 499 4227 paria
519 4165 596 4221 sunt,
622 4173 728 4209 caussae
748 4158 837 4227 plures
856 4165 882 4207 et
901 4155 1036 4225 graviores
1054 4152 1129 4206 alteri
1148 4150 1293 4212 accedant,
1322 4146 1348 4199 id
1368 4147 1404 4198 ob

354 4259 390 4296 eas
407 4245 478 4315 ipsae
498 4260 601 4295 caussas
619 4242 697 4296 iatius
715 4244 863 4299 funditur‡“
881 4243 904 4294 F
912 4263 980 4297 acc.
1161 4238 1165 4244 ⁴

418 4333 498 4401 Quae
516 4330 624 4399 quando
642 4342 705 4383 utro
721 4336 843 4398 accessit,
862 4332 893 4381 id
904 4333 944 4399 fit
960 4329 1131 4400 propensius]
1152 4323 1332 4400 „FWP‘W”
1351 4321 1367 4372 i·
1382 4340 1404 4372 θ’

354 4419 430 4487 magis
449 4428 597 4470 extensum.
635 4417 687 4470 Sed
702 4420 789 4492 tegere
805 4420 895 4474 malim
908 4420 1085 4489 protensius.“
1105 4416 1126 4466 F
1134 4433 1202 4468 acc.
1238 4408 1404 4480 „Sumptum

358 4515 389 4556 est
407 4503 566 4558 vocabulum
585 4525 599 4557 a
620 4505 702 4573 libra,
728 4512 804 4563 cuius
822 4520 951 4580 aequatae
975 4507 1146 4559 lancearum
1166 4510 1241 4562 sunto
1261 4497 1343 4550 anm
1361 4498 1405 4550 3¹¹·

1048 4597 1061 4616 ι
1070 4592 1093 4616 n
1103 4591 1117 4616 i
