3517 5450
356 754 428 824 146
676 769 847 816 rinaooxt
876 767 1073 814 sroiconuss.

355 939 382 990 in
402 936 453 989 his:
473 933 546 985 ranila
565 932 620 983 ista
640 932 663 982 si
682 949 781 995 ponas,
801 929 816 981 i.
832 946 854 979 e.
875 928 931 979 sine
950 928 1139 991 adiunctione,
1160 927 1194 978 de
1214 945 1293 980 causa
1312 929 1388 981 caedis.

355 1024 446 1094 Pergit
464 1020 538 1091 ioqui
558 1018 734 1082 adversarius,
770 1017 874 1080 dicens,
905 1036 933 1067 ei
958 1015 1001 1068 iiia
1032 1015 1160 1086 opinione
1192 1015 1226 1067 de
1251 1015 1389 1086 aequalitate

356 1121 525 1183 peccatorum
545 1107 627 1177 sequi,
646 1105 858 1176 Saguntinorum
873 1103 952 1156 fuisse
970 1103 1157 1174 parricidium:
1176 1104 1250 1175 quod
1270 1123 1323 1157 esse
1339 1123 1390 1156 con-

357 1210 395 1251 tra
414 1215 518 1250 sensum
538 1213 710 1247 communem
730 1204 756 1246 et
773 1193 908 1246 iniustum.
927 1192 990 1245 binc
1000 1211 1065 1262 ergo
1081 1191 1202 1262 intelligi,
1221 1191 1294 1244 idern
1307 1194 1388 1245 facturn

357 1287 419 1339 alias
438 1303 494 1337 esse
512 1283 670 1348 honestum,
690 1281 754 1334 alias
771 1281 928 1334 sceleratum
949 1283 1017 1333 etc.“
1053 1279 1129 1331 Ero.

426 1375 500 1440 Ergo
517 1380 544 1420 et
560 1368 670 1438 parenti
682 1369 885 1440 nonnunquam]
916 1368 958 1419 Ad
974 1367 1078 1421 Ernesti
1096 1379 1188 1420 annot.
1202 1377 1276 1420 recte
1288 1365 1389 1419 animad-

357 1456 552 1523 vertitGernh.,
570 1456 660 1509 iocum
680 1456 736 1509 eius
755 1453 817 1509 notri
837 1455 1032 1527 impeditiorem
1050 1474 1104 1507 esse
1123 1456 1239 1520 sactum,
1258 1456 1388 1524 rectiusque

356 1547 516 1602 Wetzelium
547 1545 611 1598 baec
637 1545 726 1596 omnia
750 1543 811 1595 inde
838 1563 852 1595 a
874 1542 957 1593 Nuda
975 1543 1030 1593 ista
1050 1553 1099 1596 etc.
1145 1542 1271 1596 Ciceroni
1293 1541 1388 1594 tribuere

357 1634 537 1706 respondenti.
556 1662 590 1672 -
628 1633 716 1685 Verba
737 1641 763 1681 et
780 1631 890 1700 parenti
909 1629 1003 1683 omissa
1024 1642 1085 1684 sunt
1105 1633 1131 1683 in
1151 1631 1218 1684 Cod.
1241 1634 1298 1683 Cra.
1318 1634 1345 1692 t;
1370 1628 1388 1678 in

357 1723 450 1775 eodem
470 1732 508 1773 est
526 1721 620 1771 andivi
639 1738 689 1791 pro
708 1719 804 1781 adimi,
822 1719 849 1770 in
870 1716 921 1774 Or.
941 1718 960 1769 1.
980 1719 1055 1787 eripi.
1091 1719 1229 1783 „Poenam
1248 1719 1276 1770 in
1297 1716 1389 1789 parrici-

357 1811 403 1863 das
420 1809 469 1879 (ita
488 1807 568 1879 Borg.
588 1807 615 1858 in
634 1806 739 1875 annot.)
755 1806 860 1876 legibus
888 1805 1015 1858 Romanis
1033 1807 1218 1871 constitutam,
1249 1805 1336 1876 legant
1354 1803 1388 1855 in·

357 1917 416 1951 rum
436 1915 527 1950 rerum
546 1895 643 1948 curiosi
660 1894 737 1948 Rosc.
765 1894 856 1945 Amer.
880 1897 916 1946 25
936 1895 993 1964 sq.“
1024 1893 1090 1946 Add.
1117 1892 1148 1945 Η.
1172 1892 1202 1946 Ε.
1228 1889 1388 1944 Dirksenii

357 1974 482 2039 Manuale
507 1982 654 2036 Latinitatis
677 1981 805 2035 Fontium
841 1981 908 2033 luris
933 1980 1022 2034 Ciriiis
1056 1981 1135 2033 Rom.
1168 2000 1190 2031 r.
1218 1979 1387 2038 Parricidium,

358 2094 382 2144 p.
403 2075 462 2126 681).
483 2073 508 2124 b.
545 2070 624 2123 Nunc
642 2069 702 2123 add.
721 2069 751 2121 E.
772 2068 962 2134 Kaercher,
981 2069 1008 2121 in
1030 2069 1110 2122 Beitr.
1128 2089 1149 2119 a.
1168 2067 1226 2121 Lat.
1247 2065 1355 2138 Etymoi.
1370 2084 1387 2114 u.

359 2161 496 2230 Leiicogr.
517 2158 618 2210 1.Lief.
638 2161 663 2210 8.
699 2158 796 2228 Stuttg.
816 2160 895 2211 1844.
929 2157 988 2210 Mr.

428 2257 454 2296 et
475 2264 551 2298 servo
569 2264 647 2314 saepe
666 2247 721 2297 sine
740 2245 841 2296 iniuria
860 2265 912 2297 non
928 2245 1039 2314 potest]
1077 2247 1179 2298 Vocem
1198 2255 1225 2296 et
1237 2245 1331 2298 omittit
1339 2241 1387 2294 Cod.

359 2333 416 2385 Cra.
437 2335 468 2394 t;
488 2330 558 2383 idern
577 2351 639 2384 cum
655 2331 734 2384 Drsd.
752 2336 778 2385 4.
799 2332 897 2385 omittit
914 2350 1009 2402 saepe,
1038 2330 1116 2384 Drsd.
1135 2334 1159 2384 1.
1179 2343 1206 2385 et
1223 2335 1249 2386 3.
1268 2331 1356 2385 babent
1368 2339 1387 2378 et

358 2438 460 2489 saepe
479 2438 587 2471 servo.
624 2417 688 2470 Oxi.
703 2418 720 2470 Ι.
741 2439 766 2487 η.
787 2421 863 2470 vito
879 2421 974 2489 eripi
992 2439 1047 2472 non
1065 2430 1154 2489 potest
1173 2438 1235 2473 cum
1254 2419 1386 2472 Deme.-

360 2508 498 2579 „Antiquo
517 2507 575 2559 iure
595 2506 780 2559 Romanorum
800 2506 901 2559 domini
922 2507 949 2559 in
976 2526 1112 2559 serrorum
1139 2526 1233 2560 necem
1253 2515 1386 2578 potestatem

358 2598 516 2649 habuerunt.
555 2601 672 2648 Auctore
691 2594 844 2648 Modestino
863 2593 933 2646 libro
953 2594 1053 2666 Digest.
1071 2599 1115 2648 48.
1141 2596 1174 2648 ad
1200 2595 1286 2666 legem
1305 2597 1386 2647 Corne·

359 2686 420 2739 iiam
440 2685 473 2737 de
491 2683 614 2750 Sicariis,
633 2693 691 2755 post
711 2682 796 2753 legem
815 2682 970 2735 Petroniam
990 2693 1015 2736 et
1033 2682 1147 2737 Senatus
1166 2682 1386 2737 consultantem

358 2776 443 2845 legem
464 2772 632 2843 pertinentia,
652 2771 768 2824 dominis
787 2782 901 2842 potestas
919 2772 1005 2824 obtata
1025 2783 1071 2838 est,
1089 2772 1122 2825 ad
1141 2772 1237 2825 bestias
1252 2772 1386 2843 depugnan-

360 2863 406 2915 das
427 2880 475 2913 suo
494 2859 605 2912 arbitrio
624 2879 711 2911 servos
730 2858 842 2911 tradere.
879 2857 979 2911 Obtaso
999 2871 1087 2912 tarnen
1103 2860 1184 2913 iudici
1202 2879 1287 2924 serro,
1305 2859 1322 2910 si
1339 2856 1386 2906 iusta

359 2947 462 3001 domini
482 2946 590 3018 quercia
609 2946 656 3013 sit,
677 2967 780 3017 poenae
800 2947 927 2999 tradetur.
974 2947 1140 3014 Hadrianus,
1168 2959 1199 3001 ut
1226 2949 1254 3000 in
1281 2948 1332 2999 eius
1352 2942 1386 2993 siit

359 3032 450 3087 Aelius
468 3031 626 3103 Spartianus
644 3033 736 3101 tradit,
766 3035 800 3100 [c.
820 3037 862 3087 18.
888 3054 915 3105 ρ.
935 3038 978 3088 81.
1005 3035 1046 3087 ed.
1065 3033 1198 3089 Schrerei.
1223 3035 1289 3106 ibiq.
1307 3032 1386 3086 Caseu-

360 3120 435 3186 bon.]
457 3138 543 3172 servos
569 3140 587 3171 a
612 3120 724 3173 dominis
744 3122 827 3175 occidi
852 3124 955 3187 veluit,
982 3142 1078 3194 eosque
1101 3123 1183 3174 iussit
1213 3122 1333 3173 daiirnori
1351 3136 1387 3187 per
1423 3149 1425 3156 ·

358 3208 471 3273 iudices,
490 3208 514 3260 si
532 3208 607 3279 digni
625 3215 738 3261 essent.“
757 3210 829 3265 Fre.
849 3210 942 3281 Syir.
979 3210 1048 3264 Add.
1065 3208 1188 3263 Dirisen.
1207 3211 1225 3263 Ι.
1244 3211 1261 3264 Ι.
1280 3231 1304 3282 p.
1313 3210 1363 3263 884-
1371 3223 1386 3256 ³·

360 3294 413 3347 Sed
433 3294 482 3346 rid.
498 3314 567 3366 quae
585 3298 717 3368 congessit
735 3297 767 3351 de
787 3300 866 3351 servis
885 3318 1034 3371 eorumque
1063 3299 1135 3370 apud
1154 3294 1386 3351 Romanos-condi·

359 3386 431 3438 tione
451 3385 648 3438 Creuaerus
666 3386 693 3438 in
715 3386 856 3458 Antiquitt.
875 3388 982 3440 Romm.
1003 3408 1029 3459 p.
1049 3390 1177 3442 34-74.
1201 3386 1243 3439 ed.
1263 3391 1287 3440 2.
1306 3380 1386 3456 praeci·

359 3492 411 3543 pue
437 3472 470 3525 de
490 3472 663 3525 dominorum
683 3474 710 3525 in
730 3493 817 3527 servos
835 3475 894 3527 iure
914 3479 1032 3546 p.t's4sq.
1051 3486 1076 3527 et
1093 3473 1124 3526 F.
1143 3471 1386 3528 CreuaersDeut·

358 3559 421 3613 scire
446 3559 580 3613 Schriften
599 3559 645 3626 Ν,
665 3564 690 3613 1.
740 3562 797 3614 Zur
821 3562 914 3615 Roem.
942 3561 1036 3617 Gesch.
1062 3562 1117 3615 und
1142 3557 1385 3618 Alterthumsiundei

358 3647 423 3717 ibiq.
443 3646 463 3698 Ι.
483 3645 573 3701 Biiclse
592 3648 642 3700 auf
656 3648 698 3701 die
716 3647 849 3701 Sidarerei
869 3650 905 3701 irn
925 3650 995 3703 alten
1014 3650 1093 3703 Rom.
1110 3670 1138 3722 p.
1156 3654 1266 3704 1-74.
1301 3650 1348 3701 ΜΓ.

430 3736 522 3802 Servo]
560 3735 708 3803 „Quamvis
732 3736 848 3789 dominis
873 3738 901 3789 in
927 3757 1064 3790 serrorum
1092 3738 1156 3791 ritas
1183 3738 1224 3790 ius
1249 3747 1323 3802 esset,
1347 3748 1384 3785 ⁰0¹¹

361 3832 449 3874 tamen
469 3842 501 3876 eo
518 3823 576 3876 iure
593 3825 649 3876 sine
669 3845 759 3878 caussa
774 3835 800 3877 et
818 3825 922 3877 ratione
941 3826 979 3878 uti
1000 3827 1151 3897 poterant.‘⁸
1186 3824 1281 3879 Face.

434 3912 523 3962 Causa
541 3912 628 3981 igitur
646 3914 728 3977 liaeo,
759 3932 810 3965 non
829 3924 932 3964 notura
951 3914 1124 3985 distinguite]
1162 3912 1226 3976 „Est
1247 3912 1321 3967 huius
1341 3925 1383 3960 sen·

360 3995 457 4049 tentiae
475 3996 541 4052 haec
558 3997 607 4050 ris:
637 3999 717 4055 Recte
737 4020 787 4054 nec
815 4022 849 4054 ne
868 4004 928 4075 quis
946 4012 1084 4074 parentem
1103 4001 1260 4068 interficiat,
1283 4019 1332 4055 non
1352 4010 1383 4066 per

360 4084 444 4155 ipsam
463 4096 586 4139 naturam
605 4086 780 4143 iudicandum
799 4102 850 4154 est,
870 4092 887 4143 i.
907 4111 929 4143 e.
951 4091 1023 4144 nude
1042 4091 1113 4144 etin
1132 4081 1281 4153 abstracto,
1297 4087 1335 4143 sed
1350 4098 1382 4153 per

359 4190 474 4226 causam.
524 4171 609 4225 Causa
634 4187 720 4230 autern
748 4178 800 4232 hoc
830 4179 890 4233 loco
919 4180 996 4232 babet
1022 4177 1156 4250 duplicem
1182 4177 1382 4248 significationen·

359 4259 481 4313 Primum
501 4261 573 4313 enim
593 4271 667 4316 notat
683 4264 725 4328 id,
758 4266 829 4336 quod
848 4267 927 4338 ruigo
947 4267 1045 4321 dicitur
1062 4268 1260 4321 circumstantia
1279 4266 1294 4317 i.
1312 4282 1331 4314 e.
1344 4268 1380 4311 ⁵¹³·

360 4358 402 4399 tus
420 4359 445 4400 et
464 4348 582 4401 conditio
602 4368 707 4418 rerum,
727 4354 754 4405 in
775 4374 826 4425 qua
845 4356 940 4426 aliquis
959 4366 995 4408 est
1015 4356 1047 4408 de
1065 4354 1196 4426 eiusmodi
1215 4356 1285 4408 iacto
1306 4345 1378 4402 deliie

360 4451 436 4498 rans,
465 4434 543 4489 veluti
574 4438 694 4508 exemplo
719 4441 751 4492 de
778 4441 931 4513 Saguntinis
956 4464 1012 4497 non
1040 4442 1197 4514 simpliciter
1225 4438 1376 4515 quaerebatur.

269 4535 273 4542 ·
359 4519 424 4591 quid
444 4531 538 4574 natura
558 4523 676 4589 iuberet,
711 4547 773 4581 nam
793 4529 857 4584 haec
884 4532 1001 4586 vetabat:
1030 4531 1075 4584 sed
1094 4550 1188 4598 causa,
1219 4533 1236 4586 i.
1254 4551 1275 4583 e·
1293 4534 1373 4591 {emptu

1423 3079 1425 3106 i
