3517 5450
702 725 742 766 ‚sn
771 724 964 769 rausuoxon
996 725 1023 781 v,
1044 722 1067 768 2.
1333 705 1406 777 355

354 890 431 939 tuit.
452 883 511 951 12.)
557 885 701 954 „fbpiarii
720 885 789 936 inter
806 884 977 955 praediorum
1004 887 1164 939 rusticorum
1189 908 1277 943 servos
1295 910 1406 944 censen-

354 988 410 1040 tur,
433 974 479 1045 qui
500 972 654 1026 arbusculas
674 971 842 1044 virgultaque
864 971 973 1026 ductilia
992 972 1062 1026 facili
1077 972 1144 1026 flexu
1162 974 1188 1027 in
1209 976 1291 1029 varias
1308 978 1407 1033 formas

352 1074 377 1115 et
395 1062 495 1133 figuras
512 1061 612 1114 sollerti
640 1060 748 1132 ingenio
774 1059 926 1130 exprimunt
952 1070 977 1112 et
1002 1061 1173 1116 concinnant.
1192 1093 1225 1100 —
1270 1065 1338 1119 llinc
1364 1079 1406 1120 to-

350 1150 470 1217 piarium
488 1167 555 1218 opus
575 1159 600 1202 et
618 1167 661 1201 ars
677 1148 733 1220 ipsa
753 1147 871 1217 topiario
891 1146 996 1203 dicitur.
1017 1146 1073 1204 Cic.
1093 1150 1125 1203 ad
1145 1150 1181 1219 Q.
1198 1151 1339 1208 Fratr.lll.
1359 1158 1404 1208 1.“

425 1268 445 1322 l.
466 1267 498 1321 A.
518 1268 675 1322 Ernesti:
704 1273 765 1337 „Ut
790 1270 818 1320 iu
847 1287 947 1339 magna
976 1271 1087 1340 familia
1111 1271 1189 1327 babet
1219 1273 1267 1327 Ed.
1293 1274 1404 1338 Colon.;

353 1359 475 1410 Romana
502 1358 575 1411 addit
602 1359 764 1423 stultorum,
787 1368 816 1410 ut
846 1367 870 1410 et
896 1356 976 1412 MSS.
1001 1358 1097 1430 plures.
1143 1360 1305 1416 Deleverunt
1333 1376 1405 1419 recte

352 1445 470 1516 Langius
488 1456 515 1498 et
532 1443 669 1499 Graevius.
705 1444 733 1496 Si
755 1445 862 1497 verbum
883 1446 982 1499 bocer
1001 1446 1053 1499 alio
1072 1457 1162 1500 natum
1183 1460 1221 1501 est
1239 1468 1330 1503 errore
1340 1453 1405 1504 scri-

352 1534 465 1597 barum,
492 1544 583 1604 putem
608 1534 686 1586 fuisse
704 1553 855 1597 seruorum,
882 1545 908 1586 et
933 1545 991 1605 post
1010 1535 1104 1587 afuisse
1122 1537 1220 1590 servi.“
1240 1566 1274 1575 -
1318 1543 1405 1603 „Sunt

352 1620 404 1671 alii
423 1621 569 1673 lautiores:
598 1620 641 1675 Sc.
661 1622 695 1686 ii,
716 1621 761 1693 qui
792 1620 906 1674 artifices
924 1633 1000 1686 sunt,
1026 1632 1051 1676 et
1080 1623 1124 1693 qui
1145 1624 1254 1676 delicati
1280 1625 1405 1681 dicuntur

353 1720 435 1780 atque
454 1709 533 1762 etiam
555 1709 648 1763 melius
666 1720 813 1763 tractantur
841 1711 947 1775 ceteris,
974 1729 1090 1782 quorum
1116 1711 1221 1765 sordida
1247 1724 1272 1766 et
1296 1713 1404 1767 humilia

353 1808 416 1849 sunt
434 1796 608 1851 ministeria.“
629 1827 662 1835 —
710 1800 792 1862 „Atn
818 1815 851 1847 oo
876 1797 1001 1865 topiarii:
1028 1797 1074 1850 Sic
1099 1797 1168 1849 edidi
1192 1817 1253 1851 curn
1282 1798 1404 1855 Graevio.

352 1885 424 1938 Mire
444 1885 509 1939 baec
527 1897 589 1939 sunt
608 1886 694 1939 vitiata
714 1887 740 1938 in
761 1884 841 1938 MSS.
862 1896 888 1938 et
906 1884 973 1938 Edd.
994 1904 1034 1955 pr.
1054 1883 1179 1940 Ceterum
1199 1887 1322 1941 stultitia
1340 1889 1404 1942 rnibi

353 1973 399 2027 bic
417 1993 472 2028 non
493 1974 588 2046 placet.
623 1974 690 2027 Nam
712 1993 766 2027 non
785 1984 823 2026 est
841 1991 929 2025 sermo
949 1972 981 2024 de
1000 1972 1119 2037 stultitia,
1147 1973 1191 2025 sed
1218 1973 1250 2024 de
1275 1975 1403 2028 servitute.

353 2059 382 2113 si
405 2071 492 2115 tamen
513 2072 550 2115 est
569 2081 583 2115 a
603 2059 750 2127 Cicerone,
780 2059 947 2130 intelligendi
966 2061 1031 2114 servi
1056 2072 1117 2114 sunt
1142 2079 1217 2131 pares
1240 2061 1347 2114 stultitia
1366 2064 1403 2126 iis,

353 2169 422 2220 quos
442 2160 503 2202 ante
523 2149 585 2202 dixit
603 2148 727 2203 lautiores
745 2150 792 2202 sibi
812 2148 910 2213 videri,
929 2149 1037 2202 servis.“

426 2273 461 2327 D.
482 2271 799 2342 Wyttenbacbius,
826 2269 889 2322 nibil
917 2269 949 2321 de
975 2268 1089 2322 lectione
1114 2269 1141 2320 in
1166 2268 1260 2321 scbolis
1276 2274 1404 2325 monuit:

353 2359 386 2412 ad
408 2360 485 2413 verba
504 2360 658 2431 explicanda
678 2359 742 2413 baec
760 2359 860 2412 attulit:
893 2358 1049 2424 „Atriensis
1073 2376 1161 2409 servus
1180 2355 1279 2409 dicitur
1296 2358 1331 2422 is,
1359 2363 1404 2431 qui

353 2448 450 2502 atrium
470 2459 570 2514 servat,
594 2447 714 2501 homines
732 2448 894 2501 extrinsecus
911 2446 1094 2508 adventantes,
1119 2443 1288 2508 salutatores,
1320 2446 1406 2499 intro-

356 2535 461 2589 mittit“
481 2565 515 2573 -
561 2537 726 2604 „Topiorius
746 2537 772 2587 in
800 2537 903 2606 pictura
922 2534 1034 2598 dicitur,
1062 2530 1108 2603 qui
1135 2530 1257 2600 regiones
1283 2543 1308 2583 et
1334 2533 1407 2588 locos

356 2621 456 2693 pingit,
482 2633 511 2675 ut
530 2633 568 2676 est
589 2623 660 2694 apud
680 2623 782 2677 Vitruv.
802 2622 834 2676 de
854 2622 955 2676 Archit.
977 2619 1033 2682 Vll,
1054 2623 1078 2672 5·
1123 2618 1194 2670 Tum
1224 2639 1252 2670 ex
1277 2621 1405 2674 arborum

353 2710 508 2783 sequacium
520 2721 545 2764 et
561 2709 711 2765 flexibilium
727 2711 865 2765 frondibus
884 2708 1059 2763 contexebant
1077 2706 1204 2778 porticus,
1225 2724 1306 2774 casas,
1327 2720 1405 2781 tugu-

356 2799 412 2864 ria,
433 2811 520 2852 turres
537 2799 653 2872 aliasque
672 2800 823 2852 formabant
842 2818 898 2863 res,
925 2798 987 2850 item
1008 2816 1035 2847 er
1056 2795 1165 2860 ritibus,
1185 2794 1295 2862 hedera,
1326 2818 1407 2853 acan-

356 2887 411 2939 tbo.
448 2886 550 2940 florum
570 2887 708 2940 hominurn
729 2889 755 2939 in
776 2887 841 2940 villis
860 2898 887 2940 et
903 2886 987 2939 bortis
1006 2894 1062 2938 erat
1084 2902 1195 2948 munus,
1215 2895 1341 2955 tanquam
1363 2907 1405 2939 ar-

357 2972 468 3027 tificum.
513 2973 569 3029 Cic.
595 2976 628 3027 ad
657 2975 691 3043 Q.
717 2976 761 3027 Fr.
781 2975 824 3028 lll.
845 2978 869 3027 1.
897 2974 965 3027 l‘lin.
985 2972 1016 3023 H.
1038 2971 1069 3022 Ν.
1089 2971 1170 3036 ΧΧΙΙ,
1192 2976 1234 3024 22.
1276 2973 1407 3028 Firmicus

357 3062 471 3116 Matern.
491 3063 574 3116 Math.
593 3063 663 3129 Vlll,
684 3067 745 3117 lll.“
765 3094 798 3102 -
836 3065 940 3135 „Signa
960 3062 1086 3114 dicuutur
1106 3060 1225 3112 universe
1245 3080 1325 3131 opera
1346 3064 1407 3115 artis

356 3170 487 3222 corporea
503 3151 535 3205 ad
556 3151 728 3205 imitationem
749 3162 859 3206 naturae
879 3151 1036 3223 composita,
1056 3148 1134 3201 veluti
1154 3158 1262 3214 statuae,
1281 3150 1406 3220 picturae,

357 3260 440 3312 opera
460 3240 557 3294 caelata
579 3241 596 3292 i.
616 3260 638 3293 e.
660 3242 773 3311 quaein
794 3240 874 3311 plano
894 3242 1020 3291 erstant.“

430 3345 461 3396 A.
478 3343 513 3398 G.
532 3343 762 3398 Gernbardus
787 3343 819 3396 ad
840 3363 862 3396 v.
881 3343 1013 3394 lautiores
1032 3339 1121 3392 laudat
1140 3339 1196 3392 Cic.
1215 3341 1247 3392 ad
1267 3342 1321 3395 Au.
1339 3343 1407 3407 Xlll,

354 3435 405 3485 52:
424 3430 529 3484 libertis
547 3434 634 3485 minus
652 3432 738 3484 lautis
755 3432 892 3504 servisque
910 3429 979 3481 nihil
997 3428 1104 3499 defuit:
1124 3446 1185 3477 nom
1206 3427 1336 3479 lautiores
1354 3432 1408 3480 ele·

354 3530 454 3590 gunter
473 3522 584 3590 accepti.
628 3521 669 3573 Ad
690 3540 712 3574 v.
731 3520 871 3573 Atrienscs
896 3518 932 3572 ait
958 3536 1003 3569 eos
1023 3515 1152 3584 imagines
1170 3512 1329 3584 gentilicias,
1354 3526 1407 3567 sta·

355 3621 429 3672 tuas,
446 3608 562 3678 picturas
580 3609 608 3661 in
627 3609 693 3663 atrio
715 3610 812 3680 positas
831 3627 947 3662 curasse:
972 3616 1018 3658 aut
1042 3602 1141 3672 (addit)
1169 3612 1197 3653 ut
1216 3599 1335 3654 Gronov.
1358 3622 1406 3653 au-

356 3706 412 3748 not.
433 3696 466 3747 ad
485 3695 570 3750 Plaut.
598 3697 672 3751 Asin.
691 3697 724 3764 ll,
743 3702 769 3764 1,
791 3701 837 3751 16:
874 3695 1048 3748 observabant
1066 3692 1177 3751 atrium,
1196 3689 1240 3740 ubi
1259 3691 1408 3742 coenabant

356 3794 468 3836 veteres:
507 3796 533 3837 et
557 3785 766 3856 suppellectilem
793 3785 899 3838 aedium
926 3795 970 3836 aut
997 3781 1071 3833 villae
1101 3778 1281 3850 exponebant,
1309 3790 1348 3841 et,
1380 3790 1408 3829 ut

356 3872 447 3925 omnia
468 3873 567 3926 munda
594 3884 618 3926 et
644 3875 745 3943 integra
773 3883 985 3945 praestarentur,
1015 3870 1158 3934 curabant:
1187 3865 1246 3919 coll.
1275 3864 1347 3917 Serv.
1376 3866 1407 3917 ad

357 3959 433 4030 Virg.
452 3962 519 4014 Aen.
538 3963 558 4027 l,
577 3966 638 4016 726.
686 3962 727 4013 De
753 3961 891 4030 topiariis,
921 3961 966 4030 qui
984 3958 1125 4011 hortorum
1152 3964 1308 4008 ornamenta
1329 3972 1408 4004 cura-

357 4050 438 4102 bant:
459 4070 480 4102 v.
500 4050 556 4105 Cic.
576 4051 608 4104 ad
629 4049 664 4117 Q.
684 4049 729 4101 Fr.
750 4048 795 4115 lll,
816 4052 842 4113 t,
861 4052 890 4100 2:
920 4047 1074 4116 Topiariurn
1100 4043 1228 4096 laudavi:
1253 4042 1294 4090 ita
1322 4040 1409 4089 omnio

359 4139 521 4191 convestivit
539 4138 652 4203 betlera,
672 4154 727 4208 qua
746 4135 830 4187 bosina
848 4135 938 4196 villae,
957 4151 1012 4204 qua
1029 4130 1234 4183 intercolumnia
1247 4125 1409 4199 aurbulatio-

357 4225 407 4279 nis.
453 4223 523 4278 Cum
541 4223 705 4277 atriensilrus
723 4223 828 4277 iunctos
847 4243 893 4275 eos
911 4222 961 4274 vid.
981 4220 1051 4291 apud
1072 4218 1140 4271 Plin.
1160 4216 1209 4284 Ep.
1229 4212 1271 4276 lll,
1290 4215 1332 4264 19.
1351 4213 1408 4278 [ubi

356 4311 407 4365 vid.
426 4312 552 4384 interprr.
571 4311 600 4364 in
621 4312 669 4366 Ed.
687 4310 771 4365 Cortii
792 4322 817 4364 et
836 4309 958 4380 Longolii
977 4309 1076 4378 (Amst.
1094 4308 1173 4360 1734.
1189 4301 1228 4370 4.)
1253 4303 1340 4371 past
1357 4302 1407 4371 sq.]

357 4400 399 4451 Arl
419 4420 441 4452 v.
461 4400 524 4469 pari
542 4398 664 4453 stultitia
683 4399 748 4455 baec
766 4398 910 4453 Facciolati
929 4398 1013 4451 addit:
1033 4395 1090 4461 „illi
1104 4394 1239 4453 laborant,
1259 4407 1325 4459 quos
1334 4387 1408 4457 signa

358 4497 406 4539 ete.
426 4488 499 4558 pari,
525 4487 650 4558 inquam,
670 4487 792 4551 stultitia,
821 4506 852 4539 ac
871 4487 936 4538 servi
963 4483 1066 4556 topiarii
1094 4492 1119 4534 et
1143 4479 1283 4541 atrienses,
1313 4478 1358 4548 qui
1383 4498 1408 4530 se

1101 4567 1175 4641 23*
