3517 5450
355 679 405 751 56
684 651 861 742 retenone
884 690 1078 739 srotconou.

355 860 420 913 dum
441 855 554 908 videtur:
574 871 637 906 nem
657 862 687 905 ut
704 850 769 905 nihil
788 851 886 906 certius
904 859 951 914 eet,
968 865 1049 920 quam
1066 847 1145 899 verba
1164 846 1221 899 cine
1241 846 1400 916 appositione

355 943 533 1013 exemplorum
550 939 688 1011 glossatori
707 939 814 1005 deberi,
834 940 884 1006 ita,
905 957 974 1010 quae
991 935 1042 990 alia
1062 935 1091 988 in
1109 934 1292 1005 suspicionem
1310 952 1400 988 vocan-

357 1043 417 1097 tur,
444 1045 616 1100 nequaquam
642 1025 740 1080 habent
765 1026 1009 1079 additamentorum
1034 1022 1161 1076 colorem.
1208 1019 1263 1074 Sed
1291 1031 1321 1074 ut
1346 1020 1401 1074 nihil

357 1120 476 1173 ridentur
490 1116 589 1181 deesse,
607 1114 687 1180 addo,
706 1114 879 1184 Borgercium
897 1130 991 1167 rocem
1006 1112 1106 1162 tentius
1123 1109 1309 1180 interpretari:
1327 1107 1402 1175 „Pti-

357 1206 532 1278 iosopborum
550 1221 641 1267 more,
662 1201 795 1261 tenuiter,
813 1202 915 1253 ieiune:
941 1218 1058 1270 eumque
1076 1197 1187 1251 laudare
1205 1195 1286 1249 Oret.
1305 1197 1355 1249 tt:
1375 1198 1403 1245 Ia

356 1294 409 1345 hac
425 1291 588 1346 Aristoteles
605 1288 785 1342 adolescentes
802 1308 854 1342 noa
872 1289 914 1340 ad
929 1288 1150 1358 philosophorum
1173 1301 1272 1336 morem
1297 1283 1403 1335 tenui-

358 1391 412 1433 ter
430 1378 589 1441 asserendi,
613 1375 665 1429 ced
677 1376 715 1427 ad
730 1377 833 1447 copiam
852 1377 1003 1437 rhetorum,
1025 1375 1054 1425 in
1071 1382 1216 1443 utramque
1229 1378 1356 1439 partem,
1375 1378 1402 1420 ut

357 1468 482 1520 ornatiae
498 1476 525 1517 et
544 1463 653 1517 uberius
677 1463 730 1515 dici
750 1474 856 1534 poscet,
880 1464 1011 1518 exercuit.
1051 1461 1095 1516 De
1110 1459 1190 1515 Fion.
1208 1458 1255 1526 ΙΙΙ,
1274 1461 1308 1512 5ε
1333 1462 1403 1510 Haec

359 1552 487 1605 &cuntur
499 1552 624 1622 fortasse
640 1549 651 1600 i
657 1550 812 1603 eiuniuc:
839 1561 904 1603 eunt
923 1552 992 1604 enim
1009 1579 1045 1588 -
1062 1549 1160 1621 quibua
1178 1546 1292 1599 ubertas
1309 1546 1403 1599 oratio-

361 1644 403 1692 riis
421 1639 544 1691 adbiberi
561 1639 607 1690 vix
623 1647 723 1706 potest.
757 1638 834 1692 Adde
852 1639 886 1692 ad
899 1658 977 1692 usum
995 1658 1018 1691 ι.
1035 1637 1134 1689 tentiae
1151 1635 1261 1706 Fregm.
1276 1631 1402 1686 Hortensii

360 1746 403 1798 ap.
417 1726 549 1790 Nonium,
569 1727 669 1796 part.
687 1723 728 1777 ed.
745 1723 801 1780 Cic.
819 1725 905 1781 orett.
922 1725 956 1780 Τ.
970 1726 1021 1782 tv:
1044 1729 1181 1782 croceum,
1197 1722 1246 1794 pai
1263 1721 1401 1772 tentiae

361 1813 447 1865 dicere
466 1811 578 1866 colebat.
614 1810 655 1863 Ad
675 1813 729 1865 Ate
743 1812 775 1878 11,
790 1816 819 1866 1:
838 1814 893 1868 aiei
910 1813 1007 1866 librum
1025 1813 1119 1864 iente
1137 1820 1165 1863 et
1179 1807 1333 1880 fastidiose
1348 1827 1402 1877 pro-

361 1896 498 1953 bavicsem.
535 1897 600 1951 Ou.
619 1898 640 1951 Ι.
658 1897 694 1952 U.
713 1909 741 1953 et
756 1899 805 1952 Ed.
823 1902 891 1959 Veu.
909 1905 989 1954 149².
1008 1899 1109 1954 hebent
1125 1899 1279 1968 disputant.
1316 1895 1373 1949 Mt.

434 1985 500 2038 Vita
518 1995 602 2057 atque
615 1986 718 2057 factis]
746 1986 825 2053 „MS.
843 1988 903 2040 vita
919 1989 970 2060 igi
976 1999 1035 2040 tur
1053 1997 1137 2058 atque
1150 1986 1270 2056 sactis.“
1292 1983 1401 2039 Greci.
1420 2037 1426 2056 ³

313 2143 318 2157 Ι
361 2070 430 2126 Cod.
453 2084 545 2127 notter
569 2070 629 2126 Cra.
653 2077 677 2126 2.
703 2075 762 2127 vita
789 2075 927 2145 quidem
952 2086 1035 2147 atque
1056 2074 1156 2144 sactis·
1196 2071 1293 2142 Pergit
1317 2069 1400 2123 Doni.

361 2179 423 2214 cum
435 2159 508 2214 Gud.
521 2160 553 2213 Β.
573 2170 599 2213 et
612 2158 718 2213 Suerin.
736 2162 938 2213 Illustrata
956 2172 1029 2218 eunt,
1049 2161 1122 2233 quod
1141 2159 1222 2213 habet
1238 2161 1321 2213 etiam
1333 2155 1401 2210 nist

361 2252 391 2314 t,
412 2249 458 2320 qui
474 2246 573 2301 omittit
589 2247 726 2318 sequentia
747 2266 908 2301 summorum
926 2250 1057 2312 virorum,
1075 2247 1147 2320 quod
1166 2247 1255 2300 sarcre
1275 2244 1356 2315 potiit
1370 2242 1402 2294 vi-

348 2332 419 2385 'deri
439 2334 608 2389 coniecturae
626 2332 675 2384 Th.
694 2332 824 2399 Bentleii,
842 2334 888 2388 eet
907 2335 1040 2391 videretur
1058 2345 1170 2389 tentum.
1207 2334 1239 2388 ln
1257 2353 1334 2406 seqq.
1351 2331 1401 2384 Cn.

364 2423 389 2474 1.
415 2420 493 2474 babet
518 2439 588 2492 qaae
612 2421 647 2471 in
666 2421 769 2482 verbim·
799 2421 871 2478 Gud.
889 2423 922 2476 B.
947 2425 1045 2479 omittit
1069 2423 1167 2480 verbis,
1194 2421 1268 2484 Gud.
1285 2422 1318 2474 A.
1342 2420 1400 2473 secte

363 2508 568 2579 transpositione
583 2506 662 2562 habet
680 2509 798 2562 virorum
816 2530 986 2564 summorum·
1022 2511 1064 2565 Ad
1084 2530 1106 2563 ι.
1119 2510 1249 2563 subtiliat
1262 2508 1327 2564 ΑΜ.
1339 2507 1402 2560 Man

363 2596 510 2669 explicandi
535 2616 613 2650 causa
640 2597 793 2670 adscripsit:
820 2618 890 2652 more
914 2601 1072 2655 Stoicorum.
1116 2598 1189 2651 idem
1215 2598 1249 2650 nd
1274 2594 1401 2668 sequentia

363 2689 439 2752 „an
457 2684 554 2757 inquit,
571 2686 644 2741 abest
659 2687 692 2741 ab
711 2706 776 2742 uno.
813 2687 887 2743 Male
899 2688 942 2743 atii
954 2688 1049 2760 legunt
1063 2705 1143 2759 quam
1155 2686 1303 2757 factie.“
1338 2683 1401 2737 idem

348 2774 445 2837 ,refert
461 2774 489 2828 in
506 2793 576 2830 terr.
594 2774 666 2829 lectt.
683 2773 823 2829 Graevius.
858 2778 975 2832 Pratum
998 2776 1065 2829 illud
1083 2793 1165 2848 quam
1184 2773 1307 2843 sactis
1331 2789 1401 2826 occu·

364 2872 410 2933 pet
426 2860 494 2913 Edd.
511 2860 577 2932 Arg.
596 2864 677 2915 1515.
704 2863 774 2915 Ven.
792 2867 872 2920 tete.
900 2864 1139 2919 Heluetiae.
1168 2863 1237 2914 Ven.
1255 2863 1335 2915 1514.
1349 2859 1401 2911 Per.

363 2952 443 3004 1512.
467 2948 689 3003 Darentr.1515.
716 2951 803 3022 Lugd.
819 2956 899 3007 1515.
923 2954 982 3008 Par.
1003 2955 1082 3006 1597.
1106 2949 1157 3003 Ed.
1175 2966 1234 3019 prc.
1253 2958 1280 3001 et
1303 2946 1351 2999 Ed.
1366 2963 1402 3013 ap.

363 3037 447 3091 Mens.
482 3036 664 3107 Reprehendit
675 3038 754 3091 etiam
767 3037 910 3093 lectionem
921 3041 1012 3112 sactis
1025 3040 1053 3093 in
1068 3033 1264 3092 commentario
1275 3033 1311 3088 H.
1320 3030 1402 3085 wot-

365 3125 435 3178 iiue
453 3143 514 3178 cum
534 3124 594 3178 Frc.
613 3122 721 3195 Spirio,
750 3127 796 3197 qui
822 3147 903 3199 quam
920 3148 942 3182 e.
966 3138 1008 3180 eet
1028 3127 1140 3198 explicat
1158 3124 1280 3178 nimiam.
1300 3152 1331 3164 ·-
1358 3121 1403 3173 Pro

366 3231 464 3284 quaero
488 3212 573 3264 enim
597 3221 636 3264 est
660 3230 760 3283 quaero
782 3226 899 3268 autem
920 3215 948 3269 in
968 3213 1054 3268 Codd.
1073 3212 1152 3266 Dred.
1170 3214 1197 3266 1.
1214 3221 1243 3264 et
1260 3214 1287 3265 8.
1305 3230 1336 3263 ex
1352 3226 1404 3280 per·

366 3318 458 3371 peram
476 3299 545 3356 lecto
563 3299 696 3354 scribendi
714 3304 885 3373 compendio.
921 3305 963 3359 tt
982 3322 1061 3357 utum
1079 3301 1150 3355 vocis
1166 3299 1298 3353 subtilius
1319 3297 1352 3351 ci.
1364 3294 1404 3349 Or.

366 3407 416 3458 pro
434 3386 537 3441 Scauro
557 3407 579 3441 c.
600 3390 625 3440 1.
645 3388 682 3442 ib.
699 3389 791 3445 Heinr.
810 3392 887 3447 Brut.
904 3396 929 3447 9.
949 3393 982 3447 de
1000 3393 1079 3445 Finn.
1097 3391 1117 3455 Ι,
1136 3393 1161 3443 9.
1197 3386 1258 3440 Mr·

435 3478 508 3527 Num
523 3476 629 3527 ullam
647 3476 855 3547 cogitationem]
875 3481 988 3545 „Iliam
1013 3478 1148 3534 tredecim.
1184 3474 1268 3528 Male.
1309 3472 1403 3527 attam

366 3580 421 3614 non
439 3562 521 3615 modo
540 3580 595 3614 non
614 3563 764 3631 maximam,
785 3567 968 3639 utplerique:
986 3566 1178 3638 autaliquem,
1197 3573 1304 3617 utnon
1323 3556 1404 3632 pauci:

365 3647 410 3700 sed
433 3666 484 3703 nec
509 3647 590 3701 uliam
616 3656 752 3720 prorsui.“
781 3652 851 3707 tlt.
877 3656 1006 3711 Manut.
1042 3652 1199 3722 „Pithoeam
1224 3670 1291 3701 nam
1316 3648 1404 3701 ittam

366 3736 581 3807 cogitationem.“
605 3734 723 3790 Graev.
767 3740 877 3812 Reperti
903 3744 980 3795 iilam
1005 3742 1055 3797 Or.
1081 3742 1109 3793 in
1135 3737 1221 3793 Codd.
1249 3737 1332 3790 Bern.
1356 3733 1405 3786 Bet

365 3822 455 3877 Gueii.
472 3834 498 3878 et
515 3822 563 3876 Ed.
580 3843 654 3894 prc.;
672 3845 721 3880 noe
739 3827 767 3879 in
786 3827 872 3882 Codd.
890 3829 951 3884 Cre.
969 3834 995 3884 t.
1014 3835 1040 3883 2.
1058 3827 1139 3881 Drtd.
1159 3828 1185 3880 3.
1201 3828 1229 3878 4.
1248 3829 1274 3879 5.
1292 3823 1364 3877 Gut
1378 3822 1406 3873 A·

364 3911 395 3965 B.
413 3910 444 3965 C.
464 3911 557 3965 Duisb.
575 3911 643 3966 Edd.
661 3914 729 3967 Ven.
748 3919 827 3972 1481.
846 3921 927 3972 1492.
950 3919 1011 3971 Par.
1030 3920 1110 3971 1597.
1131 3916 1210 3968 1512.
1229 3911 1319 3981 Lugd.
1337 3911 1405 3964 titt.

364 3999 434 4051 Ven.
444 4001 524 4053 1514.
540 3998 590 4053 Ed.
608 4018 650 4072 ap.
668 4000 754 4056 Meua.
774 4003 837 4075 Arg.
854 4009 935 4060 1515.
953 4005 1175 4059 Darentr.1515.
1209 3999 1240 4051 in
1260 3998 1331 4052 Cod.
1347 3998 1407 4051 soe·

364 4084 416 4139 rin.
431 4095 469 4139 est
487 4086 574 4137 unde
592 4087 603 4137 i
609 4087 639 4137 ll
645 4106 695 4139 am
714 4091 911 4161 cogitationem.
947 4094 990 4145 Ad
1003 4091 1168 4146 locutionem
1185 4088 1302 4142 contulit
1314 4083 1406 4141 Genti·

364 4170 497 4224 Velleium
515 4171 573 4226 Pet.
592 4172 625 4226 ΙΙ.
641 4176 689 4228 11τ
717 4178 774 4229 Diu
793 4179 835 4229 ita
854 4198 883 4231 ce
900 4182 999 4249 gemit,
1025 4190 1056 4232 ut
1075 4178 1209 4231 nuttam
1225 4178 1337 4246 petendi
1355 4190 1409 4226 con-

364 4258 486 4309 euiatum
513 4260 767 4328 cogitationem
796 4266 922 4319 habere
953 4269 1097 4321 videretur.
1115 4294 1150 4307 -
1186 4265 1243 4318 Pro
1270 4265 1409 4317 videantur

366 4339 424 4395 Cra.
442 4349 466 4396 2.
486 4346 621 4399 videntur.
657 4348 712 4401 Pro
737 4351 757 4401 ii
783 4352 811 4405 in
828 4354 1018 4410 muttisesttt
1035 4355 1133 4417 ethii,
1159 4352 1193 4405 de
1212 4371 1267 4423 qua
1287 4360 1409 4423 perpetue

367 4428 524 4483 confusione
543 4451 598 4487 non
618 4433 721 4487 videtur
739 4438 807 4492 ultra
826 4443 992 4496 monendum
1012 4453 1071 4513 port
1089 4460 1136 4507 ea,
1163 4460 1232 4512 quae
1252 4441 1368 4494 diximus
1383 4434 1411 4489 ad
