3517 5450
690 729 730 773 ιιι
762 727 957 773 ιιιιιιιιιιιοιι
978 728 1021 788 vr,
1046 725 1070 777 a.
1336 703 1410 776 367

360 903 383 946 et
400 892 427 943 in
450 889 597 961 posteriore
618 888 766 942 annotavit:
793 887 939 952 „Sescenta
966 886 1008 939 itta
1036 904 1089 940 non
1110 887 1191 940 modo
1210 887 1242 939 ad
1261 885 1411 941 huiusmodi

362 990 483 1049 sumptus
501 996 555 1029 non
576 975 729 1042 sufficiunt,
758 975 802 1028 sed
826 994 858 1026 ne
886 975 918 1027 ad
945 975 1022 1028 senus
1041 975 1148 1046 quidem
1174 975 1328 1028 solvendum
1354 976 1413 1028 satis

361 1080 429 1124 suut.
468 1065 626 1136 Sumptuosi
646 1065 717 1117 enim
738 1063 858 1134 ingentes
876 1065 1004 1134 pecunias
1021 1064 1115 1116 fenore
1134 1067 1270 1117 sumunt.“

429 1188 448 1240 Ι.
462 1186 493 1239 Α.
510 1185 692 1239 Ernestus:
713 1183 852 1250 (exbibens
869 1185 992 1238 Lambini
1011 1184 1167 1250 lectionem)
1187 1184 1255 1251 „Hic
1274 1184 1342 1236 ordo
1354 1184 1411 1237 vui-

357 1287 431 1348 gatus
450 1286 508 1328 erat
526 1285 587 1326 ante
605 1273 766 1327 Lambinum
786 1274 868 1341 [vides
884 1293 961 1337 eum,
989 1293 1022 1325 ne
1048 1272 1172 1344 inspectis
1199 1272 1307 1344 quidem
1336 1272 1412 1336 Edd,

356 1367 383 1417 in
403 1364 482 1416 verba
503 1361 624 1415 Lambini
644 1363 757 1430 iurare:]
788 1364 833 1433 qui
852 1374 877 1416 et
896 1363 1018 1425 servavit,
1046 1362 1091 1416 etsi
1120 1360 1242 1414 inlibris
1266 1361 1370 1432 scriptis
1388 1372 1412 1414 et

356 1450 519 1505 editionibus
537 1460 596 1502 vett.
616 1460 752 1519 repererat
777 1469 829 1501 non
856 1451 931 1502 modo
955 1450 993 1500 nd
1005 1450 1170 1520 fructum
1190 1478 1223 1488 -
1243 1461 1411 1518 sumptus.

355 1538 455 1592 Sensus
475 1537 583 1609 quidem
601 1536 677 1588 ilium
696 1536 818 1588 ordinem
839 1535 965 1607 requirit,
985 1535 1057 1589 bunc
1075 1554 1145 1588 non:
1174 1535 1264 1607 itaque
1283 1534 1411 1588 restituis·

357 1625 421 1677 Post
441 1624 582 1676 Ernestum
603 1623 691 1676 nutius
709 1623 841 1676 editorum
862 1624 894 1676 ad
914 1622 1024 1677 Gruteri
1051 1633 1221 1695 veterumque
1240 1623 1307 1676 Edd.
1327 1622 1411 1694 pluri-

358 1731 464 1764 marum
485 1710 628 1765 lectionum
648 1711 734 1766 rediit.

430 1815 465 1867 D.
485 1814 786 1886 Wyttenbacbius
804 1815 845 1879 (in
866 1815 977 1883 scholis,
997 1817 1093 1870 reiecta
1114 1828 1173 1870 vett.
1193 1816 1252 1869 edd.
1271 1817 1411 1886 lectione):

356 1904 392 1970 „i.
412 1925 453 1970 e.,
474 1903 576 1975 inquit,
596 1903 639 1958 bic
657 1905 760 1957 tructus
781 1902 819 1955 vel
839 1903 939 1957 reditus
958 1906 1066 1976 exiguus
1082 1916 1134 1968 est,
1153 1922 1207 1957 non
1220 1904 1280 1957 satis
1290 1924 1410 1975 magnus,

358 2013 413 2044 non
434 1990 515 2043 modo
544 1992 577 2044 ad
597 2003 733 2062 sumptum
759 1992 913 2045 faciendum
934 1992 961 2045 in
988 2013 1017 2046 re
1035 1991 1172 2057 familiari,
1199 1992 1244 2045 sed
1274 1992 1353 2044 etiam
1377 1990 1409 2042 ad

356 2080 433 2132 fenus
452 2079 608 2132 solvendum
627 2100 677 2151 pro
696 2101 726 2134 ea
746 2082 876 2152 pecunia,
903 2101 983 2154 quam
1003 2083 1036 2135 ab
1055 2081 1111 2133 aliis
1131 2091 1224 2132 mutuo
1242 2079 1412 2150 sumpseris.“

356 2168 443 2219 Venio
472 2167 538 2230 iam,
566 2172 643 2231 (nam
663 2168 784 2221 Gernb.
811 2168 875 2221 nibil
903 2170 991 2236 addit,
1020 2169 1172 2222 nisi-sensu
1200 2165 1349 2238 postulante
1374 2186 1410 2229 se,

357 2276 419 2311 cum
440 2256 569 2322 Ernesto,
590 2257 748 2310 Lambinum
767 2259 856 2328 sequi)
876 2259 910 2310 ad
926 2258 958 2313 H.
979 2258 997 2310 Ι.
1019 2258 1258 2328 Borgersium,
1278 2254 1323 2326 qui
1343 2274 1410 2307 con-

356 2345 442 2398 tendit
461 2345 549 2414 tegere
575 2341 667 2397 omnes
696 2357 754 2416 post
782 2345 959 2413 Lambinum,
989 2366 1042 2398 non
1072 2347 1147 2397 modo
1175 2345 1213 2395 ud
1237 2353 1410 2412 surnptum

355 2432 402 2482 itte
420 2443 461 2483 est
479 2432 653 2500 fructus,
673 2433 717 2484 sed
737 2444 786 2486 etc.
807 2433 892 2504 [quod
914 2452 993 2505 quam
1014 2453 1104 2485 verum
1124 2433 1173 2497 sit,
1194 2431 1264 2483 vides
1283 2450 1311 2482 er
1331 2449 1413 2500 supe·

355 2518 486 2570 rioribus:
515 2518 617 2572 videtur
642 2519 799 2590 Borgersius
819 2540 873 2573 non
900 2521 1039 2593 inspexisse
1059 2519 1222 2585 Gruterum,
1256 2518 1410 2586 Graevium,

356 2604 535 2672 Gronovium,
555 2605 746 2670 Sebreveiium,
766 2607 975 2677 Verburgium:]
996 2608 1032 2662 sic
1052 2608 1152 2680 pergite
1170 2607 1327 2679 „quiquam
1343 2609 1411 2659 bene

355 2691 389 2744 de
408 2692 539 2747 hocloco
558 2695 667 2749 meritus
685 2696 730 2763 sit,
762 2695 858 2766 poterit
875 2695 987 2750 iudicari
1013 2716 1041 2749 ez
1067 2694 1134 2751 Cod.
1156 2696 1276 2750 Vossiani
1304 2697 1349 2749 Nr.
1365 2698 1409 2750 tv.

354 2781 486 2846 tectione,
519 2803 613 2855 quam,
643 2796 672 2837 ut
698 2785 873 2848 verissimam,
905 2784 931 2836 in
954 2796 1049 2837 testum
1069 2786 1188 2856 recipere
1207 2802 1261 2837 non
1281 2784 1411 2836 dubitavi·

355 2889 429 2922 mus:
449 2874 508 2922 Non
528 2874 602 2924 modo
614 2873 730 2943 fructus
748 2873 794 2923 itte
811 2874 849 2923 ad
865 2886 1004 2942 sumptus,
1023 2874 1169 2924 sedetiam
1188 2873 1227 2923 od
1238 2872 1333 2943 senus,
1352 2874 1411 2923 exi-

352 2976 437 3028 guus.
472 2957 550 3026 Quae
570 2959 648 3012 tectio
667 2961 701 3012 ob
722 2972 838 3032 quatuor
858 2960 1058 3014 terminationes
1076 2961 1104 3012 in
1123 2979 1156 3012 us
1174 2978 1265 3012 ansam
1286 2958 1407 3030 praebuit

353 3044 524 3100 variantibus.
562 3046 619 3101 Cat.
637 3048 669 3113 ΙΙ,
689 3052 718 3101 8:
737 3050 816 3119 Quod
832 3050 856 3101 si
874 3050 1009 3101 maturius
1023 3053 1119 3117 facere
1138 3048 1301 3112 voluissent,
1326 3065 1409 3117 neque

353 3144 499 3186 certare
517 3154 586 3186 eum
606 3138 725 3201 usuris
737 3136 929 3207 fructibus
945 3138 1185 3208 praediorum,
1205 3135 1296 3208 ibique
1313 3134 1410 3187 bluret.

352 3232 378 3274 et
397 3220 523 3274 Scbtitz.“

428 3326 486 3397 Ego
506 3347 582 3393 vero,
602 3346 664 3381 cum
684 3328 814 3392 viderem,
834 3340 949 3381 veterem
968 3328 1125 3392 tectionem,
1145 3348 1159 3380 a
1177 3326 1296 3380 Grutero
1315 3330 1409 3381 desen·

354 3432 428 3476 sam,
459 3424 527 3466 stare
547 3433 602 3466 non
624 3435 714 3485 posse,
743 3435 805 3468 cum
825 3416 857 3469 de
883 3415 968 3469 reditu
994 3414 1165 3486 praediorum
1185 3413 1349 3480 (defructu)
1369 3415 1411 3466 Ιο-

358 3514 458 3573 quatur
477 3501 585 3568 Cicero,
606 3523 660 3556 non
680 3504 713 3556 de
734 3516 857 3575 sumptu;
878 3524 932 3575 quo
952 3504 1023 3556 sacto
1042 3502 1189 3555 necessario
1201 3502 1318 3572 fructus
1338 3503 1410 3553 Sub-

353 3589 415 3641 iecti
436 3589 524 3641 iocum
545 3601 635 3643 tenere
654 3591 759 3644 debuit:
788 3590 904 3643 eundem
923 3590 994 3643 enim
1016 3590 1145 3662 fructum
1163 3591 1265 3657 statim,
1296 3591 1328 3642 dc
1347 3610 1410 3642 suo-

354 3696 416 3728 rum
437 3678 524 3731 reditu
544 3679 715 3749 praediorum
745 3679 873 3750 loquens,
900 3677 1019 3749 vectigal
1047 3677 1126 3742 dicit,
1160 3697 1189 3729 ex
1223 3696 1277 3748 quo
1308 3677 1407 3747 aliquid

352 3767 432 3819 etiam
454 3766 600 3832 redundet,
620 3787 675 3818 non
695 3787 724 3819 ex
743 3779 868 3838 sumptu;
896 3785 958 3819 cum
977 3778 1147 3837 reputarem,
1175 3765 1298 3818 Lambini
1318 3764 1410 3817 lectio-

354 3873 417 3905 nem
428 3851 573 3906 Codicibus
592 3866 664 3907 certe
683 3875 737 3908 non
753 3854 861 3920 firmari,
882 3874 1045 3927 quamquam
1065 3854 1098 3906 ad
1116 3854 1273 3906 sententiam
1292 3852 1324 3905 sit
1339 3873 1409 3912 vera;

356 3961 415 3994 eam
435 3941 570 4012 amplexus
589 3962 663 4008 sum,
692 3963 775 4014 quoe,
807 3943 972 4015 paucissimis
997 3942 1118 4008 mutatis,
1151 3961 1239 4012 neque
1266 3943 1407 3993 verborum

355 4030 589 4098 transpositionem
610 4030 762 4101 postulans,
783 4032 861 4084 unius
881 4030 941 4082 libri
961 4030 1025 4083 boni
1047 4029 1212 4099 (Vossiani),
1227 4030 1269 4082 cui
1290 4030 1408 4099 proxime

354 4114 458 4167 accedit
476 4115 598 4182 Suerin,
618 4119 712 4171 nititur
730 4117 921 4184 fundamento,
952 4120 985 4169 ita
1017 4129 1122 4183 tamen,
1142 4129 1186 4182 ut,
1217 4117 1290 4189 quod
1310 4116 1406 4168 habent

351 4202 411 4254 iibri
433 4221 542 4269 omnes,
571 4206 780 4277 desideravitque
799 4206 932 4271 Oreiiius,
966 4205 1108 4269 adderem,
1138 4205 1246 4256 verbum
1265 4205 1408 4257 substanti-

354 4310 414 4341 vum
434 4301 491 4353 est,
510 4312 539 4343 ex
558 4293 625 4346 Cod.
644 4295 750 4348 Suerin.

425 4396 527 4464 Restat,
547 4411 576 4451 ut
595 4401 627 4452 de
648 4399 778 4454 Codicum
799 4400 943 4471 scriptione
964 4398 1090 4462 reseram,
1115 4395 1160 4467 qui
1189 4415 1243 4447 non
1270 4395 1302 4447 ad
1322 4414 1405 4447 unum

355 4501 447 4535 omnes
475 4482 572 4540 babent
599 4488 669 4540 iilam
699 4500 815 4542 veterum
850 4490 998 4547 editionum
1027 4484 1182 4539 lectionem:
1218 4484 1284 4549 „nti
1304 4513 1335 4524 -
1356 4504 1407 4535 nvn
