3517 5450
477 683 549 756 188
808 708 980 754 eleison
1009 707 1203 756 simeonius.

470 870 703 942 (quemadmodum
728 869 807 918 multi
833 868 862 917 in
889 877 1002 932 senatu,
1026 885 1066 917 me
1088 865 1213 933 absente,
1241 867 1384 936 dixerant)
1410 871 1511 938 periculo

472 958 511 1009 rei
529 956 653 1026 publicae
673 955 805 1011 vivebam,
831 953 931 1025 quique
958 953 990 1004 ob
1008 971 1067 1003 eam
1085 971 1203 1006 eausam.
1216 954 1408 1007 consulatibus
1428 957 1511 1007 litteris

379 1092 383 1102 ,
472 1046 503 1094 de
527 1054 638 1096 senatus
662 1043 797 1095 sententia
826 1042 927 1092 exteris
952 1041 1107 1093 nationibus
1131 1041 1352 1110 commendator,
1377 1063 1471 1106 nonne,
1494 1046 1511 1096 si

471 1152 554 1183 ineam
572 1133 657 1184 vitam
676 1131 863 1194 deseruissem,
891 1147 944 1180 rem
961 1127 1097 1198 publicum
1118 1129 1303 1198 prodidissem.
1348 1129 1419 1182 Add.
1442 1149 1463 1182 c.
1477 1134 1510 1194 tl,

470 1224 536 1274 128:
554 1224 637 1290 Quem
655 1221 723 1271 enim
743 1236 862 1290 uuquam
878 1227 991 1268 senatus
1011 1218 1107 1282 civem,
1126 1217 1180 1267 nisi
1196 1235 1252 1276 me,
1276 1216 1434 1269 nationibus
1450 1228 1511 1268 este-

470 1309 508 1360 ris
526 1305 741 1359 commendavit?
759 1306 837 1357 cuius
856 1320 978 1375 unquam
992 1313 1104 1372 prepter
1121 1305 1255 1369 salutem,
1279 1305 1334 1356 nisi
1360 1323 1457 1369 meam,
1479 1325 1511 1358 se·

470 1407 553 1448 iaetus
569 1394 675 1465 publice
693 1394 772 1446 sociis
788 1392 884 1463 populi
900 1392 1016 1443 Romani
1031 1392 1141 1463 gratius
1161 1391 1240 1464 egit?
1258 1388 1310 1464 pie
1322 1392 1510 1459 Pinnetem:

471 1490 587 1537 Senatus
606 1485 727 1536 consulte
746 1511 779 1522 -
798 1500 855 1532 meu
879 1481 957 1532 selus
975 1479 1096 1532 omnibus
1118 1490 1159 1534 est
1177 1481 1306 1552 gentibue
1331 1484 1511 1535 commendate.

469 1571 561 1640 Idem,
592 1572 665 1643 quod
691 1571 781 1642 priore
806 1588 856 1640 pro
884 1568 971 1622 Sestio
996 1567 1073 1634 loeo,
1102 1568 1184 1622 relert
1211 1569 1238 1621 in
1264 1567 1317 1622 Or.
1342 1571 1372 1622 in
1401 1569 1508 1623 Pisonem

471 1681 493 1715 c.
512 1665 555 1727 15,
575 1665 619 1715 32.
638 1658 724 1713 Codd.
742 1656 802 1712 Crz.
819 1656 892 1710 Gud.
910 1657 943 1709 A.
963 1655 1063 1711 babent
1080 1657 1198 1709 externis
1218 1676 1269 1728 pro
1288 1659 1398 1711 exteris.
1418 1657 1508 1710 Suerin.

470 1752 498 1801 in
516 1750 625 1804 exteris.
662 1747 720 1800 Me.

542 1837 613 1888 Civis
632 1836 735 1905 optimi]
755 1839 816 1901 „Ut
836 1834 955 1888 additum
970 1834 997 1887 in
1018 1853 1083 1900 uno,
1102 1853 1164 1887 eum
1179 1833 1253 1904 prius
1266 1853 1324 1886 non
1338 1835 1432 1887 esset.“
1451 1830 1506 1884 All.

468 1925 552 1978 Man.
589 1925 633 1990 „A
651 1924 756 1976 duobus
775 1922 952 1975 vetustissimis
975 1921 1050 1974 libris
1074 1921 1149 1975 abest
1175 1920 1305 1993 particula
1333 1932 1379 1986 ut,
1410 1932 1435 1974 et
1452 1918 1505 1972 haud

468 2014 522 2068 scio
539 2033 573 2066 an
594 2012 676 2065 male:
701 2011 804 2064 videtur
828 2011 902 2062 enim
930 2031 959 2062 ex
984 2009 1102 2063 formula
1129 2029 1197 2065 esse:
1226 2010 1298 2062 Civis
1323 2008 1423 2075 bouus,
1449 2010 1505 2059 Civis

467 2103 609 2170 optimus.“
627 2097 658 2152 C.
679 2101 778 2169 Lang.
824 2097 974 2165 „Nonnulli
1002 2098 1061 2151 libri
1088 2109 1187 2151 veteres
1205 2116 1261 2149 non
1288 2094 1388 2149 babent
1406 2096 1506 2166 particu—

468 2192 520 2244 lam
539 2199 587 2253 ut,
607 2209 674 2260 quos
692 2198 797 2240 secutus
816 2197 854 2240 est
872 2186 997 2258 Langius.
1041 2187 1070 2239 ln
1100 2206 1155 2239 uno
1175 2205 1225 2256 pro
1251 2186 1320 2236 civis
1346 2185 1438 2253 optimi
1453 2185 1505 2236 seri·

468 2290 543 2349 ptum
558 2288 596 2330 est
612 2277 677 2328 civis
695 2275 819 2344 optimus.
833 2274 968 2327 mendose.
987 2274 1096 2328 hamb.
1133 2273 1232 2341 „Deest
1250 2273 1331 2327 etiam
1348 2285 1380 2326 ut
1394 2273 1421 2327 in
1434 2271 1503 2325 Piue‘

468 2364 586 2417 Graes.
633 2366 736 2416 Vocem
756 2373 787 2415 ut
807 2363 934 2415 omittunt
953 2362 1038 2415 Codd.
1059 2362 1117 2416 Bes.
1149 2361 1239 2415 Guels.
1269 2361 1343 2416 Gud.
1363 2362 1397 2416 Α.
1422 2361 1503 2414 Cret

466 2452 533 2505 Edd.
554 2472 609 2524 pre.
627 2455 706 2505 1465.
727 2451 796 2504 Vici.
814 2450 885 2506 Rob.
903 2452 996 2521 steph.
1016 2450 1102 2504 Bentl.
1133 2451 1163 2502 ln
1182 2448 1251 2504 cod.
1270 2448 1331 2503 Cn.
1350 2456 1376 2506 2.
1398 2449 1503 2504 scribilur

467 2542 561 2610 optimi
587 2541 639 2592 viri
662 2540 737 2594 civis.
784 2537 889 2610 Reliqui
917 2539 979 2592 libri
1006 2550 1111 2592 servant
1142 2549 1181 2591 ut.
1230 2537 1357 2604 „Carere
1376 2558 1410 2592 eo
1433 2555 1503 2610 posses

465 2630 570 2697 (monet
587 2627 710 2694 Germe),
730 2627 751 2680 si
769 2627 915 2699 scripsisset
930 2626 1042 2682 Cicero:
1062 2647 1154 2692 meam,
1173 2627 1240 2680 civis
1259 2627 1363 2696 optimi,
1382 2627 1502 2680 salutem.“

467 2714 513 2770 Sic
532 2714 582 2769 Oe.
601 2736 650 2787 pro
669 2714 762 2770 Plane.
782 2718 831 2769 1⁰:
851 2734 937 2780 meae,
953 2717 1117 2785 praesentis,
1132 2734 1233 2785 preces.
1270 2713 1331 2769 Me.

537 2815 584 2867 tu,
602 2823 633 2855 ne
651 2823 721 2855 nune
739 2804 867 2874 quidem‚]
887 2803 1039 2868 Editiones‚
1067 2804 1094 2856 in
1114 2804 1213 2875 quibus
1229 2802 1317 2873 glossa
1343 2823 1372 2856 es
1397 2804 1457 2855 civis
1473 2799 1500 2851 vel

468 2891 534 2943 civis
552 2889 672 2957 additur,
701 2891 954 2963 supramemoravi.
1002 2891 1082 2945 Nunc
1114 2891 1147 2944 de
1175 2891 1501 2945 Codieihusmoneudum.

466 2979 499 3033 Et
519 2979 617 3034 habent
637 2980 745 3051 quidem
763 2998 792 3031 es
811 2979 876 3030 civis
895 2978 959 3031 On.
969 2977 1005 3031 U.
1014 2996 1044 3041 ψ.
1064 2982 1121 3032 Cre.
1141 2983 1166 3032 1.
1184 2983 1210 3035 3.
1227 2978 1384 3046 (hieesiam
1403 2999 1449 3031 nae
1463 2995 1499 3048 pro
1534 3009 1539 3017 ·

466 3073 511 3133 ne)
530 3067 611 3121 Drsd.
629 3072 672 3131 ⁵.;
693 3067 744 3120 Ox.
763 3067 795 3120 E.
824 3067 903 3121 hebet
921 3086 954 3118 ne
972 3079 1039 3119 tunc
1058 3087 1109 3139 pro
1128 3086 1160 3119 ne
1178 3088 1282 3135 nune,
1313 3049 1365 3122 bx.
1385 3068 1417 3121 N.
1439 3084 1500 3126 mm,

448 3157 564 3221 *omisso
582 3175 630 3225 ηις
648 3156 698 3209 Os.
714 3173 743 3218 ψ.
762 3167 789 3206 et
808 3166 881 3209 tunc.
919 3156 1043 3210 Drsd.'1.
1061 3160 1086 3211 3.
1106 3168 1138 3210 tu
1159 3176 1191 3208 ne
1209 3176 1242 3208 es
1259 3176 1334 3209 nune
1352 3158 1453 3229 quidem
1467 3154 1499 3203 ci·

467 3245 531 3309 vis,
549 3244 630 3297 Dusd.
650 3249 673 3297 2.
699 3255 731 3296 tu
749 3264 782 3297 ne
798 3256 862 3296 tune
890 3246 995 3317 quidem
1018 3246 1099 3311 civis,
1128 3244 1207 3299 Drsd.
1224 3248 1252 3298 4.
1277 3254 1311 3297 tu
1340 3264 1373 3297 ne
1398 3264 1424 3297 es
1447 3244 1498 3294 cives

465 3334 524 3400 (sic)
544 3352 595 3384 non
614 3334 738 3405 quicum,-
766 3333 846 3386 Drsd.
865 3337 892 3387 5.
906 3345 947 3407 'tu
973 3354 1005 3387 ne
1036 3334 1141 3406 quidem
1158 3351 1230 3385 nunc
1256 3350 1285 3384 es
1304 3333 1391 3395 civis5
1417 3330 1498 3388 Cri-‚t-

466 3434 497 3473 tu
516 3441 548 3474 ne
568 3422 673 3494 quidem
691 3422 756 3474 civis
764 3443 773 3483 ,·
793 3421 860 3478 On.
879 3422 909 3475 E.
930 3423 948 3475 l.
974 3424 1045 3476 cives
1061 3441 1132 3476 eres.
1168 3420 1275 3475 Suerin.
1299 3440 1332 3473 ne
1356 3438 1428 3473 nune
1448 3414 1496 3468 civis
1542 3436 1544 3486 l

465 3510 577 3580 quidem.
615 3510 688 3563 Gud.
703 3510 735 3564 B.
754 3529 785 3561 ne
803 3529 831 3562 es
850 3511 916 3563 civis
939 3530 1010 3563 nurse
1036 3512 1149 3583 quidem.
1172 3509 1230 3564 Me.
1250 3537 1286 3549 -·
1324 3498 1495 3581 vulgatique

466 3600 568 3649 demes
588 3600 661 3650 civis.
699 3597 750 3650 Sed
772 3598 854 3651 delevi
874 3619 952 3652 suasu
971 3598 1130 3665 Pal.·seriii‚
1149 3597 1178 3652 S.
1197 3598 1324 3664 Victoris,
1344 3598 1408 3654 item
1424 3603 1493 3649 aueu-

466 3686 540 3738 ritete
559 3684 607 3736 Ed.
627 3686 716 3738 Vicl.“
736 3685 876 3739 Gruter.
913 3687 1001 3755 „Edu
1018 3706 1046 3738 es
1065 3688 1146 3751 civis,
1164 3686 1252 3740 invitis
1271 3685 1374 3740 1188.ιι
1398 3685 1493 3739 Grae«.

538 3774 599 3823 Nisi
610 3774 688 3842 sorte
706 3774 774 3825 idem
792 3794 849 3827 esse
866 3777 952 3827 hostis
970 3787 996 3827 et
1015 3776 1082 3826 civis
1097 3775 1208 3844 potest]
1234 3777 1368 3838 „Hostem
1385 3794 1436 3827 non
1451 3784 1493 3822 eum

465 3857 609 3929 significat,
641 3861 684 3912 cui
711 3860 749 3914 vel
768 3862 868 3915 bellum
888 3864 1035 3935 iudicium,
1061 3862 1099 3915 vel
1119 3863 1165 3934 qui
1186 3861 1252 3932 reip.
1271 3862 1412 3928 indixerit,
1437 3873 1492 3931 qutm

466 3959 564 4001 veteres
584 3948 745 4018 perduellem
765 3938 913 4005 vocabanli
926 3952 971 4004 sed
991 3971 1063 4014 euin,
1082 3951 1129 4021 qui
1147 3948 1369 4021 tranquillitatem
1382 3941 1490 4019 reipubli-

465 4058 511 4091 cae
531 4049 625 4091 contra
644 4039 684 4090 ius
703 4038 794 4109 sasque
813 4051 838 4094 et
857 4051 950 4108 eonlea
969 4039 1041 4111 leges
1059 4038 1212 4094 conturbat:
1244 4056 1298 4109 qua
1325 4033 1490 4109 significamus

464 4125 561 4179 Cicero
580 4145 658 4195 saepe
678 4126 787 4178 utitur.“
807 4128 900 4198 Xyst.
920 4127 1031 4181 Betui.
1068 4126 1179 4198 „ltaque
1193 4124 1291 4180 Cicero
1304 4105 1391 4198 primis
1407 4116 1488 4177 inieci·
1529 4110 1545 4151 n

464 4232 555 4266 varum
581 4213 609 4266 in
638 4211 779 4266 Catilinam
806 4228 887 4287 negat
912 4237 972 4281 eos,
1002 4216 1049 4289 qui
1074 4236 1089 4268 a
1114 4235 1171 4287 rep.
1190 4214 1364 4281 deiecerunt,
1396 4222 1485 4281 uuqu²¹¹¹

463 4301 520 4355 iura
540 4301 638 4362 cisium
656 4301 756 4354 Romae
776 4304 916 4358 tenuisse.“
952 4306 974 4357 F
982 4325 1025 4358 rc.
1043 4303 1134 4376 Syls.

533 4392 602 4441 idem
621 4391 707 4442 hostis
723 4409 778 4443 esse
796 4403 823 4443 et
843 4395 909 4445 civis
922 4395 1033 4464 petesu]
1080 4390 1127 4446 Sit
1145 4392 1225 4456 (dicit
1242 4390 1309 4458 Or.)
1325 4389 1374 4443 Ed.
1392 4406 1438 4460 pre
1451 4376 1482 4431 El·
1531 4450 1536 4459 ³

464 4497 506 4545 ap.
521 4476 604 4530 Meus.
625 4478 693 4531 Vict.
712 4478 795 4531 Sulis.
816 4478 886 4532 Pete.
929 4472 972 4532 Ex
1000 4482 1097 4535 nostris
1121 4480 1200 4533 libris
1220 4479 1351 4534 accedunt
1369 4467 1479 4531 Ciuili
