3517 5450
348 734 353 743 ·
458 706 509 781 64
792 733 965 791 ιιιιιιιιοιιι
991 733 1186 782 ιιοιιοιιιιι.

458 904 515 946 ιιιιιι
534 891 664 962 ligneum,
684 909 739 962 qno
756 889 821 943 olim
835 891 863 944 in
877 890 960 945 sacris
973 891 1125 958 utebantur,
1143 901 1173 944 ut
1188 902 1226 945 est
1240 892 1311 963 apud
1329 894 1502 950 Varronem.“

458 980 579 1034 Graer.
616 977 725 1048 Legitur
743 979 880 1049 cupidines
901 981 929 1032 in
943 977 1009 1032 cod.
1026 979 1120 1032 Duisb.
1140 978 1219 1032 Drsd.
1236 982 1267 1042 33
1286 978 1314 1032 in
1330 979 1403 1033 Gud.
1416 979 1447 1033 C.
1463 1001 1504 1034 ro-

455 1069 539 1139 pides.
575 1064 617 1119 Ad
636 1085 693 1120 rem
712 1077 739 1120 et
754 1066 898 1121 lectionem
917 1067 952 1122 ef.
973 1064 1098 1120 Creueer.
1119 1067 1152 1120 ad
1171 1066 1228 1121 Cic.
1247 1066 1281 1119 de
1298 1066 1333 1121 N.
1351 1067 1388 1120 D.
1408 1068 1452 1134 Ill,
1467 1074 1503 1124 11.

458 1177 485 1228 p.
503 1160 565 1211 560.
601 1153 759 1208 Grotelend.
784 1153 947 1208 Rudimenta
971 1153 1049 1224 Ling.
1073 1153 1169 1208 Umbr.
1188 1156 1222 1207 V.
1240 1175 1267 1225 p.
1279 1157 1314 1209 11
1331 1175 1373 1226 eq.
1398 1167 1426 1210 et
1444 1177 1503 1228 quos

457 1245 494 1298 ibi
513 1244 603 1300 laudat
619 1243 658 1296 vir
676 1241 851 1296 doctissimus.
888 1241 947 1295 Mr.
1495 1264 1497 1269 ·

528 1332 677 1402 capedines]
704 1330 733 1383 ln
759 1330 837 1384 tertio
861 1329 895 1382 de
912 1329 1013 1383 Natura
1032 1327 1154 1382 Deorum
1174 1344 1232 1398 cap.
1251 1331 1295 1382 tt.
1316 1329 1447 1383 dicuntur
1462 1349 1503 1383 ee-

455 1418 623 1489 pedunculoe
638 1421 751 1482 Numae,
768 1417 821 1470 boe
837 1427 877 1470 est
894 1417 1004 1487 exiguae
1020 1414 1207 1487 simplicesque
1225 1427 1342 1487 paterae.
1378 1418 1474 1473 Face.

528 1524 562 1558 oo
573 1506 677 1575 fictiles
695 1504 875 1572 birnular]
897 1502 1047 1571 „Nonnulli
1065 1501 1127 1556 libri
1145 1514 1259 1571 veteres,
1286 1504 1314 1558 in
1334 1506 1367 1560 iis
1385 1506 1503 1561 Pithoeu-

457 1612 521 1659 nus,
549 1602 576 1646 et
593 1590 764 1657 Cuiatianus,
792 1603 818 1645 et
836 1590 993 1645 Huraltinus
1009 1591 1108 1645 babent
1118 1590 1233 1658 fietileis
1250 1592 1429 1648 ternotus.
1462 1594 1503 1649 Est

458 1691 548 1734 autem
567 1680 676 1731 timulo
694 1698 743 1733 sen
761 1679 852 1731 imula
871 1679 938 1733 rasis
955 1697 1049 1750 genus,
1072 1678 1148 1732 cuius
1168 1688 1305 1733 oraturus
1323 1679 1351 1732 in
1373 1681 1462 1745 saeris,
1478 1692 1504 1734 ut

458 1768 537 1835 docet
556 1768 675 1821 Festus.⁴‘
694 1767 887 1821 Lambinus.
933 1766 1016 1834 Quod
1040 1776 1130 1819 autern
1153 1767 1236 1820 refert
1260 1763 1365 1819 Gernb.
1402 1767 1502 1822 Lambi-

458 1877 523 1910 num
543 1856 654 1910 edidisse
673 1855 806 1912 limatas,
824 1865 905 1908 errat.
941 1853 1039 1906 Verius
1056 1864 1156 1921 autem,
1174 1854 1300 1907 birnulos
1316 1853 1448 1924 placuisse
1459 1854 1501 1907 Tb.

458 1943 594 2009 Bentleio,
620 1941 666 2014 qni
691 1941 782 1995 laudat
806 1940 903 1995 Caton.
919 1941 950 1994 R.
969 1941 1000 1994 R.
1018 1943 1067 1995 81:
1093 1941 1180 1992 indito
1202 1941 1232 1992 in
1250 1941 1373 1994 hirneam
1385 1943 1500 2011 fictilem

457 2029 584 2084 Ceterum
611 2030 639 2082 in
663 2029 739 2083 libris
762 2031 858 2083 nostris
883 2028 932 2082 bae
958 2039 1020 2083 sunt
1045 2028 1186 2082 lectiones:
1211 2027 1262 2082 Οι.
1278 2047 1309 2092 ψ.
1329 2029 1413 2086 habet
1422 2032 1500 2099 fialas

455 2117 587 2188 (φιάλας),
606 2117 678 2188 quod
698 2127 736 2170 est
753 2117 919 2188 interpretis3
936 2113 995 2169 Cra.
1012 2119 1037 2169 2.
1055 2134 1088 2167 ae
1105 2117 1254 2171 sectiles
1271 2118 1328 2170 vel
1338 2119 1445 2188 fictiles
1461 2139 1499 2173 ur·

457 2206 551 2268 aulas,
576 2201 635 2258 Cre.
654 2208 712 2260 La
733 2224 774 2275 pr.
793 2223 829 2257 m.
848 2222 947 2267 urnas,
972 2222 1053 2273 supra
1070 2203 1119 2257 lin.
1135 2205 1259 2258 umuloe.
1299 2205 1408 2260 Habent
1432 2207 1499 2260 etiam

459 2311 543 2345 urnas
568 2290 654 2345 Codd.
679 2290 750 2344 Gud.
768 2292 800 2343 A.
826 2289 874 2355 C.,
902 2290 982 2344 Drsd.
1001 2293 1026 2343 1.
1050 2291 1193 2352 urnulas,-
1225 2292 1305 2346 Drsd.
1324 2297 1351 2348 2.
1376 2293 1499 2347 vernulos.

458 2379 488 2432 ln
507 2378 558 2432 bae
575 2378 691 2432 lectione
710 2378 819 2431 fortasse
838 2377 975 2447 vestigium
995 2389 1075 2432 exstat
1094 2379 1245 2450 scriptionis
1261 2380 1404 2445 utrantos,
1429 2401 1498 2453 quam

458 2485 520 2522 eum
541 2465 591 2520 Or.
611 2465 787 2519 exhibendam
805 2465 866 2519 duxi
886 2467 1020 2520 extribus
1044 2466 1095 2520 illis
1115 2467 1240 2520 Lambini
1264 2467 1420 2535 codicibus,
1448 2487 1498 2521 cum

458 2556 513 2609 veri
539 2576 594 2610 non
620 2555 653 2610 sit
676 2554 761 2609 simile
786 2570 845 2608 eam
870 2554 962 2607 deberi
985 2554 1118 2622 librariis,
1145 2555 1192 2626 qui
1217 2575 1267 2626 pro
1285 2555 1398 2611 vocibus
1415 2555 1498 2627 ignotis

457 2644 594 2698 malebant
611 2643 729 2698 notiores
747 2643 892 2697 obtrudere
912 2643 1106 2716 scriptoribus,
1133 2662 1214 2715 quam
1238 2643 1347 2715 ignotas
1365 2663 1416 2715 pro
1434 2643 1498 2697 notio

458 2733 570 2787 Exhibet
593 2733 672 2787 etiam
696 2732 821 2785 bimulus
846 2732 897 2788 Ed.
921 2732 1006 2787 Sull'r.
1030 2734 1111 2787 Petri.
1158 2732 1208 2786 Or.
1233 2733 1438 2788 annotationem
1461 2732 1498 2785 riri

458 2820 531 2874 docti
555 2820 591 2871 ad
616 2839 701 2891 marg.
727 2818 776 2873 Ed.
793 2820 887 2874 Lamb.
915 2840 978 2875 suae
1004 2820 1143 2892 descripsit
1160 2820 1245 2875 bane:
1275 2823 1383 2887 „Vetus
1400 2823 1498 2876 hinulos

457 2907 531 2979 (sic).
564 2909 637 2979 Lego
654 2909 773 2972 irnellao,
790 2919 819 2963 ut
838 2919 876 2962 est
891 2909 964 2980 apud
978 2908 1106 2963 Festum“
1117 2909 1259 2981 additque:
1273 2910 1391 2975 „deunce
1405 2929 1436 2963 re
1449 2924 1496 2962 vert

458 3006 498 3049 est
514 2996 539 3047 ir
557 2995 609 3048 sire
627 2996 680 3051 tir.
718 2996 765 3049 Vin
788 2996 923 3061 adducor,
951 3006 980 3049 ut
998 2995 1121 3063 credam,
1146 3008 1200 3050 tam
1219 2997 1330 3052 doctum
1350 2998 1497 3055 vocabulum

458 3081 695 3152 interpolatoribus
720 3082 819 3137 deberi.
861 3082 964 3137 Contra
990 3084 1116 3139 facillime
1140 3085 1206 3138 abiit
1226 3085 1255 3138 in
1281 3088 1413 3151 urnulas,
1438 3083 1498 3157 qnod

458 3167 557 3224 babent
568 3169 637 3225 Edd.
656 3189 749 3223 omnes
767 3182 872 3243 praeter
884 3170 970 3226 suffr.
980 3172 1073 3226 Petr.“
1113 3176 1203 3226 Umor
1218 3172 1318 3228 babent
1330 3175 1413 3228 etiam
1427 3173 1498 3229 Codd.

458 3256 540 3312 Bern.
558 3256 617 3311 Bas.
634 3257 750 3330 Guelpb.
788 3259 867 3314 Addo
884 3260 1005 3314 Turnebi
1024 3261 1213 3333 expositionem
1233 3281 1262 3315 er
1282 3262 1440 3318 Adversarr.
1451 3260 1496 3323 XX,

459 3350 501 3400 20.
522 3366 548 3417 p.
564 3350 630 3401 192:
658 3348 733 3415 „Pro
756 3347 881 3402 fictilibus
903 3348 1011 3401 urnulis
1035 3348 1064 3402 in
1088 3349 1229 3403 Paradoxo
1254 3349 1344 3420 primo
1370 3348 1496 3421 reperiit

458 3435 576 3507 quodam
591 3435 734 3507 exemplari
751 3437 886 3492 lrimulos.
920 3435 967 3490 Est
980 3447 1070 3491 autern
1084 3437 1196 3489 timeto
1211 3448 1247 3503 et,
1265 3450 1405 3492 crescente
1418 3438 1497 3494 etiam·

458 3540 524 3574 num
544 3521 743 3590 deminutione,
762 3523 893 3589 timella,
920 3525 1008 3591 varia,
1030 3536 1060 3580 ut
1076 3525 1114 3580 ait
1131 3525 1240 3591 Festus,
1265 3544 1355 3593 genus
1371 3526 1401 3577 in
1418 3524 1495 3579 meni.

458 3606 564 3660 Nomen
582 3608 696 3663 babebat
714 3610 748 3663 ab
765 3612 873 3676 hirnea,
899 3631 969 3683 quae
988 3624 1077 3667 tamen
1096 3612 1192 3667 Plauto
1211 3611 1341 3684 poculum
1360 3624 1408 3667 est.
1442 3612 1495 3665 Nan

458 3693 587 3763 poculum
607 3694 673 3761 boo,
692 3716 748 3767 quo
766 3698 870 3753 Pterela
890 3701 1012 3769 bibebat,
1034 3702 1111 3755 dono
1131 3700 1223 3755 datum
1240 3699 1292 3753 snit
1309 3699 1495 3772 Amphitryoni.

459 3789 533 3832 utet
550 3799 565 3833 a
583 3780 693 3837 Graecis
710 3784 824 3839 relatum
842 3798 890 3840 est.
929 3790 1049 3842 Urnulos
1074 3801 1179 3856 tamen,
1209 3787 1341 3842 iudicium
1369 3790 1495 3845 doctorum

460 3878 580 3934 secutus,
609 3872 692 3943 magis
711 3875 842 3946 approbo.
889 3875 958 3929 Nam
977 3878 1078 3929 urnula
1097 3897 1140 3931 ras
1158 3877 1225 3944 erit,
1250 3878 1353 3946 capedo
1374 3876 1494 3950 poculum·

460 3954 607 4027 Dionysius
632 3958 678 4013 lib.
695 3960 727 4014 ll.
751 3962 864 4018 urnulas
889 3964 1002 4033 πρόχους
1027 3965 1160 4037 appellat,
1187 3964 1332 4036 capedines
1360 3960 1495 4020 solmam-‘⁴

461 4040 540 4095 Conf.
560 4044 638 4097 etiam
662 4047 833 4104 Doederlein.
852 4051 910 4106 Lat.
933 4051 1039 4123 Synon.
1064 4072 1090 4107 ιι.
1114 4051 1233 4125 Etymol.
1252 4052 1300 4118 Vl,
1325 4073 1353 4124 p.
1371 4056 1437 4118 tte,
1460 4045 1494 4103 ubl

459 4143 511 4186 est:
537 4133 672 4200 „Hermo
696 4136 826 4204 birnella,
844 4141 1100 4212 irnello‚1tpuflor.
1137 4140 1191 4194 Od.
1209 4160 1231 4193 ι.
1250 4140 1345 4193 urna?
1380 4140 1441 4213 Vgl.
1455 4156 1495 4205 1*

459 4221 541 4289 ριῖν.“
577 4218 639 4275 Mr.

529 4323 610 4377 quom
624 4308 651 4379 f
652 4309 663 4359 i
669 4310 681 4362 l
686 4310 802 4364 ieatos
820 4314 936 4368 aliorum
951 4329 1065 4387 pateres
1085 4316 1284 4370 arbitramur?.
1300 4318 1432 4384 „Veteres
1450 4334 1495 4370 om·

460 4409 507 4446 nes
530 4392 593 4447 libri
611 4396 753 4463 filiootor:
781 4399 872 4473 itaque
897 4413 923 4457 et
949 4402 1006 4475 ipse
1030 4405 1067 4460 sic
1091 4404 1193 4477 scripsi.
1229 4403 1289 4457 Sex.
1307 4406 1432 4480 Pompeii
1449 4411 1497 4459 sunt

461 4477 555 4532 verba:
580 4484 701 4537 illiceto
722 4498 820 4555 potera
846 4490 935 4555 dicto,
962 4493 1035 4563 quod
1059 4494 1098 4545 ad
1111 4493 1199 4561 filicis
1222 4492 1321 4545 barbae
1348 4497 1456 4565 speeiem
1472 4492 1499 4545 sil
1537 4490 1540 4518 ³
