3517 5450
361 709 431 783 122
691 732 861 779 nantoani
889 731 1082 778 srorconuu.

356 894 494 966 pristinam
514 892 654 946 lectionem
673 890 891 963 aliquantalum,
917 891 989 962 quod
1014 891 1078 944 lecit
1103 891 1164 943 item
1192 890 1242 944 Or.
1268 904 1323 965 post
1339 893 1409 948 Ern

357 981 439 1034 Goer.
459 991 484 1034 et
502 978 661 1034 Schiitaium.
699 978 810 1031 Confert
829 977 860 1031 Β.
879 979 949 1049 Ερρ.
968 980 1000 1032 ad
1017 979 1175 1045 Famm.Vl‚
1194 983 1227 1032 4:
1245 982 1337 1050 Opinio
1354 983 1409 1033 bo*

357 1072 455 1120 minum
474 1069 663 1136 confirmatur,
682 1067 788 1118 etiamsi
806 1067 904 1117 inter
927 1085 1058 1119 causas
1085 1086 1220 1119 armorum
1242 1069 1409 1140 aliquare-

357 1169 427 1208 tum
445 1157 569 1219 intersit,
596 1167 685 1206 tamen
703 1155 798 1206 inter
817 1153 997 1205 victorias
1016 1174 1068 1205 non
1089 1155 1235 1206 multam
1253 1155 1408 1226 interfatu-

355 1265 428 1296 rum:
447 1243 586 1314 additque:
607 1241 657 1307 „ln
676 1239 736 1293 ioco
756 1238 861 1293 tulerim
881 1239 1101 1311 aliquantalum:
1127 1252 1248 1295 nostrum
1274 1261 1333 1294 vero
1349 1242 1401 1295 Pa-

355 1331 471 1383 radoxon
490 1331 523 1383 ab
543 1330 617 1382 omni
635 1328 695 1386 ioco
714 1326 870 1392 abhorrens,
890 1346 932 1380 res
951 1327 1111 1399 requirebat,
1131 1348 1200 1400 quae
1219 1349 1282 1383 cum
1302 1341 1395 1396 natura,

355 1431 411 1472 turn
430 1418 570 1471 hominurn
585 1417 684 1470 iudicio
704 1435 784 1487 quam
800 1415 955 1486 longissime
973 1417 1043 1469 inter
1056 1436 1083 1469 se
1096 1418 1232 1471 distarent.
1269 1419 1392 1490 Aliquan-

354 1519 412 1560 tum
431 1503 713 1578 respondetsequenti
732 1502 806 1569 nihil,
825 1515 854 1557 ut
872 1503 906 1556 de
924 1503 1060 1570 Finn.lV‚
1072 1510 1114 1560 Ἡ.
1133 1505 1159 1558 in
1178 1505 1273 1558 eodem
1286 1505 1389 1576 exemplo

355 1595 494 1650 scribitur:
514 1593 593 1646 Etsi
613 1593 641 1644 in
658 1594 718 1661 ipsa
735 1591 931 1664 gubernatione
955 1593 1120 1665 negligentia
1144 1604 1184 1645 est
1204 1595 1283 1645 novis
1304 1612 1386 1656 eversa,

356 1684 467 1734 maius
494 1692 536 1734 est
559 1690 701 1749 peccatum
729 1681 757 1732 in
776 1698 859 1745 auro,
893 1698 974 1752 quam
1001 1681 1029 1731 in
1055 1680 1144 1750 palea.
1182 1681 1223 1733 De
1244 1681 1384 1733 naribuseb

356 1772 418 1842 ipsis
436 1771 523 1836 rebus,
544 1789 609 1841 quas
627 1767 755 1821 vehebant
768 1768 924 1833 nominatis,
948 1769 998 1822 rid.
1017 1770 1049 1822 A.
1069 1769 1209 1823 Senltlebii
1229 1770 1303 1840 Argo
1320 1768 1384 1838 (lips

356 1862 436 1914 1642.
455 1858 494 1927 8.)
513 1879 539 1929 p.
558 1860 686 1912 att-85.
705 1857 751 1909 ubi
772 1856 883 1910 denari
903 1857 1018 1928 palearia
1037 1877 1063 1928 p.
1083 1861 1125 1910 84.
1163 1857 1222 1909 Me.

426 1947 454 1998 in
470 1946 659 2019 gubernatoris
677 1945 786 1996 inscitia
800 1945 870 1996 nibil
887 1946 1011 2012 interest]
1030 1946 1171 2008 ,‚1nscitia,
1191 1945 1284 1997 decern
1297 1955 1383 2015 septen.

355 2035 432 2089 Unus
450 2036 551 2094 inscia,·
571 2032 726 2085 Lambinus:
746 2033 918 2084 inscientio.“
937 2031 1009 2088 Ald.
1029 2032 1157 2086 Manui.

427 2124 456 2175 in
472 2122 663 2194 gubernatoris
681 2121 834 2188 inscientia]
880 2120 960 2187 „Non
980 2120 1072 2173 debuit
1101 2140 1142 2172 ure
1169 2121 1268 2172 morari
1295 2121 1325 2172 ab
1347 2118 1383 2170 boc

356 2209 519 2264 restituendo
538 2208 652 2260 aliorum
672 2207 795 2273 tarditas,
824 2226 908 2277 quum
928 2207 1092 2260 adverterem
1111 2209 1149 2261 sic
1167 2208 1279 2262 edidisse
1296 2205 1382 2259 Lanbi·

357 2316 438 2362 num,
468 2307 493 2349 et
512 2315 595 2366 quum
614 2295 692 2347 huius
717 2304 869 2347 contextum
888 2294 1040 2349 adbibuerit
1065 2306 1138 2367 pater
1164 2296 1192 2349 in
1219 2292 1381 2368 comparandis

356 2384 519 2437 membranis
536 2383 656 2454 nihilque
674 2382 706 2435 ad
734 2381 803 2435 hanc
827 2400 920 2435 vocem
945 2393 1102 2437 annotatum
1129 2386 1175 2450 sit,
1201 2383 1346 2454 colligerem
1362 2381 1379 2430 in

356 2471 406 2524 illis
424 2471 544 2524 similiter
569 2471 667 2525 lectum
686 2470 778 2536 luisse,
805 2490 888 2541 quum
915 2470 1012 2542 vulgati
1037 2473 1155 2527 inscitia.
1203 2473 1289 2525 Etiam
1317 2487 1379 2523 men·

356 2561 455 2613 branae
474 2560 552 2629 lapso
570 2571 610 2611 est
629 2559 715 2628 ipsias
728 2558 837 2614 libido.⁴‘
857 2558 1006 2613 Gronov.
1051 2562 1081 2612 ln
1093 2558 1165 2612 Gud.
1176 2560 1206 2612 B.
1223 2560 1314 2613 desunt
1323 2556 1379 2609 rerba

354 2646 530 2718 gubernator,
550 2667 585 2699 an
602 2647 714 2716 paleae,
734 2647 762 2697 in
780 2666 808 2698 rc
826 2647 1043 2720 aliquantulum,
1072 2650 1112 2711 in,
1138 2647 1218 2701 oculo
1245 2649 1339 2701 scribae
1357 2641 1378 2696 al

356 2735 514 2788 vocabulum
533 2737 674 2805 repetitum
694 2736 843 2789 aberrante.
890 2735 997 2791 Suerin.
1017 2737 1095 2791 habet
1118 2738 1305 2808 gubernatoris
1321 2734 1379 2787 insci-

356 2825 412 2886 tia,
431 2822 528 2876 omisso
546 2825 588 2888 in,
607 2835 636 2877 ut
655 2824 683 2876 in
701 2824 782 2878 Drsd.
803 2827 834 2889 13
854 2824 934 2878 Drsd.
952 2828 978 2879 3.
998 2825 1077 2879 babet
1094 2827 1123 2877 in
1140 2828 1255 2877 scientio
1272 2825 1380 2898 guberna·

356 2910 437 2975 toris‚
457 2912 514 2963 Cra.
532 2915 557 2963 2.
575 2912 603 2962 in
618 2912 759 2963 inscientia
776 2911 856 2983 gub,
875 2912 947 2967 Gud.
967 2915 1001 2967 A.
1020 2915 1048 2965 in
1066 2914 1176 2965 inscitia
1193 2913 1257 2984 gub.
1293 2913 1335 2965 Est
1347 2929 1379 2963 au·

358 3009 410 3050 tem
429 2999 537 3049 inscitia
563 3000 590 3050 in
617 2998 682 3052 Ort.
701 3001 841 3066 omnibus,
876 3001 944 3054 Bas..
965 3001 1046 3055 Bern.
1069 3000 1158 3054 Guelf.
1180 3001 1275 3055 Duisb.
1302 2999 1380 3053 Crsl.

356 3085 435 3138 Drsd.
455 3090 479 3138 2.
495 3089 522 3139 4.
540 3090 566 3139 5.
585 3086 703 3159 itemque
723 3088 790 3141 Edd.
811 3109 866 3159 prc.
886 3090 934 3142 Ed.
963 3110 1006 3161 ap.
1026 3091 1110 3142 Meus.
1137 3089 1210 3143 Crat.
1237 3090 1304 3142 Vict.
1330 3086 1382 3137 Man.

356 3172 447 3243 Magn.
465 3172 532 3226 Hub.
551 3172 653 3227 Gernh.
673 3174 759 3229 Nobb.
780 3189 806 3230 et
824 3187 882 3231 vett.
898 3179 994 3233 nostris
1009 3179 1141 3244 omnibus,
1162 3178 1211 3231 nisi
1229 3179 1300 3250 quod
1314 3174 1381 3230 Lanb.

356 3258 531 3314 Coloneum
551 3261 693 3316 hisGron.
719 3263 787 3317 Otiv.
806 3265 888 3317 Verb.
916 3265 981 3318 Ern.
1006 3266 1147 3318 ediderunt
1171 3267 1320 3319 inscientia.
1353 3260 1380 3314 tt

356 3348 541 3421 distinguenda
571 3350 636 3405 haec
662 3352 788 3405 vocabula
817 3352 921 3423 scripsit
951 3373 1090 3407 excursum
1116 3352 1304 3419 Gernbardus‚
1329 3349 1381 3404 cuitt

355 3456 458 3490 summa
477 3438 529 3493 buc
547 3440 630 3505 redit,
659 3452 687 3493 ut
706 3431 817 3492 inscitia
839 3440 872 3494 sit
891 3442 1012 3495 delectus
1037 3454 1063 3496 et
1079 3441 1205 3495 scientiae
1224 3453 1251 3495 et
1269 3435 1380 3497 facultatis,

357 3525 395 3577 vel
414 3526 544 3597 imperitia
564 3547 626 3581 curn
646 3529 802 3583 temeritate.
840 3529 895 3583 larn
915 3550 977 3583 vero
997 3531 1047 3583 vid.
1061 3529 1158 3600 Reisig.
1171 3529 1277 3582 Vorles.
1294 3524 1379 3581 tibba·

356 3614 530 3686 Spracbwiss.
549 3637 576 3687 p.
594 3620 646 3669 117
665 3638 721 3689 sq.‚
750 3620 796 3689 qui
822 3619 973 3672 accuratius
998 3619 1136 3689 distinguit
1161 3618 1310 3680 inscitiam,
1334 3625 1380 3683 quit

357 3714 395 3756 est
414 3702 527 3755 bominis
544 3703 648 3771 insciti,
678 3706 711 3758 ab
729 3705 876 3774 inscientia,
899 3728 967 3779 quae
987 3719 1024 3760 est
1043 3707 1171 3769 bominis,
1191 3706 1238 3776 qui
1258 3704 1335 3758 nescit
1347 3695 1380 3751 ali·

358 3789 430 3860 quid.
468 3790 536 3842 Add.
551 3790 721 3847 Scbmalfeld.
744 3794 798 3847 Lat.
816 3794 966 3866 Synoymilr
986 3796 1017 3848 N.
1038 3799 1098 3850 199.
1118 3794 1237 3848 Schultz.
1259 3796 1312 3849 Lat.
1330 3791 1378 3861 Syn·

358 3876 467 3948 onymilr
487 3878 518 3932 N.
538 3883 598 3933 198.
634 3881 691 3933 Mr.

426 3971 520 4035 Lapsa
537 3978 578 4019 est
597 3968 679 4020 libido
695 3970 723 4020 in
736 3970 844 4022 muliere
857 3973 979 4043 ignotat]
999 3970 1063 4037 „Sic
1074 3971 1296 4042 quattuordecim.
1316 3968 1381 4020 Unus:

356 4055 434 4124 lapsa
452 4064 494 4105 est
507 4055 580 4106 eins
599 4055 688 4110 libido.
725 4056 816 4110 Unus:
834 4059 914 4127 lapsa
925 4070 966 4112 est
984 4061 1087 4111 illias
1106 4059 1196 4113 libido.
1234 4059 1308 4112 Duo:
1326 4058 1384 4124 tara

355 4151 395 4191 est
415 4140 532 4208 ipsius
559 4141 668 4197 tibiaof·
689 4144 759 4197 Ald.
777 4144 862 4198 Man.
910 4144 978 4199 cod.
1006 4145 1057 4200 Or.
1076 4161 1100 4202 a:
1129 4147 1282 4215 interlapsa
1299 4157 1385 4205 esttt·

356 4228 434 4297 lapsa
451 4238 492 4278 cst
511 4230 628 4297 ipsius
646 4230 692 4283 lib.
723 4236 781 4284 Cra.
801 4239 824 4285 2.
851 4236 879 4285 in
897 4237 991 4305 ignota
1023 4236 1139 4287 muliere.
1187 4234 1238 4286 Or.
1259 4256 1283 4303 p.
1303 4236 1388 4285 innan

355 4315 538 4386 interponitur
564 4317 649 4386 ipsias
682 4319 759 4371 etiarn
783 4323 810 4374 in
846 4321 932 4375 codd.
952 4321 1024 4376 Gud.
1043 4322 1072 4374 B.
1098 4334 1124 4375 et
1150 4323 1260 4385 Duisb.,
1291 4336 1391 4394 quorun

357 4404 488 4472 posterior
504 4403 614 4458 alteram
635 4407 712 4460 etiam
732 4408 810 4464 habet
828 4410 943 4482 glossam
968 4414 997 4462 in
1022 4412 1149 4482 aliqua
1171 4411 1281 4461 muliere
1305 4412 1394 4482 ignoto.

356 4488 408 4543 Sed
429 4510 483 4545 non
511 4493 539 4545 in
560 4491 645 4547 Codd.
673 4506 775 4549 tantum
807 4498 909 4569 glossae
938 4511 1012 4566 sunt,
1046 4498 1090 4553 sed
1117 4498 1217 4552 habent
1244 4498 1325 4551 etiarn
1343 4492 1398 4550 illud
