3517 5450
699 742 740 817 ΙΙ
769 741 964 790 riuiuoxou
990 742 1035 806 iv,
1054 738 1078 788 1.
1311 710 1405 810 ,345
1504 736 1507 744 “

356 909 470 965 uiderat:
491 905 571 979 plene
590 912 621 958 ut
638 901 697 958 Oli.
715 901 760 970 ΙΙΙ,
780 907 804 957 1.
852 901 963 955 Antonii
988 902 1070 955 armis
1095 912 1220 954 senatum
1244 902 1407 956 exstinctum

354 1008 379 1049 et
395 995 500 1049 iudicia
517 993 608 1045 deleta
619 992 727 1064 fuisse,
746 991 895 1064 queritur.‘¹
933 990 1078 1044 Wetzel.

423 1082 622 1151 „controversa
641 1091 678 1134 est
701 1079 782 1134 lectio
807 1079 926 1132 dissensu
945 1090 1062 1133 veterum
1082 1078 1214 1132 librorum
1235 1079 1281 1148 [?].
1311 1077 1407 1134 Cicero

354 1171 486 1244 eeripsisse
516 1169 633 1223 videtur:
670 1187 753 1240 quum
778 1197 813 1210 -
839 1179 952 1220 senatus
981 1168 1218 1220 tantummodo
1244 1187 1344 1221 nomen
1373 1174 1409 1238 (v.

354 1258 498 1313 nonnisi
516 1262 622 1314 nornen)
640 1257 669 1308 in
688 1274 716 1308 re
731 1254 842 1326 publice
862 1265 932 1310 erat.
979 1255 1046 1308 Nam
1074 1265 1180 1309 senatus
1208 1255 1317 1328 quidem
1344 1268 1408 1320 eret,

352 1347 394 1399 sed
413 1366 428 1400 a
447 1345 545 1399 Clodio
564 1355 722 1416 corruptus,
742 1362 823 1416 quem
843 1341 1015 1397 Cicero'uon
1035 1362 1084 1415 pro
1102 1361 1164 1397 vero
1182 1342 1283 1398 Senatu
1303 1343 1408 1398 habev‘

352 1433 605 1506 Wyttenbaeh.

423 1527 562 1588 „Senatus
576 1539 669 1574 nomen
686 1522 714 1572 in
734 1539 790 1591 rep.
809 1540 861 1574 non
885 1531 962 1573 erat:
991 1522 1009 1575 i.
1028 1540 1067 1587 e.‚
1096 1531 1126 1574 ut
1151 1519 1272 1592 loquitur
1291 1519 1409 1574 Velleius

351 1611 408 1664 Par.
425 1609 458 1677 ΙΙ,
477 1612 538 1675 tu„
556 1609 700 1678 Porrspeius
715 1608 888 1660 tribuniciam
904 1618 1068 1678 patestatem
1086 1609 1222 1675 restituit,
1241 1609 1407 1662 cuiusSulln

351 1698 508 1768 imaginem,
526 1696 583 1748 sine
601 1714 644 1760 re,
668 1694 825 1767 reliquerat.
867 1695 952 1749 Nobis
975 1694 1119 1767 legendum
1146 1696 1264 1751 videturs
1289 1700 1409 1750 Senatus

352 1785 482 1836 nomine
500 1785 529 1836 in
548 1781 717 1854 republica,
744 1802 797 1835 non
814 1801 849 1836 re
866 1795 937 1838 erat.
984 1782 1064 1838 conf.
1083 1804 1134 1856 pro
1152 1784 1219 1837 Sest.
1239 1787 1283 1838 12.
1304 1789 1346 1839 15.
1364 1788 1408 1839 19.

351 1872 458 1925 Vocula
476 1889 505 1924 re
522 1871 646 1926 excidisse
677 1872 764 1944 potuit
780 1871 816 1925 ob
844 1892 959 1945 sequens
985 1891 999 1924 e
1027 1873 1056 1926 iu
1073 1883 1144 1925 erat.
1190 1875 1291 1924 Nomen
1317 1883 1343 1934 et
1366 1893 1409 1925 res

352 1960 401 2015 sibi
432 1960 547 2015 invicem
575 1971 754 2033 opponuntur
780 1962 857 2014 Verr.
875 1962 909 2016 V.
927 1965 970 2015 25.
989 1964 1033 2016 te.
1060 1961 1092 2014 de
1119 1960 1181 2015 Div.
1200 1960 1219 2027 l,
1240 1964 1282 2014 16.
1312 1960 1406 2013 Parad.

351 2051 385 2117 V,
404 2053 436 2103 1:
456 2068 504 2102 nee
521 2050 571 2102 lsoc
587 2059 644 2101 tem
663 2068 697 2102 re
715 2057 772 2114 est,
789 2068 870 2122 quum
889 2049 991 2102 dictu
1005 2050 1182 2120 inopinatum.
1220 2047 1280 2100 Vid.
1300 2044 1406 2100 llubnl.

351 2138 384 2192 ad
405 2136 499 2191 Vellei.
518 2137 535 2191 l.
555 2137 591 2190 Ι.“
628 2137 795 2209 Borgers.

423 2226 490 2292 „Est
507 2224 573 2280 haee
591 2225 725 2297 Borgersii
749 2222 866 2296 suspicio
896 2225 1045 2297 exemplum
1074 2224 1201 2296 elegantis
1219 2213 1410 2280 ¹coniecturae¹

350 2314 435 2367 Nobis
453 2324 542 2367 autem
560 2312 706 2386 aliquando
718 2302 752 2366 iu
772 2324 889 2367 mentem
908 2315 979 2368 veuit
997 2333 1032 2367 an
1051 2312 1148 2369 Cicero
1165 2314 1309 2386 scripsisset
1323 2319 1408 2368 Senu-

351 2413 398 2455 tus
416 2422 510 2454 nomen
526 2404 556 2455 in
573 2401 710 2472 republica
727 2403 831 2475 inune
849 2414 918 2458 erut.
954 2403 1111 2456 Formulem
1137 2412 1249 2457 senatus
1266 2415 1307 2456 est
1326 2405 1405 2455 inune

350 2510 446 2544 nomen
469 2502 495 2543 et
519 2500 561 2543 est
584 2509 677 2543 nonren
701 2491 757 2544 sine
786 2492 912 2563 exemplis
927 2491 1057 2544 similibus
1084 2491 1257 2562 intelligimus
1286 2491 1406 2563 quidem,

351 2599 407 2633 uou
427 2579 605 2632 iniucundum
626 2589 715 2632 tamen
734 2579 783 2632 erit
802 2579 903 2645 videre,
925 2599 994 2652 quae
1013 2579 1162 2634 notaverint
1187 2581 1216 2632 in
1243 2580 1336 2651 primis
1361 2579 1406 2632 lu-

350 2679 425 2722 retus
443 2668 476 2721 ad
494 2666 687 2740 Symmachum
706 2667 788 2740 Epist.
806 2667 837 2736 ll,
856 2668 911 2722 52(
929 2677 955 2720 et
972 2668 1130 2739 interpretes
1155 2667 1187 2720 ed
1214 2667 1262 2722 Sil.
1285 2667 1367 2721 ltalic.
1386 2666 1406 2732 l,

350 2756 768 2828 293.“H0fman·t’eer1kamp.
794 2757 822 2811 in
842 2776 955 2811 censure
980 2756 1029 2810 Ed.
1056 2756 1179 2828 Borgers.
1202 2757 1230 2810 in
1254 2756 1322 2811 Bihl.
1341 2754 1407 2812 Crit.

349 2847 424 2901 Nova
443 2846 488 2902 lll.
509 2865 535 2917 p.
552 2849 614 2900 411.
634 2874 669 2885 -
706 2846 760 2900 lem
780 2847 910 2900 addemus
925 2857 1043 2901 nostram
1062 2847 1095 2898 de
1115 2844 1141 2898 h.
1158 2845 1176 2899 Ι.
1196 2847 1371 2901 senteutiam:

423 2933 554 2988 Ollensus
572 2953 635 2988 voce
653 2953 706 2987 non
723 2934 853 2988 Graevius
871 2934 984 2988 deletam
1004 2954 1063 2988 eam
1079 2935 1196 2989 volebat:
1216 2956 1315 2989 nomen
1334 2937 1406 2991 euim

349 3033 459 3077 senatus
477 3023 504 3075 in
524 3042 554 3075 re
573 3022 679 3094 publice
697 3023 777 3077 luisse
795 3024 896 3091 dicens,
916 3024 960 3077 sed
980 3044 1090 3093 nornen,
1113 3044 1168 3078 non
1186 3044 1253 3092 rem,
1273 3026 1404 3079 exstitisse.

350 3112 393 3166 Ad
413 3130 483 3183 quae
501 3121 574 3164 recte
594 3110 733 3170 Ernestus‚
753 3115 864 3181 Verum,
884 3114 980 3185 inquit,
1000 3112 1097 3168 Cicero
1116 3133 1172 3167 non
1191 3114 1257 3168 solet
1276 3114 1312 3182 id,
1333 3114 1405 3187 quod

348 3200 481 3255 Graevius
498 3198 615 3265 volebat,
639 3200 678 3254 sic
698 3203 858 3273 exprimere:
887 3203 1059 3275 dixissetque,
1081 3212 1110 3255 ut
1128 3222 1179 3274 ego
1197 3203 1262 3257 olim
1281 3205 1406 3272 coniece-

349 3309 425 3355 ram,
444 3305 537 3341 nomen
555 3289 650 3341 modo
666 3300 741 3356 erat,
766 3302 812 3345 aut
829 3310 922 3344 nomen
938 3292 967 3342 in
985 3310 1013 3343 re
1029 3290 1155 3358 publicu,
1181 3310 1234 3342 non
1249 3310 1307 3357 res,
1335 3301 1405 3346 erut.

348 3376 527 3432 Gernherdus
545 3396 616 3444 vero,
634 3378 765 3431 librorum
784 3378 927 3432 lectionem
946 3396 1066 3443 servans,
1083 3376 1246 3443 „Graevius,
1263 3378 1366 3449 inquit,
1385 3380 1406 3432 si

348 3468 437 3520 verbis
455 3477 565 3519 senatus
584 3467 731 3534 occiderat,
758 3467 856 3520 civitas
874 3484 927 3519 non
944 3476 1015 3531 erat,
1033 3466 1127 3517 consul
1144 3477 1288 3530 nouerat,
1308 3467 1407 3540 quibus

348 3553 448 3609 Cicero
473 3556 517 3625 (ut
544 3553 785 3621 Offic.ltt,1,2:
811 3556 946 3607 exstincte
976 3563 1087 3611 senatu,
1115 3553 1261 3623 deletisque
1285 3554 1406 3621 iudiciis)

348 3643 480 3714 temporis
497 3643 568 3696 illius
586 3644 754 3715 iniquitatem
773 3655 930 3715 exaggeret,
948 3643 1049 3697 moveri
1067 3661 1123 3696 non
1143 3643 1247 3714 potuit,
1266 3653 1296 3695 ut
1313 3642 1407 3713 vulga-

347 3743 404 3785 tam
424 3741 560 3797 tueretur;
588 3752 644 3785 uon
663 3743 717 3787 tem
742 3732 871 3805 particula
890 3752 943 3785 non
960 3732 1105 3798 eiicienda,
1135 3750 1216 3801 quarn
1246 3732 1274 3785 in
1302 3732 1408 3785 nullum

347 3817 478 3871 mutanda
500 3830 566 3875 erat.
602 3818 737 3875 siccem
763 3821 830 3874 ordo
854 3822 998 3874 verborum
1019 3831 1168 3874 servaretur
1193 3821 1319 3889 idoneus,
1348 3825 1405 3894 qui,

347 3918 484 3977 expuncto
502 3927 568 3971 non,
599 3909 697 3962 mutari
716 3908 840 3963 deberet:
869 3918 981 3961 senatus
999 3909 1028 3960 in
1047 3925 1075 3960 re
1094 3908 1202 3977 publica
1220 3927 1313 3961 nornen
1331 3910 1405 3979 (tau-

347 3993 422 4062 tum)
448 4004 518 4049 erat.
572 3995 738 4050 Adiectivum
765 3997 859 4049 nullut
886 3996 985 4049 videbis
1010 3997 1032 4065 ξ.
1052 3999 1093 4049 28.
1120 3998 1243 4064 (consul,
1276 4000 1323 4072 qui
1348 4009 1406 4051 turn

347 4082 600 4154 nullusfueret)
626 4095 651 4138 et
677 4083 731 4138 Liv.
752 4085 847 4152 XXVI,
868 4090 919 4139 412
945 4085 1085 4137 nullum
1108 4087 1163 4138 iarn
1191 4106 1309 4140 nornen
1335 4100 1404 4140 esset

343 4170 443 4241 populi
461 4172 601 4228 Romani.“
636 4172 706 4226 Add.
733 4172 789 4229 Cic.
817 4174 851 4228 de
877 4174 960 4245 Legg.
979 4172 1012 4239 ΙΙ,
1032 4177 1058 4237 ll,
1078 4178 1127 4228 14:
1151 4176 1238 4247 igitur
1263 4185 1294 4226 tu
1316 4176 1404 4227 Titius

346 4268 375 4309 et
394 4257 549 4327 Appuleiae
574 4259 646 4331 leges
671 4262 792 4315 nullas
811 4262 840 4332 (is
860 4282 884 4315 e.
910 4262 985 4316 nullo
1003 4261 1064 4318 loco
1083 4263 1231 4331 habendas,
1259 4264 1330 4335 leges
1349 4282 1403 4318 non

346 4344 508 4414 censendas)
523 4346 631 4415 putas?
651 4349 683 4401 de
702 4349 752 4406 Or.
773 4352 791 4417 l,
812 4355 837 4416 9,
857 4355 906 4405 38:
924 4351 1145 4421 rempublicam,
1165 4372 1246 4423 quam
1266 4372 1338 4405 nunc
1357 4355 1402 4406 vix

345 4446 485 4501 tenemus,
504 4434 558 4486 iam
578 4436 623 4489 diu
644 4438 777 4493 nullam
794 4440 978 4494 haberemus.“
1021 4440 1054 4493 Et
1077 4438 1251 4493 Gernltardus
1277 4442 1405 4512 probabi-

345 4524 407 4577 liter
426 4523 546 4595 quidem.
585 4524 628 4580 Est
648 4538 736 4581 temen
757 4529 831 4583 locus
847 4528 1003 4600 suspicioni,
1023 4527 1153 4597 vulgatam
1168 4547 1222 4581 non
1241 4549 1296 4583 esse
1316 4551 1402 4587 veram
