<?xml version="1.0" encoding="UTF-8"?>
<!DOCTYPE html PUBLIC "-//W3C//DTD XHTML 1.0 Transitional//EN"
    "http://www.w3.org/TR/xhtml1/DTD/xhtml1-transitional.dtd">
<html xmlns="http://www.w3.org/1999/xhtml" xml:lang="en" lang="en">
 <head>
  <title>
</title>
<meta http-equiv="Content-Type" content="text/html;charset=utf-8" />
  <meta name='ocr-system' content='tesseract 3.04.00' />
  <meta name='ocr-capabilities' content='ocr_page ocr_carea ocr_par ocr_line ocrx_word'/>
</head>
<body>
  <div class='ocr_page' id='page_1' title='image "./mtulliiciceroni15cicegoog_0213.png"; bbox 0 0 3517 5450; ppageno 0'>
   <div class='ocr_carea' id='block_1_1' title="bbox 672 698 1400 771">
    <p class='ocr_par' dir='ltr' id='par_1_1' title="bbox 672 698 1400 771">
     <span class='ocr_line' id='line_1_1' title="bbox 672 698 1400 771; baseline 0.01 -9"><span class='ocrx_word' id='word_1_1' title='bbox 672 717 867 764; x_wconf 74' lang='lat' dir='ltr'><strong><em>rinsooxor</em></strong></span> <span class='ocrx_word' id='word_1_2' title='bbox 896 719 940 764; x_wconf 86' lang='grc' dir='ltr'><strong><em>ιι.</em></strong></span> <span class='ocrx_word' id='word_1_3' title='bbox 967 719 1036 765; x_wconf 76' lang='lat' dir='ltr'><strong><em>car.</em></strong></span> <span class='ocrx_word' id='word_1_4' title='bbox 1061 720 1083 766; x_wconf 86' lang='lat'><strong><em>1.</em></strong></span> <span class='ocrx_word' id='word_1_5' title='bbox 1328 698 1400 771; x_wconf 80' lang='lat'><strong><em>167</em></strong></span> 
     </span>
    </p>
   </div>
   <div class='ocr_carea' id='block_1_2' title="bbox 359 876 1401 948">
    <p class='ocr_par' dir='ltr' id='par_1_2' title="bbox 359 876 1401 948">
     <span class='ocr_line' id='line_1_2' title="bbox 359 876 1401 948; baseline 0.004 -19"><span class='ocrx_word' id='word_1_6' title='bbox 359 876 412 929; x_wconf 78' lang='grc' dir='ltr'><strong><em>ΑΜ.</em></strong></span> <span class='ocrx_word' id='word_1_7' title='bbox 432 879 510 930; x_wconf 83' lang='grc'><strong>1552.</strong></span> <span class='ocrx_word' id='word_1_8' title='bbox 534 896 596 929; x_wconf 89' lang='lat' dir='ltr'><strong><em>curn</em></strong></span> <span class='ocrx_word' id='word_1_9' title='bbox 615 878 712 930; x_wconf 84' lang='lat' dir='ltr'><strong><em>Carolo</em></strong></span> <span class='ocrx_word' id='word_1_10' title='bbox 731 877 822 948; x_wconf 85' lang='lat' dir='ltr'><strong><em>Steph.</em></strong></span> <span class='ocrx_word' id='word_1_11' title='bbox 851 878 914 931; x_wconf 88' lang='lat' dir='ltr'><strong><em>item</em></strong></span> <span class='ocrx_word' id='word_1_12' title='bbox 934 877 1005 932; x_wconf 90' lang='lat' dir='ltr'><strong><em>hanc</em></strong></span> <span class='ocrx_word' id='word_1_13' title='bbox 1024 878 1171 945; x_wconf 75' lang='lat' dir='ltr'>Graecam,</span> <span class='ocrx_word' id='word_1_14' title='bbox 1199 879 1243 931; x_wconf 88' lang='lat' dir='ltr'><strong><em>sed</em></strong></span> <span class='ocrx_word' id='word_1_15' title='bbox 1263 880 1401 940; x_wconf 82' lang='lat' dir='ltr'><strong><em>Latinam:</em></strong></span> 
     </span>
    </p>
   </div>
   <div class='ocr_carea' id='block_1_3' title="bbox 343 965 1402 4552">
    <p class='ocr_par' dir='ltr' id='par_1_3' title="bbox 353 965 1401 1123">
     <span class='ocr_line' id='line_1_3' title="bbox 356 965 1401 1040; baseline 0.006 -26"><span class='ocrx_word' id='word_1_16' title='bbox 356 966 424 1035; x_wconf 78' lang='lat' dir='ltr'><strong><em>quod</em></strong></span> <span class='ocrx_word' id='word_1_17' title='bbox 441 983 528 1016; x_wconf 88' lang='lat' dir='ltr'><strong><em>omnes</em></strong></span> <span class='ocrx_word' id='word_1_18' title='bbox 545 965 627 1016; x_wconf 85' lang='lat' dir='ltr'><strong><em>stulti</em></strong></span> <span class='ocrx_word' id='word_1_19' title='bbox 645 967 803 1026; x_wconf 83' lang='lat' dir='ltr'><strong><em>insaniunt;</em></strong></span> <span class='ocrx_word' id='word_1_20' title='bbox 823 965 893 1019; x_wconf 90' lang='lat' dir='ltr'><strong><em>Vict.</em></strong></span> <span class='ocrx_word' id='word_1_21' title='bbox 912 966 1043 1038; x_wconf 88' lang='lat' dir='ltr'><strong><em>denique,</em></strong></span> <span class='ocrx_word' id='word_1_22' title='bbox 1063 966 1147 1020; x_wconf 86' lang='lat' dir='ltr'><strong><em>Gran.</em></strong></span> <span class='ocrx_word' id='word_1_23' title='bbox 1167 966 1262 1021; x_wconf 80' lang='lat' dir='ltr'><strong><em>Graes.</em></strong></span> <span class='ocrx_word' id='word_1_24' title='bbox 1283 978 1308 1019; x_wconf 88' lang='lat' dir='ltr'><strong><em>et</em></strong></span> <span class='ocrx_word' id='word_1_25' title='bbox 1327 987 1401 1040; x_wconf 86' lang='lat' dir='ltr'><strong><em>seqq.</em></strong></span> 
     </span>
     <span class='ocr_line' id='line_1_4' title="bbox 353 1051 1094 1123; baseline 0.004 -19"><span class='ocrx_word' id='word_1_26' title='bbox 353 1054 471 1123; x_wconf 83' lang='lat' dir='ltr'><strong><em>(excepta</em></strong></span> <span class='ocrx_word' id='word_1_27' title='bbox 489 1051 582 1120; x_wconf 84' lang='lat' dir='ltr'>Face.)</span> <span class='ocrx_word' id='word_1_28' title='bbox 601 1064 718 1105; x_wconf 89' lang='lat' dir='ltr'><strong><em>nostram</em></strong></span> <span class='ocrx_word' id='word_1_29' title='bbox 737 1051 836 1105; x_wconf 85' lang='lat' dir='ltr'><strong><em>habent</em></strong></span> <span class='ocrx_word' id='word_1_30' title='bbox 855 1051 997 1105; x_wconf 84' lang='lat' dir='ltr'>Graecam.</span> <span class='ocrx_word' id='word_1_31' title='bbox 1033 1053 1094 1108; x_wconf 88' lang='lat' dir='ltr'><strong><em>Mr.</em></strong></span> 
     </span>
    </p>

    <p class='ocr_par' dir='ltr' id='par_1_4' title="bbox 346 1139 1402 2333">
     <span class='ocr_line' id='line_1_5' title="bbox 423 1139 1402 1214; baseline 0.005 -24"><span class='ocrx_word' id='word_1_32' title='bbox 423 1143 531 1191; x_wconf 89' lang='lat' dir='ltr'><strong><em>Omnem</em></strong></span> <span class='ocrx_word' id='word_1_33' title='bbox 549 1140 666 1191; x_wconf 85' lang='lat' dir='ltr'><strong><em>stultum</em></strong></span> <span class='ocrx_word' id='word_1_34' title='bbox 684 1140 813 1206; x_wconf 77' lang='lat' dir='ltr'><strong><em>insanire]</em></strong></span> <span class='ocrx_word' id='word_1_35' title='bbox 860 1139 898 1193; x_wconf 91' lang='lat' dir='ltr'><strong><em>lta</em></strong></span> <span class='ocrx_word' id='word_1_36' title='bbox 918 1139 985 1193; x_wconf 84' lang='lat' dir='ltr'><strong><em>Edd.</em></strong></span> <span class='ocrx_word' id='word_1_37' title='bbox 1003 1160 1112 1206; x_wconf 86' lang='lat' dir='ltr'><strong><em>omnes,</em></strong></span> <span class='ocrx_word' id='word_1_38' title='bbox 1141 1141 1167 1193; x_wconf 92' lang='lat' dir='ltr'><strong><em>in</em></strong></span> <span class='ocrx_word' id='word_1_39' title='bbox 1189 1141 1285 1214; x_wconf 90' lang='lat' dir='ltr'><strong><em>quibus</em></strong></span> <span class='ocrx_word' id='word_1_40' title='bbox 1310 1152 1346 1194; x_wconf 88' lang='lat' dir='ltr'><strong><em>est</em></strong></span> <span class='ocrx_word' id='word_1_41' title='bbox 1372 1161 1402 1195; x_wconf 86' lang='lat' dir='ltr'><strong><em>ea</em></strong></span> 
     </span>
     <span class='ocr_line' id='line_1_6' title="bbox 350 1225 1402 1301; baseline 0.002 -21"><span class='ocrx_word' id='word_1_42' title='bbox 350 1228 490 1298; x_wconf 88' lang='lat' dir='ltr'><strong><em>inscriptio</em></strong></span> <span class='ocrx_word' id='word_1_43' title='bbox 519 1225 636 1293; x_wconf 87' lang='lat' dir='ltr'><strong><em>Graeca,</em></strong></span> <span class='ocrx_word' id='word_1_44' title='bbox 666 1245 747 1298; x_wconf 87' lang='lat' dir='ltr'><strong><em>quarn</em></strong></span> <span class='ocrx_word' id='word_1_45' title='bbox 775 1246 824 1280; x_wconf 89' lang='lat' dir='ltr'><strong><em>nos</em></strong></span> <span class='ocrx_word' id='word_1_46' title='bbox 849 1227 1017 1283; x_wconf 73' lang='lat' dir='ltr'>exhibemus:</span> <span class='ocrx_word' id='word_1_47' title='bbox 1042 1229 1161 1301; x_wconf 89' lang='lat' dir='ltr'><strong><em>reliquae</em></strong></span> <span class='ocrx_word' id='word_1_48' title='bbox 1188 1228 1315 1299; x_wconf 82' lang='lat' dir='ltr'><strong><em>(exceptis</em></strong></span> <span class='ocrx_word' id='word_1_49' title='bbox 1340 1225 1402 1282; x_wconf 88' lang='lat' dir='ltr'><strong><em>Car.</em></strong></span> 
     </span>
     <span class='ocr_line' id='line_1_7' title="bbox 349 1314 1401 1386; baseline 0.002 -18"><span class='ocrx_word' id='word_1_50' title='bbox 349 1314 440 1386; x_wconf 83' lang='lat' dir='ltr'><strong><em>Steplr.</em></strong></span> <span class='ocrx_word' id='word_1_51' title='bbox 461 1326 486 1369; x_wconf 90' lang='lat' dir='ltr'><strong><em>et</em></strong></span> <span class='ocrx_word' id='word_1_52' title='bbox 506 1315 566 1368; x_wconf 69' lang='lat' dir='ltr'><strong><em>Ald.</em></strong></span> <span class='ocrx_word' id='word_1_53' title='bbox 587 1315 680 1381; x_wconf 78' lang='lat'><strong>1552.)</strong></span> <span class='ocrx_word' id='word_1_54' title='bbox 699 1333 787 1366; x_wconf 90' lang='lat' dir='ltr'><strong><em>omnes</em></strong></span> <span class='ocrx_word' id='word_1_55' title='bbox 805 1317 907 1368; x_wconf 88' lang='lat' dir='ltr'><strong><em>stultas</em></strong></span> <span class='ocrx_word' id='word_1_56' title='bbox 925 1317 1057 1381; x_wconf 77' lang='lat' dir='ltr'><strong><em>insanire,</em></strong></span> <span class='ocrx_word' id='word_1_57' title='bbox 1086 1328 1111 1371; x_wconf 88' lang='lat' dir='ltr'><strong><em>et</em></strong></span> <span class='ocrx_word' id='word_1_58' title='bbox 1130 1317 1167 1371; x_wconf 89' lang='lat' dir='ltr'><strong><em>sic</em></strong></span> <span class='ocrx_word' id='word_1_59' title='bbox 1186 1317 1270 1370; x_wconf 83' lang='lat' dir='ltr'><strong><em>codd.</em></strong></span> <span class='ocrx_word' id='word_1_60' title='bbox 1295 1315 1401 1370; x_wconf 87' lang='lat' dir='ltr'><strong><em>Suerin.</em></strong></span> 
     </span>
     <span class='ocr_line' id='line_1_8' title="bbox 348 1401 1402 1472; baseline 0.003 -17"><span class='ocrx_word' id='word_1_61' title='bbox 348 1401 400 1456; x_wconf 79' lang='lat'><strong><em>01.</em></strong></span> <span class='ocrx_word' id='word_1_62' title='bbox 418 1402 454 1455; x_wconf 87' lang='lat' dir='ltr'><strong><em>U.</em></strong></span> <span class='ocrx_word' id='word_1_63' title='bbox 475 1406 532 1457; x_wconf 75' lang='lat' dir='ltr'><strong><em>Cra.</em></strong></span> <span class='ocrx_word' id='word_1_64' title='bbox 552 1408 575 1454; x_wconf 84' lang='lat'><strong><em>2.</em></strong></span> <span class='ocrx_word' id='word_1_65' title='bbox 595 1404 619 1456; x_wconf 79' lang='grc'><strong><em>3.</em></strong></span> <span class='ocrx_word' id='word_1_66' title='bbox 639 1402 719 1455; x_wconf 90' lang='lat' dir='ltr'><strong><em>Drsd.</em></strong></span> <span class='ocrx_word' id='word_1_67' title='bbox 738 1406 763 1454; x_wconf 87' lang='lat'><strong><em>1.</em></strong></span> <span class='ocrx_word' id='word_1_68' title='bbox 783 1408 807 1455; x_wconf 82' lang='lat'><strong><em>2.</em></strong></span> <span class='ocrx_word' id='word_1_69' title='bbox 825 1409 850 1457; x_wconf 79' lang='lat'><strong><em>4.</em></strong></span> <span class='ocrx_word' id='word_1_70' title='bbox 869 1409 895 1458; x_wconf 83' lang='lat'><strong><em>5.</em></strong></span> <span class='ocrx_word' id='word_1_71' title='bbox 915 1405 943 1458; x_wconf 92' lang='lat' dir='ltr'><strong><em>in</em></strong></span> <span class='ocrx_word' id='word_1_72' title='bbox 962 1405 1033 1458; x_wconf 92' lang='lat' dir='ltr'><strong><em>Gud.</em></strong></span> <span class='ocrx_word' id='word_1_73' title='bbox 1051 1405 1081 1457; x_wconf 90' lang='lat' dir='ltr'><strong><em>B.</em></strong></span> <span class='ocrx_word' id='word_1_74' title='bbox 1101 1416 1153 1472; x_wconf 87' lang='lat' dir='ltr'><strong><em>est,</em></strong></span> <span class='ocrx_word' id='word_1_75' title='bbox 1179 1415 1208 1457; x_wconf 90' lang='lat' dir='ltr'><strong><em>ut</em></strong></span> <span class='ocrx_word' id='word_1_76' title='bbox 1226 1424 1276 1456; x_wconf 87' lang='lat' dir='ltr'><strong><em>nos</em></strong></span> <span class='ocrx_word' id='word_1_77' title='bbox 1296 1404 1402 1458; x_wconf 78' lang='lat' dir='ltr'><strong><em>exhibe-</em></strong></span> 
     </span>
     <span class='ocr_line' id='line_1_9' title="bbox 348 1489 1401 1562; baseline 0.003 -19"><span class='ocrx_word' id='word_1_78' title='bbox 348 1510 416 1557; x_wconf 83' lang='lat' dir='ltr'><strong><em>mus,</em></strong></span> <span class='ocrx_word' id='word_1_79' title='bbox 436 1491 556 1562; x_wconf 89' lang='lat' dir='ltr'><strong><em>itemque</em></strong></span> <span class='ocrx_word' id='word_1_80' title='bbox 575 1492 602 1543; x_wconf 92' lang='lat' dir='ltr'><strong><em>in</em></strong></span> <span class='ocrx_word' id='word_1_81' title='bbox 622 1489 717 1545; x_wconf 85' lang='lat' dir='ltr'><strong><em>Orx.l.</em></strong></span> <span class='ocrx_word' id='word_1_82' title='bbox 737 1490 769 1546; x_wconf 86' lang='lat' dir='ltr'><strong><em>N.</em></strong></span> <span class='ocrx_word' id='word_1_83' title='bbox 789 1511 813 1560; x_wconf 81' lang='grc' dir='ltr'><strong><em>η.</em></strong></span> <span class='ocrx_word' id='word_1_84' title='bbox 829 1510 853 1546; x_wconf 92' lang='grc' dir='ltr'><strong><em>ο.</em></strong></span> <span class='ocrx_word' id='word_1_85' title='bbox 872 1511 914 1558; x_wconf 67' lang='grc' dir='ltr'><strong><em>αις</em></strong></span> <span class='ocrx_word' id='word_1_86' title='bbox 934 1492 1002 1547; x_wconf 84' lang='lat' dir='ltr'><strong><em>cod.</em></strong></span> <span class='ocrx_word' id='word_1_87' title='bbox 1019 1494 1134 1548; x_wconf 63' lang='lat' dir='ltr'><strong><em>unda.</em></strong></span> <span class='ocrx_word' id='word_1_88' title='bbox 1154 1492 1233 1547; x_wconf 88' lang='lat' dir='ltr'><strong><em>habet</em></strong></span> <span class='ocrx_word' id='word_1_89' title='bbox 1250 1493 1401 1546; x_wconf 79' lang='lat' dir='ltr'><strong><em>homines</em></strong></span> 
     </span>
     <span class='ocr_line' id='line_1_10' title="bbox 347 1579 1400 1644; baseline 0.001 -13"><span class='ocrx_word' id='word_1_90' title='bbox 347 1579 450 1631; x_wconf 83' lang='lat' dir='ltr'><strong><em>stultos</em></strong></span> <span class='ocrx_word' id='word_1_91' title='bbox 468 1581 599 1644; x_wconf 82' lang='lat' dir='ltr'><strong><em>insanire,</em></strong></span> <span class='ocrx_word' id='word_1_92' title='bbox 619 1581 676 1630; x_wconf 80' lang='lat' dir='ltr'><strong><em>Cra.</em></strong></span> <span class='ocrx_word' id='word_1_93' title='bbox 697 1583 721 1634; x_wconf 91' lang='lat'><strong><em>1.</em></strong></span> <span class='ocrx_word' id='word_1_94' title='bbox 747 1598 835 1630; x_wconf 90' lang='lat' dir='ltr'><strong><em>omnes</em></strong></span> <span class='ocrx_word' id='word_1_95' title='bbox 854 1582 957 1633; x_wconf 87' lang='lat' dir='ltr'><strong><em>stultos</em></strong></span> <span class='ocrx_word' id='word_1_96' title='bbox 974 1583 1093 1634; x_wconf 85' lang='lat' dir='ltr'><strong><em>insaneri</em></strong></span> <span class='ocrx_word' id='word_1_97' title='bbox 1117 1583 1400 1640; x_wconf 85' lang='lat' dir='ltr'><strong><em>derrronstrntur,·</em></strong></span> 
     </span>
     <span class='ocr_line' id='line_1_11' title="bbox 347 1664 1401 1730; baseline 0 -12"><span class='ocrx_word' id='word_1_98' title='bbox 347 1664 444 1718; x_wconf 82' lang='lat' dir='ltr'><strong><em>Duisb.</em></strong></span> <span class='ocrx_word' id='word_1_99' title='bbox 474 1666 682 1717; x_wconf 84' lang='lat' dir='ltr'><strong><em>omnesstultos</em></strong></span> <span class='ocrx_word' id='word_1_100' title='bbox 708 1667 853 1717; x_wconf 86' lang='lat' dir='ltr'><strong><em>insanos</em></strong></span> <span class='ocrx_word' id='word_1_101' title='bbox 877 1686 971 1730; x_wconf 89' lang='lat' dir='ltr'><strong><em>esse,·</em></strong></span> <span class='ocrx_word' id='word_1_102' title='bbox 1001 1668 1074 1722; x_wconf 87' lang='lat' dir='ltr'><strong><em>Gud.</em></strong></span> <span class='ocrx_word' id='word_1_103' title='bbox 1093 1668 1126 1721; x_wconf 78' lang='grc' dir='ltr'><strong><em>Α.</em></strong></span> <span class='ocrx_word' id='word_1_104' title='bbox 1158 1668 1401 1721; x_wconf 83' lang='lat' dir='ltr'><strong><em>omnisstultus</em></strong></span> 
     </span>
     <span class='ocr_line' id='line_1_12' title="bbox 347 1753 1401 1815; baseline 0 -10"><span class='ocrx_word' id='word_1_105' title='bbox 347 1755 487 1815; x_wconf 85' lang='lat' dir='ltr'><strong><em>insanire;</em></strong></span> <span class='ocrx_word' id='word_1_106' title='bbox 507 1753 557 1808; x_wconf 80' lang='lat' dir='ltr'><strong><em>Ox.</em></strong></span> <span class='ocrx_word' id='word_1_107' title='bbox 576 1753 606 1805; x_wconf 85' lang='lat' dir='ltr'><strong><em>E.</em></strong></span> <span class='ocrx_word' id='word_1_108' title='bbox 629 1754 731 1804; x_wconf 84' lang='lat' dir='ltr'><strong><em>adest</em></strong></span> <span class='ocrx_word' id='word_1_109' title='bbox 751 1773 838 1806; x_wconf 88' lang='lat' dir='ltr'><strong><em>amnes</em></strong></span> <span class='ocrx_word' id='word_1_110' title='bbox 856 1757 966 1809; x_wconf 85' lang='lat' dir='ltr'><strong><em>stultas.</em></strong></span> <span class='ocrx_word' id='word_1_111' title='bbox 1012 1755 1112 1810; x_wconf 89' lang='lat' dir='ltr'><strong><em>Ortum</em></strong></span> <span class='ocrx_word' id='word_1_112' title='bbox 1141 1768 1178 1810; x_wconf 80' lang='lat' dir='ltr'><strong><em>est</em></strong></span> <span class='ocrx_word' id='word_1_113' title='bbox 1198 1757 1249 1810; x_wconf 88' lang='lat' dir='ltr'><strong><em>hoc</em></strong></span> <span class='ocrx_word' id='word_1_114' title='bbox 1275 1756 1354 1806; x_wconf 81' lang='lat' dir='ltr'><strong><em>arlest</em></strong></span> <span class='ocrx_word' id='word_1_115' title='bbox 1373 1774 1401 1807; x_wconf 85' lang='lat' dir='ltr'><strong><em>ex</em></strong></span> 
     </span>
     <span class='ocr_line' id='line_1_13' title="bbox 347 1840 1400 1914; baseline 0.002 -23"><span class='ocrx_word' id='word_1_116' title='bbox 347 1842 376 1891; x_wconf 87' lang='lat' dir='ltr'><strong><em>id</em></strong></span> <span class='ocrx_word' id='word_1_117' title='bbox 393 1851 450 1904; x_wconf 85' lang='lat' dir='ltr'><strong><em>est,</em></strong></span> <span class='ocrx_word' id='word_1_118' title='bbox 483 1841 555 1912; x_wconf 88' lang='lat' dir='ltr'><strong><em>quod</em></strong></span> <span class='ocrx_word' id='word_1_119' title='bbox 580 1841 748 1912; x_wconf 80' lang='lat' dir='ltr'><strong><em>explicationi</em></strong></span> <span class='ocrx_word' id='word_1_120' title='bbox 775 1840 871 1894; x_wconf 88' lang='lat' dir='ltr'><strong><em>latinae</em></strong></span> <span class='ocrx_word' id='word_1_121' title='bbox 903 1844 1078 1914; x_wconf 87' lang='lat' dir='ltr'><strong><em>praemissum</em></strong></span> <span class='ocrx_word' id='word_1_122' title='bbox 1097 1855 1153 1898; x_wconf 87' lang='lat' dir='ltr'><strong><em>erat</em></strong></span> <span class='ocrx_word' id='word_1_123' title='bbox 1177 1845 1206 1896; x_wconf 89' lang='lat' dir='ltr'><strong><em>in</em></strong></span> <span class='ocrx_word' id='word_1_124' title='bbox 1225 1843 1311 1910; x_wconf 88' lang='lat' dir='ltr'><strong><em>libro,</em></strong></span> <span class='ocrx_word' id='word_1_125' title='bbox 1329 1842 1400 1894; x_wconf 92' lang='lat' dir='ltr'><strong><em>unde</em></strong></span> 
     </span>
     <span class='ocr_line' id='line_1_14' title="bbox 346 1927 1400 2002; baseline 0.002 -21"><span class='ocrx_word' id='word_1_126' title='bbox 346 1927 496 1996; x_wconf 85' lang='lat' dir='ltr'><strong><em>descriptus</em></strong></span> <span class='ocrx_word' id='word_1_127' title='bbox 516 1940 553 1982; x_wconf 88' lang='lat' dir='ltr'><strong><em>est</em></strong></span> <span class='ocrx_word' id='word_1_128' title='bbox 571 1927 616 1980; x_wconf 91' lang='lat' dir='ltr'><strong><em>hic</em></strong></span> <span class='ocrx_word' id='word_1_129' title='bbox 636 1927 734 1994; x_wconf 82' lang='lat' dir='ltr'>Codex,</span> <span class='ocrx_word' id='word_1_130' title='bbox 754 1948 919 2001; x_wconf 86' lang='lat' dir='ltr'><strong><em>quamquam</em></strong></span> <span class='ocrx_word' id='word_1_131' title='bbox 937 1931 966 1984; x_wconf 88' lang='lat' dir='ltr'><strong><em>in</em></strong></span> <span class='ocrx_word' id='word_1_132' title='bbox 984 1951 1028 1997; x_wconf 92' lang='lat' dir='ltr'><strong><em>eo,</em></strong></span> <span class='ocrx_word' id='word_1_133' title='bbox 1049 1943 1078 1984; x_wconf 91' lang='lat' dir='ltr'><strong><em>ut</em></strong></span> <span class='ocrx_word' id='word_1_134' title='bbox 1096 1932 1124 1983; x_wconf 91' lang='lat' dir='ltr'><strong><em>in</em></strong></span> <span class='ocrx_word' id='word_1_135' title='bbox 1143 1931 1285 2002; x_wconf 86' lang='lat' dir='ltr'><strong><em>plerisque,</em></strong></span> <span class='ocrx_word' id='word_1_136' title='bbox 1305 1931 1400 1983; x_wconf 84' lang='lat' dir='ltr'><strong><em>omissa</em></strong></span> 
     </span>
     <span class='ocr_line' id='line_1_15' title="bbox 346 2013 1400 2090; baseline 0.003 -23"><span class='ocrx_word' id='word_1_137' title='bbox 346 2025 409 2067; x_wconf 88' lang='lat' dir='ltr'><strong><em>sunt</em></strong></span> <span class='ocrx_word' id='word_1_138' title='bbox 428 2013 542 2069; x_wconf 89' lang='lat' dir='ltr'><strong><em>Graeca.</em></strong></span> <span class='ocrx_word' id='word_1_139' title='bbox 580 2014 638 2086; x_wconf 82' lang='lat' dir='ltr'><strong><em>Ego</em></strong></span> <span class='ocrx_word' id='word_1_140' title='bbox 658 2036 718 2070; x_wconf 90' lang='lat' dir='ltr'><strong><em>curn</em></strong></span> <span class='ocrx_word' id='word_1_141' title='bbox 740 2016 858 2082; x_wconf 73' lang='lat' dir='ltr'><strong><em>oretria,</em></strong></span> <span class='ocrx_word' id='word_1_142' title='bbox 890 2029 919 2071; x_wconf 87' lang='lat' dir='ltr'><strong><em>ut</em></strong></span> <span class='ocrx_word' id='word_1_143' title='bbox 936 2020 1087 2089; x_wconf 73' lang='lat' dir='ltr'><strong><em>superiores</em></strong></span> <span class='ocrx_word' id='word_1_144' title='bbox 1105 2017 1174 2071; x_wconf 88' lang='lat' dir='ltr'><strong><em>hane</em></strong></span> <span class='ocrx_word' id='word_1_145' title='bbox 1202 2036 1310 2090; x_wconf 85' lang='lat' dir='ltr'><strong><em>quoque</em></strong></span> <span class='ocrx_word' id='word_1_146' title='bbox 1328 2017 1400 2070; x_wconf 87' lang='lat' dir='ltr'><strong><em>Lati-</em></strong></span> 
     </span>
     <span class='ocr_line' id='line_1_16' title="bbox 346 2103 1400 2171; baseline 0.001 -17"><span class='ocrx_word' id='word_1_147' title='bbox 346 2121 424 2168; x_wconf 88' lang='lat' dir='ltr'><strong><em>nam,</em></strong></span> <span class='ocrx_word' id='word_1_148' title='bbox 446 2103 551 2156; x_wconf 90' lang='lat' dir='ltr'><strong><em>uncinis</em></strong></span> <span class='ocrx_word' id='word_1_149' title='bbox 569 2103 672 2156; x_wconf 89' lang='lat' dir='ltr'><strong><em>inclusi.</em></strong></span> <span class='ocrx_word' id='word_1_150' title='bbox 709 2103 927 2157; x_wconf 65' lang='lat' dir='ltr'><strong><em>aduniendam</em></strong></span> <span class='ocrx_word' id='word_1_151' title='bbox 947 2107 981 2159; x_wconf 86' lang='lat' dir='ltr'><strong><em>ci.</em></strong></span> <span class='ocrx_word' id='word_1_152' title='bbox 1000 2106 1093 2159; x_wconf 86' lang='lat' dir='ltr'><strong><em>Horat.</em></strong></span> <span class='ocrx_word' id='word_1_153' title='bbox 1112 2104 1167 2158; x_wconf 86' lang='lat' dir='ltr'><strong><em>Sat.</em></strong></span> <span class='ocrx_word' id='word_1_154' title='bbox 1185 2104 1217 2170; x_wconf 93' lang='lat' dir='ltr'><strong><em>ll,</em></strong></span> <span class='ocrx_word' id='word_1_155' title='bbox 1237 2109 1263 2171; x_wconf 76' lang='lat'><strong><em>3,</em></strong></span> <span class='ocrx_word' id='word_1_156' title='bbox 1282 2108 1331 2157; x_wconf 76' lang='lat'><strong><em>32:</em></strong></span> <span class='ocrx_word' id='word_1_157' title='bbox 1355 2104 1400 2155; x_wconf 88' lang='lat' dir='ltr'><strong><em>in-</em></strong></span> 
     </span>
     <span class='ocr_line' id='line_1_17' title="bbox 347 2190 1400 2265; baseline 0 -23"><span class='ocrx_word' id='word_1_158' title='bbox 347 2192 422 2243; x_wconf 87' lang='lat' dir='ltr'><strong><em>sanis</em></strong></span> <span class='ocrx_word' id='word_1_159' title='bbox 442 2202 469 2242; x_wconf 82' lang='lat' dir='ltr'><strong><em>et</em></strong></span> <span class='ocrx_word' id='word_1_160' title='bbox 488 2201 519 2243; x_wconf 86' lang='lat' dir='ltr'><strong><em>ta</em></strong></span> <span class='ocrx_word' id='word_1_161' title='bbox 539 2191 672 2263; x_wconf 85' lang='lat' dir='ltr'><strong><em>stultique</em></strong></span> <span class='ocrx_word' id='word_1_162' title='bbox 689 2210 770 2260; x_wconf 87' lang='lat' dir='ltr'><strong><em>prope</em></strong></span> <span class='ocrx_word' id='word_1_163' title='bbox 789 2211 894 2254; x_wconf 86' lang='lat' dir='ltr'><strong><em>omnes,·</em></strong></span> <span class='ocrx_word' id='word_1_164' title='bbox 923 2193 969 2245; x_wconf 93' lang='lat' dir='ltr'><strong><em>ubi</em></strong></span> <span class='ocrx_word' id='word_1_165' title='bbox 989 2193 1039 2246; x_wconf 84' lang='lat' dir='ltr'><strong><em>rid.</em></strong></span> <span class='ocrx_word' id='word_1_166' title='bbox 1058 2193 1224 2265; x_wconf 72' lang='lat' dir='ltr'><strong><em>interpretes,</em></strong></span> <span class='ocrx_word' id='word_1_167' title='bbox 1244 2191 1328 2243; x_wconf 88' lang='lat' dir='ltr'><strong><em>nostri</em></strong></span> <span class='ocrx_word' id='word_1_168' title='bbox 1347 2190 1400 2242; x_wconf 86' lang='lat' dir='ltr'><strong><em>Pa-</em></strong></span> 
     </span>
     <span class='ocr_line' id='line_1_18' title="bbox 348 2279 732 2333; baseline 0.003 -1"><span class='ocrx_word' id='word_1_169' title='bbox 348 2280 439 2333; x_wconf 80' lang='lat' dir='ltr'><strong><em>radoxi</em></strong></span> <span class='ocrx_word' id='word_1_170' title='bbox 459 2298 513 2331; x_wconf 92' lang='lat' dir='ltr'><strong><em>non</em></strong></span> <span class='ocrx_word' id='word_1_171' title='bbox 533 2279 637 2332; x_wconf 87' lang='lat' dir='ltr'><strong><em>oblitos.</em></strong></span> <span class='ocrx_word' id='word_1_172' title='bbox 673 2279 732 2333; x_wconf 86' lang='lat' dir='ltr'><strong><em>Mr.</em></strong></span> 
     </span>
    </p>

    <p class='ocr_par' dir='ltr' id='par_1_5' title="bbox 346 2363 1400 3038">
     <span class='ocr_line' id='line_1_19' title="bbox 419 2363 1399 2440; baseline -0.001 -23"><span class='ocrx_word' id='word_1_173' title='bbox 419 2370 516 2418; x_wconf 81' lang='lat' dir='ltr'><strong><em>Omnes</em></strong></span> <span class='ocrx_word' id='word_1_174' title='bbox 531 2367 632 2419; x_wconf 88' lang='lat' dir='ltr'><strong><em>stultos</em></strong></span> <span class='ocrx_word' id='word_1_175' title='bbox 655 2368 785 2436; x_wconf 71' lang='lat' dir='ltr'><strong><em>incurrite]</em></strong></span> <span class='ocrx_word' id='word_1_176' title='bbox 832 2369 985 2436; x_wconf 85' lang='lat' dir='ltr'><strong><em>„Stultitiae</em></strong></span> <span class='ocrx_word' id='word_1_177' title='bbox 1011 2388 1111 2423; x_wconf 89' lang='lat' dir='ltr'><strong><em>nomen</em></strong></span> <span class='ocrx_word' id='word_1_178' title='bbox 1132 2368 1204 2440; x_wconf 87' lang='lat' dir='ltr'><strong><em>apud</em></strong></span> <span class='ocrx_word' id='word_1_179' title='bbox 1224 2365 1329 2420; x_wconf 90' lang='lat' dir='ltr'><strong><em>Stoicos</em></strong></span> <span class='ocrx_word' id='word_1_180' title='bbox 1347 2363 1399 2417; x_wconf 90' lang='lat' dir='ltr'><strong><em>late</em></strong></span> 
     </span>
     <span class='ocr_line' id='line_1_20' title="bbox 347 2455 1399 2530; baseline -0.005 -21"><span class='ocrx_word' id='word_1_181' title='bbox 347 2455 511 2509; x_wconf 84' lang='lat' dir='ltr'><strong><em>fundebatur</em></strong></span> <span class='ocrx_word' id='word_1_182' title='bbox 530 2455 563 2506; x_wconf 89' lang='lat' dir='ltr'><strong><em>ad</em></strong></span> <span class='ocrx_word' id='word_1_183' title='bbox 583 2475 676 2508; x_wconf 84' lang='lat' dir='ltr'><strong><em>omnes</em></strong></span> <span class='ocrx_word' id='word_1_184' title='bbox 694 2457 777 2509; x_wconf 87' lang='lat' dir='ltr'><strong><em>aninri</em></strong></span> <span class='ocrx_word' id='word_1_185' title='bbox 798 2458 1028 2527; x_wconf 74' lang='lat' dir='ltr'><strong><em>perturbationes,</em></strong></span> <span class='ocrx_word' id='word_1_186' title='bbox 1059 2459 1159 2530; x_wconf 88' lang='lat' dir='ltr'><strong><em>quique</em></strong></span> <span class='ocrx_word' id='word_1_187' title='bbox 1181 2457 1212 2509; x_wconf 86' lang='lat' dir='ltr'><strong><em>iis</em></strong></span> <span class='ocrx_word' id='word_1_188' title='bbox 1238 2455 1399 2514; x_wconf 87' lang='lat' dir='ltr'><strong><em>laborarent,</em></strong></span> 
     </span>
     <span class='ocr_line' id='line_1_21' title="bbox 347 2541 1400 2616; baseline -0.005 -20"><span class='ocrx_word' id='word_1_189' title='bbox 347 2544 374 2596; x_wconf 90' lang='lat' dir='ltr'><strong><em>in</em></strong></span> <span class='ocrx_word' id='word_1_190' title='bbox 393 2544 491 2595; x_wconf 89' lang='lat' dir='ltr'><strong><em>morbo</em></strong></span> <span class='ocrx_word' id='word_1_191' title='bbox 511 2562 565 2595; x_wconf 85' lang='lat' dir='ltr'><strong><em>esse</em></strong></span> <span class='ocrx_word' id='word_1_192' title='bbox 583 2543 706 2608; x_wconf 89' lang='lat' dir='ltr'><strong><em>aiebant,</em></strong></span> <span class='ocrx_word' id='word_1_193' title='bbox 735 2545 903 2616; x_wconf 85' lang='lat' dir='ltr'><strong><em>proindeque</em></strong></span> <span class='ocrx_word' id='word_1_194' title='bbox 932 2565 987 2598; x_wconf 89' lang='lat' dir='ltr'><strong><em>non</em></strong></span> <span class='ocrx_word' id='word_1_195' title='bbox 1007 2565 1093 2598; x_wconf 90' lang='lat' dir='ltr'><strong><em>sanos.</em></strong></span> <span class='ocrx_word' id='word_1_196' title='bbox 1140 2546 1241 2595; x_wconf 88' lang='lat' dir='ltr'><strong><em>Nomen</em></strong></span> <span class='ocrx_word' id='word_1_197' title='bbox 1264 2543 1332 2592; x_wconf 89' lang='lat' dir='ltr'><strong><em>enim</em></strong></span> <span class='ocrx_word' id='word_1_198' title='bbox 1357 2541 1400 2591; x_wconf 88' lang='lat' dir='ltr'><strong><em>in·</em></strong></span> 
     </span>
     <span class='ocr_line' id='line_1_22' title="bbox 347 2629 1400 2703; baseline -0.008 -19"><span class='ocrx_word' id='word_1_199' title='bbox 347 2633 441 2684; x_wconf 83' lang='lat' dir='ltr'><strong><em>suniae</em></strong></span> <span class='ocrx_word' id='word_1_200' title='bbox 462 2632 563 2703; x_wconf 89' lang='lat' dir='ltr'><strong><em>(inquit</em></strong></span> <span class='ocrx_word' id='word_1_201' title='bbox 582 2629 678 2684; x_wconf 89' lang='lat' dir='ltr'><strong><em>Cicero</em></strong></span> <span class='ocrx_word' id='word_1_202' title='bbox 698 2631 725 2683; x_wconf 91' lang='lat' dir='ltr'><strong><em>in</em></strong></span> <span class='ocrx_word' id='word_1_203' title='bbox 745 2631 854 2685; x_wconf 88' lang='lat' dir='ltr'><strong><em>Tuscul.</em></strong></span> <span class='ocrx_word' id='word_1_204' title='bbox 874 2635 898 2686; x_wconf 80' lang='lat'><strong><em>3.</em></strong></span> <span class='ocrx_word' id='word_1_205' title='bbox 923 2651 982 2703; x_wconf 90' lang='lat' dir='ltr'><strong><em>cap.</em></strong></span> <span class='ocrx_word' id='word_1_206' title='bbox 999 2632 1040 2700; x_wconf 83' lang='lat'><strong><em>4.)</em></strong></span> <span class='ocrx_word' id='word_1_207' title='bbox 1066 2631 1206 2703; x_wconf 79' lang='lat' dir='ltr'><strong><em>significat</em></strong></span> <span class='ocrx_word' id='word_1_208' title='bbox 1231 2629 1327 2679; x_wconf 88' lang='lat' dir='ltr'><strong><em>mentis</em></strong></span> <span class='ocrx_word' id='word_1_209' title='bbox 1352 2644 1400 2676; x_wconf 85' lang='lat' dir='ltr'><strong><em>ae-</em></strong></span> 
     </span>
     <span class='ocr_line' id='line_1_23' title="bbox 346 2715 1400 2791; baseline -0.006 -20"><span class='ocrx_word' id='word_1_210' title='bbox 346 2719 526 2791; x_wconf 83' lang='lat' dir='ltr'><strong><em>grotationem</em></strong></span> <span class='ocrx_word' id='word_1_211' title='bbox 544 2729 569 2770; x_wconf 87' lang='lat' dir='ltr'><strong><em>et</em></strong></span> <span class='ocrx_word' id='word_1_212' title='bbox 589 2715 721 2783; x_wconf 88' lang='lat' dir='ltr'><strong><em>morbum,</em></strong></span> <span class='ocrx_word' id='word_1_213' title='bbox 746 2719 776 2770; x_wconf 86' lang='lat' dir='ltr'><strong><em>id</em></strong></span> <span class='ocrx_word' id='word_1_214' title='bbox 792 2731 849 2785; x_wconf 85' lang='lat' dir='ltr'><strong><em>est,</em></strong></span> <span class='ocrx_word' id='word_1_215' title='bbox 878 2720 1055 2772; x_wconf 88' lang='lat' dir='ltr'><strong><em>insanitatem</em></strong></span> <span class='ocrx_word' id='word_1_216' title='bbox 1073 2730 1100 2771; x_wconf 86' lang='lat' dir='ltr'><strong><em>et</em></strong></span> <span class='ocrx_word' id='word_1_217' title='bbox 1117 2729 1257 2791; x_wconf 83' lang='lat' dir='ltr'><strong><em>aegrotum</em></strong></span> <span class='ocrx_word' id='word_1_218' title='bbox 1275 2716 1400 2777; x_wconf 83' lang='lat' dir='ltr'><strong><em>animum,</em></strong></span> 
     </span>
     <span class='ocr_line' id='line_1_24' title="bbox 348 2804 1400 2878; baseline -0.006 -19"><span class='ocrx_word' id='word_1_219' title='bbox 348 2827 429 2877; x_wconf 84' lang='lat' dir='ltr'><strong><em>quam</em></strong></span> <span class='ocrx_word' id='word_1_220' title='bbox 448 2807 623 2876; x_wconf 86' lang='lat' dir='ltr'><strong><em>appellarunt</em></strong></span> <span class='ocrx_word' id='word_1_221' title='bbox 648 2809 791 2860; x_wconf 87' lang='lat' dir='ltr'><strong><em>insaniam.</em></strong></span> <span class='ocrx_word' id='word_1_222' title='bbox 839 2812 934 2860; x_wconf 86' lang='lat' dir='ltr'><strong><em>Omnes</em></strong></span> <span class='ocrx_word' id='word_1_223' title='bbox 961 2820 1052 2860; x_wconf 85' lang='lat' dir='ltr'><strong><em>autem</em></strong></span> <span class='ocrx_word' id='word_1_224' title='bbox 1074 2807 1291 2878; x_wconf 75' lang='lat' dir='ltr'><strong><em>perturbationes</em></strong></span> <span class='ocrx_word' id='word_1_225' title='bbox 1316 2804 1400 2856; x_wconf 91' lang='lat' dir='ltr'><strong><em>animi</em></strong></span> 
     </span>
     <span class='ocr_line' id='line_1_25' title="bbox 348 2893 1399 2969; baseline -0.002 -23"><span class='ocrx_word' id='word_1_226' title='bbox 348 2894 449 2947; x_wconf 84' lang='lat' dir='ltr'><strong><em>morbos</em></strong></span> <span class='ocrx_word' id='word_1_227' title='bbox 476 2895 629 2964; x_wconf 79' lang='lat' dir='ltr'><strong><em>philosophi</em></strong></span> <span class='ocrx_word' id='word_1_228' title='bbox 657 2896 814 2965; x_wconf 66' lang='lat' dir='ltr'><strong><em>appellenis</em></strong></span> <span class='ocrx_word' id='word_1_229' title='bbox 846 2907 1000 2969; x_wconf 81' lang='lat' dir='ltr'><strong><em>negantque</em></strong></span> <span class='ocrx_word' id='word_1_230' title='bbox 1024 2898 1141 2950; x_wconf 88' lang='lat' dir='ltr'><strong><em>stultum</em></strong></span> <span class='ocrx_word' id='word_1_231' title='bbox 1170 2911 1328 2968; x_wconf 77' lang='lat' dir='ltr'><strong><em>quemquam</em></strong></span> <span class='ocrx_word' id='word_1_232' title='bbox 1356 2893 1399 2944; x_wconf 86' lang='lat' dir='ltr'><strong><em>lris</em></strong></span> 
     </span>
     <span class='ocr_line' id='line_1_26' title="bbox 347 2983 718 3038; baseline 0.011 -4"><span class='ocrx_word' id='word_1_233' title='bbox 347 2984 443 3036; x_wconf 88' lang='lat' dir='ltr'><strong><em>morbis</em></strong></span> <span class='ocrx_word' id='word_1_234' title='bbox 461 2987 587 3036; x_wconf 76' lang='lat' dir='ltr'><strong><em>uacare.“</em></strong></span> <span class='ocrx_word' id='word_1_235' title='bbox 622 2983 644 3035; x_wconf 87' lang='lat' dir='ltr'>F</span> <span class='ocrx_word' id='word_1_236' title='bbox 650 3004 718 3038; x_wconf 91' lang='lat' dir='ltr'><strong><em>acc.</em></strong></span> 
     </span>
    </p>

    <p class='ocr_par' dir='ltr' id='par_1_6' title="bbox 346 3070 1400 3672">
     <span class='ocr_line' id='line_1_27' title="bbox 416 3070 1400 3145; baseline -0.002 -22"><span class='ocrx_word' id='word_1_237' title='bbox 416 3074 476 3142; x_wconf 85' lang='lat' dir='ltr'><strong><em>Ego</em></strong></span> <span class='ocrx_word' id='word_1_238' title='bbox 495 3090 556 3124; x_wconf 81' lang='lat' dir='ltr'><strong><em>vero</em></strong></span> <span class='ocrx_word' id='word_1_239' title='bbox 574 3072 612 3138; x_wconf 87' lang='lat' dir='ltr'><strong><em>te]</em></strong></span> <span class='ocrx_word' id='word_1_240' title='bbox 649 3070 699 3137; x_wconf 92' lang='lat' dir='ltr'><strong><em>„ln</em></strong></span> <span class='ocrx_word' id='word_1_241' title='bbox 719 3071 843 3125; x_wconf 89' lang='lat' dir='ltr'><strong><em>Clodium</em></strong></span> <span class='ocrx_word' id='word_1_242' title='bbox 863 3073 1004 3128; x_wconf 85' lang='lat' dir='ltr'><strong><em>invehitur.</em></strong></span> <span class='ocrx_word' id='word_1_243' title='bbox 1047 3072 1235 3145; x_wconf 89' lang='lat' dir='ltr'><strong><em>Propositione</em></strong></span> <span class='ocrx_word' id='word_1_244' title='bbox 1262 3089 1354 3142; x_wconf 86' lang='lat' dir='ltr'><strong><em>aspera</em></strong></span> <span class='ocrx_word' id='word_1_245' title='bbox 1374 3080 1400 3121; x_wconf 87' lang='lat' dir='ltr'><strong><em>et</em></strong></span> 
     </span>
     <span class='ocr_line' id='line_1_28' title="bbox 346 3158 1398 3231; baseline -0.003 -19"><span class='ocrx_word' id='word_1_246' title='bbox 346 3159 494 3212; x_wconf 86' lang='lat' dir='ltr'><strong><em>vehementi</em></strong></span> <span class='ocrx_word' id='word_1_247' title='bbox 522 3159 649 3231; x_wconf 88' lang='lat' dir='ltr'><strong><em>irrumpit</em></strong></span> <span class='ocrx_word' id='word_1_248' title='bbox 671 3161 699 3212; x_wconf 90' lang='lat' dir='ltr'><strong><em>in</em></strong></span> <span class='ocrx_word' id='word_1_249' title='bbox 730 3161 800 3214; x_wconf 88' lang='lat' dir='ltr'><strong><em>hanc</em></strong></span> <span class='ocrx_word' id='word_1_250' title='bbox 826 3182 933 3215; x_wconf 89' lang='lat' dir='ltr'><strong><em>causam</em></strong></span> <span class='ocrx_word' id='word_1_251' title='bbox 961 3163 1018 3215; x_wconf 91' lang='lat' dir='ltr'><strong><em>sine</em></strong></span> <span class='ocrx_word' id='word_1_252' title='bbox 1045 3162 1179 3214; x_wconf 81' lang='lat' dir='ltr'><strong><em>exordio.“</em></strong></span> <span class='ocrx_word' id='word_1_253' title='bbox 1212 3158 1286 3213; x_wconf 78' lang='lat' dir='ltr'><strong><em>Ald.</em></strong></span> <span class='ocrx_word' id='word_1_254' title='bbox 1311 3158 1398 3210; x_wconf 86' lang='lat' dir='ltr'><strong><em>Man.</em></strong></span> 
     </span>
     <span class='ocr_line' id='line_1_29' title="bbox 347 3246 1399 3321; baseline -0.006 -19"><span class='ocrx_word' id='word_1_255' title='bbox 347 3248 452 3315; x_wconf 87' lang='lat' dir='ltr'><strong><em>„Clodii</em></strong></span> <span class='ocrx_word' id='word_1_256' title='bbox 472 3247 592 3317; x_wconf 80' lang='lat' dir='ltr'><strong><em>exemplo</em></strong></span> <span class='ocrx_word' id='word_1_257' title='bbox 612 3260 726 3302; x_wconf 86' lang='lat' dir='ltr'><strong><em>conatur</em></strong></span> <span class='ocrx_word' id='word_1_258' title='bbox 738 3251 877 3303; x_wconf 87' lang='lat' dir='ltr'><strong><em>ostendere</em></strong></span> <span class='ocrx_word' id='word_1_259' title='bbox 897 3251 1018 3303; x_wconf 87' lang='lat' dir='ltr'><strong><em>homines</em></strong></span> <span class='ocrx_word' id='word_1_260' title='bbox 1046 3250 1186 3321; x_wconf 87' lang='lat' dir='ltr'><strong><em>improbos</em></strong></span> <span class='ocrx_word' id='word_1_261' title='bbox 1214 3259 1239 3300; x_wconf 90' lang='lat' dir='ltr'><strong><em>et</em></strong></span> <span class='ocrx_word' id='word_1_262' title='bbox 1258 3246 1399 3300; x_wconf 87' lang='lat' dir='ltr'><strong><em>sceleratos</em></strong></span> 
     </span>
     <span class='ocr_line' id='line_1_30' title="bbox 346 3334 1399 3408; baseline -0.003 -21"><span class='ocrx_word' id='word_1_263' title='bbox 346 3336 471 3389; x_wconf 86' lang='lat' dir='ltr'><strong><em>insanire.</em></strong></span> <span class='ocrx_word' id='word_1_264' title='bbox 507 3336 624 3390; x_wconf 82' lang='lat' dir='ltr'><strong><em>Multum</em></strong></span> <span class='ocrx_word' id='word_1_265' title='bbox 643 3349 731 3391; x_wconf 90' lang='lat' dir='ltr'><strong><em>autern</em></strong></span> <span class='ocrx_word' id='word_1_266' title='bbox 750 3338 846 3404; x_wconf 74' lang='lat' dir='ltr'><strong><em>reffert,</em></strong></span> <span class='ocrx_word' id='word_1_267' title='bbox 868 3339 987 3391; x_wconf 88' lang='lat' dir='ltr'><strong><em>insaniae</em></strong></span> <span class='ocrx_word' id='word_1_268' title='bbox 1005 3357 1106 3390; x_wconf 86' lang='lat' dir='ltr'><strong><em>nornen</em></strong></span> <span class='ocrx_word' id='word_1_269' title='bbox 1126 3335 1263 3408; x_wconf 89' lang='lat' dir='ltr'><strong><em>quomodo</em></strong></span> <span class='ocrx_word' id='word_1_270' title='bbox 1282 3334 1399 3403; x_wconf 87' lang='lat' dir='ltr'><strong><em>accipia-</em></strong></span> 
     </span>
     <span class='ocr_line' id='line_1_31' title="bbox 346 3420 1398 3492; baseline -0.006 -15"><span class='ocrx_word' id='word_1_271' title='bbox 346 3434 397 3477; x_wconf 91' lang='lat' dir='ltr'><strong><em>tur.</em></strong></span> <span class='ocrx_word' id='word_1_272' title='bbox 434 3422 551 3477; x_wconf 87' lang='lat' dir='ltr'><strong><em>Stultitia</em></strong></span> <span class='ocrx_word' id='word_1_273' title='bbox 571 3436 642 3478; x_wconf 89' lang='lat' dir='ltr'><strong><em>certe</em></strong></span> <span class='ocrx_word' id='word_1_274' title='bbox 661 3426 744 3478; x_wconf 88' lang='lat' dir='ltr'><strong><em>animi</em></strong></span> <span class='ocrx_word' id='word_1_275' title='bbox 762 3427 873 3479; x_wconf 87' lang='lat' dir='ltr'><strong><em>morbus</em></strong></span> <span class='ocrx_word' id='word_1_276' title='bbox 892 3438 943 3492; x_wconf 86' lang='lat' dir='ltr'><strong><em>est,</em></strong></span> <span class='ocrx_word' id='word_1_277' title='bbox 970 3437 1000 3480; x_wconf 93' lang='lat' dir='ltr'><strong><em>ut</em></strong></span> <span class='ocrx_word' id='word_1_278' title='bbox 1018 3425 1135 3490; x_wconf 88' lang='lat' dir='ltr'><strong><em>insania,</em></strong></span> <span class='ocrx_word' id='word_1_279' title='bbox 1164 3423 1209 3476; x_wconf 86' lang='lat' dir='ltr'><strong><em>sed</em></strong></span> <span class='ocrx_word' id='word_1_280' title='bbox 1234 3420 1325 3491; x_wconf 87' lang='lat' dir='ltr'><strong><em>paullo</em></strong></span> <span class='ocrx_word' id='word_1_281' title='bbox 1355 3440 1398 3472; x_wconf 90' lang='lat' dir='ltr'><strong><em>re-</em></strong></span> 
     </span>
     <span class='ocr_line' id='line_1_32' title="bbox 347 3509 1398 3587; baseline -0.002 -24"><span class='ocrx_word' id='word_1_282' title='bbox 347 3510 458 3564; x_wconf 87' lang='lat' dir='ltr'><strong><em>missior.</em></strong></span> <span class='ocrx_word' id='word_1_283' title='bbox 524 3512 669 3583; x_wconf 73' lang='lat' dir='ltr'><strong><em>Eleganter</em></strong></span> <span class='ocrx_word' id='word_1_284' title='bbox 703 3514 839 3568; x_wconf 87' lang='lat' dir='ltr'><strong><em>stultitiam</em></strong></span> <span class='ocrx_word' id='word_1_285' title='bbox 871 3516 943 3587; x_wconf 90' lang='lat' dir='ltr'><strong><em>apud</em></strong></span> <span class='ocrx_word' id='word_1_286' title='bbox 976 3512 1139 3585; x_wconf 89' lang='lat' dir='ltr'><strong><em>Sophoclem</em></strong></span> <span class='ocrx_word' id='word_1_287' title='bbox 1175 3509 1300 3563; x_wconf 83' lang='lat' dir='ltr'><strong><em>describit</em></strong></span> <span class='ocrx_word' id='word_1_288' title='bbox 1334 3509 1398 3562; x_wconf 78' lang='lat' dir='ltr'><strong><em>Aiax</em></strong></span> 
     </span>
     <span class='ocr_line' id='line_1_33' title="bbox 347 3600 665 3672; baseline 0.003 -19"><span class='ocrx_word' id='word_1_289' title='bbox 347 3602 409 3666; x_wconf 78' lang='lat'><strong>[550</strong></span> <span class='ocrx_word' id='word_1_290' title='bbox 428 3621 468 3672; x_wconf 88' lang='lat' dir='ltr'><strong><em>sq.</em></strong></span> <span class='ocrx_word' id='word_1_291' title='bbox 485 3600 533 3653; x_wconf 82' lang='lat' dir='ltr'><strong><em>Ed.</em></strong></span> <span class='ocrx_word' id='word_1_292' title='bbox 548 3601 665 3670; x_wconf 90' lang='lat' dir='ltr'><strong><em>llerm.]:</em></strong></span> 
     </span>
    </p>

    <p class='ocr_par' dir='ltr' id='par_1_7' title="bbox 458 3687 1126 3762">
     <span class='ocr_line' id='line_1_34' title="bbox 458 3687 1126 3762; baseline 0.006 -23"><span class='ocrx_word' id='word_1_293' title='bbox 458 3693 484 3740; x_wconf 81' lang='grc' dir='ltr'><strong><em>ἓν</em></strong></span> <span class='ocrx_word' id='word_1_294' title='bbox 503 3692 540 3757; x_wconf 79' lang='grc' dir='ltr'><strong><em>τῷ</em></strong></span> <span class='ocrx_word' id='word_1_295' title='bbox 558 3703 659 3759; x_wconf 75' lang='grc' dir='ltr'><em>φρονεῖν</em></span> <span class='ocrx_word' id='word_1_296' title='bbox 677 3688 727 3761; x_wconf 71' lang='lat' dir='ltr'><strong><em>peip</em></strong></span> <span class='ocrx_word' id='word_1_297' title='bbox 746 3696 836 3761; x_wconf 67' lang='grc' dir='ltr'><strong><em>μηδὲν,</em></strong></span> <span class='ocrx_word' id='word_1_298' title='bbox 860 3687 968 3762; x_wconf 65' lang='grc' dir='ltr'><strong><em>ἥδιστος</em></strong></span> <span class='ocrx_word' id='word_1_299' title='bbox 987 3696 1060 3757; x_wconf 82' lang='grc' dir='ltr'><em>βίος·</em></span> <span class='ocrx_word' id='word_1_300' title='bbox 1123 3701 1126 3706; x_wconf 81' lang='grc'><strong>’</strong></span> 
     </span>
    </p>

    <p class='ocr_par' dir='ltr' id='par_1_8' title="bbox 343 3774 1398 4552">
     <span class='ocr_line' id='line_1_35' title="bbox 460 3774 1083 3849; baseline 0.013 -22"><span class='ocrx_word' id='word_1_301' title='bbox 460 3774 490 3828; x_wconf 79' lang='lat' dir='ltr'><strong><em>ri</em></strong></span> <span class='ocrx_word' id='word_1_302' title='bbox 509 3774 546 3845; x_wconf 73' lang='grc' dir='ltr'><em>μή</em></span> <span class='ocrx_word' id='word_1_303' title='bbox 565 3791 665 3848; x_wconf 75' lang='grc' dir='ltr'><em>φρονεῖν</em></span> <span class='ocrx_word' id='word_1_304' title='bbox 683 3777 733 3849; x_wconf 77' lang='lat' dir='ltr'><strong><em>peip</em></strong></span> <span class='ocrx_word' id='word_1_305' title='bbox 755 3776 829 3849; x_wconf 77' lang='grc' dir='ltr'><strong><em>κάρτ’</em></strong></span> <span class='ocrx_word' id='word_1_306' title='bbox 846 3776 978 3831; x_wconf 73' lang='grc' dir='ltr'><em>ἀνώδυνον</em></span> <span class='ocrx_word' id='word_1_307' title='bbox 996 3779 1083 3834; x_wconf 78' lang='grc' dir='ltr'><strong><em>κακόν.</em></strong></span> 
     </span>
     <span class='ocr_line' id='line_1_36' title="bbox 344 3857 1398 3936; baseline -0.007 -17"><span class='ocrx_word' id='word_1_308' title='bbox 344 3866 481 3920; x_wconf 87' lang='lat' dir='ltr'><strong><em>Platonica</em></strong></span> <span class='ocrx_word' id='word_1_309' title='bbox 501 3866 610 3936; x_wconf 88' lang='lat' dir='ltr'><strong><em>quidem</em></strong></span> <span class='ocrx_word' id='word_1_310' title='bbox 629 3867 759 3921; x_wconf 87' lang='lat' dir='ltr'><strong><em>definitio:</em></strong></span> <span class='ocrx_word' id='word_1_311' title='bbox 779 3872 871 3921; x_wconf 78' lang='grc' dir='ltr'><em>Μανία</em></span> <span class='ocrx_word' id='word_1_312' title='bbox 889 3868 939 3925; x_wconf 69' lang='grc' dir='ltr'><strong><em>ἕξις</em></strong></span> <span class='ocrx_word' id='word_1_313' title='bbox 955 3858 1091 3936; x_wconf 53' lang='lat' dir='ltr'><strong><em>adaptem*</em></strong></span> <span class='ocrx_word' id='word_1_314' title='bbox 1110 3863 1228 3933; x_wconf 65' lang='grc' dir='ltr'><strong><em>α’ληθοιῗς</em></strong></span> <span class='ocrx_word' id='word_1_315' title='bbox 1246 3857 1398 3930; x_wconf 73' lang='grc' dir='ltr'><strong><em>ιῗοιολὴψεως</em></strong></span> 
     </span>
     <span class='ocr_line' id='line_1_37' title="bbox 344 3949 1394 4026; baseline -0.004 -21"><span class='ocrx_word' id='word_1_316' title='bbox 344 3954 401 4022; x_wconf 78' lang='lat' dir='ltr'><strong><em>[Est</em></strong></span> <span class='ocrx_word' id='word_1_317' title='bbox 420 3955 447 4006; x_wconf 91' lang='lat' dir='ltr'><strong><em>in</em></strong></span> <span class='ocrx_word' id='word_1_318' title='bbox 467 3952 558 4006; x_wconf 88' lang='lat' dir='ltr'><strong><em>libello</em></strong></span> <span class='ocrx_word' id='word_1_319' title='bbox 578 3955 672 4008; x_wconf 86' lang='lat' dir='ltr'><strong><em>incerti</em></strong></span> <span class='ocrx_word' id='word_1_320' title='bbox 691 3957 809 4009; x_wconf 88' lang='lat' dir='ltr'><strong><em>auctoris</em></strong></span> <span class='ocrx_word' id='word_1_321' title='bbox 827 3957 860 4010; x_wconf 88' lang='lat' dir='ltr'><strong><em>ad</em></strong></span> <span class='ocrx_word' id='word_1_322' title='bbox 880 3956 982 4010; x_wconf 87' lang='lat' dir='ltr'><strong><em>calcem</em></strong></span> <span class='ocrx_word' id='word_1_323' title='bbox 1001 3954 1075 4026; x_wconf 94' lang='lat' dir='ltr'><strong><em>Opp.</em></strong></span> <span class='ocrx_word' id='word_1_324' title='bbox 1094 3953 1162 4005; x_wconf 89' lang='lat' dir='ltr'><strong><em>Plat.</em></strong></span> <span class='ocrx_word' id='word_1_325' title='bbox 1183 3972 1208 4023; x_wconf 94' lang='lat' dir='ltr'><strong><em>p.</em></strong></span> <span class='ocrx_word' id='word_1_326' title='bbox 1221 3954 1284 4004; x_wconf 84' lang='grc'><strong>416.</strong></span> <span class='ocrx_word' id='word_1_327' title='bbox 1303 3949 1394 4020; x_wconf 88' lang='lat' dir='ltr'><strong><em>Steph.</em></strong></span> 
     </span>
     <span class='ocr_line' id='line_1_38' title="bbox 344 4038 1396 4113; baseline -0.004 -19"><span class='ocrx_word' id='word_1_328' title='bbox 344 4060 368 4111; x_wconf 90' lang='lat' dir='ltr'><strong><em>p.</em></strong></span> <span class='ocrx_word' id='word_1_329' title='bbox 388 4045 449 4095; x_wconf 65' lang='lat'><strong><em>574.</em></strong></span> <span class='ocrx_word' id='word_1_330' title='bbox 471 4039 552 4097; x_wconf 78' lang='lat' dir='ltr'><strong><em>Belrlr.</em></strong></span> <span class='ocrx_word' id='word_1_331' title='bbox 571 4043 641 4095; x_wconf 91' lang='lat' dir='ltr'><strong><em>Part.</em></strong></span> <span class='ocrx_word' id='word_1_332' title='bbox 660 4042 706 4098; x_wconf 92' lang='lat' dir='ltr'><strong><em>Ill.</em></strong></span> <span class='ocrx_word' id='word_1_333' title='bbox 724 4045 783 4097; x_wconf 90' lang='lat' dir='ltr'><strong><em>Vol.</em></strong></span> <span class='ocrx_word' id='word_1_334' title='bbox 799 4045 854 4113; x_wconf 92' lang='lat' dir='ltr'><strong><em>lll.]</em></strong></span> <span class='ocrx_word' id='word_1_335' title='bbox 883 4047 915 4098; x_wconf 87' lang='lat' dir='ltr'><strong><em>ab</em></strong></span> <span class='ocrx_word' id='word_1_336' title='bbox 935 4048 989 4098; x_wconf 85' lang='lat' dir='ltr'><strong><em>hoc</em></strong></span> <span class='ocrx_word' id='word_1_337' title='bbox 1006 4042 1145 4096; x_wconf 82' lang='lat' dir='ltr'><strong><em>Paradoxo</em></strong></span> <span class='ocrx_word' id='word_1_338' title='bbox 1174 4060 1228 4092; x_wconf 88' lang='lat' dir='ltr'><strong><em>non</em></strong></span> <span class='ocrx_word' id='word_1_339' title='bbox 1257 4038 1396 4090; x_wconf 86' lang='lat' dir='ltr'><strong><em>abhorret:</em></strong></span> 
     </span>
     <span class='ocr_line' id='line_1_39' title="bbox 343 4125 1396 4203; baseline -0.007 -22"><span class='ocrx_word' id='word_1_340' title='bbox 343 4130 388 4182; x_wconf 91' lang='lat' dir='ltr'><strong><em>etsi</em></strong></span> <span class='ocrx_word' id='word_1_341' title='bbox 408 4149 458 4200; x_wconf 89' lang='lat' dir='ltr'><strong><em>pro</em></strong></span> <span class='ocrx_word' id='word_1_342' title='bbox 479 4136 558 4190; x_wconf 82' lang='grc' dir='ltr'><em>μανία</em></span> <span class='ocrx_word' id='word_1_343' title='bbox 578 4131 688 4184; x_wconf 84' lang='lat' dir='ltr'><strong><em>sortasse</em></strong></span> <span class='ocrx_word' id='word_1_344' title='bbox 706 4131 851 4203; x_wconf 82' lang='lat' dir='ltr'><strong><em>legendum</em></strong></span> <span class='ocrx_word' id='word_1_345' title='bbox 870 4136 985 4203; x_wconf 76' lang='grc' dir='ltr'><strong><em>μωρία.“</em></strong></span> <span class='ocrx_word' id='word_1_346' title='bbox 1004 4131 1037 4183; x_wconf 87' lang='grc' dir='ltr'><strong><em>Η.</em></strong></span> <span class='ocrx_word' id='word_1_347' title='bbox 1056 4128 1162 4181; x_wconf 83' lang='lat' dir='ltr'><strong><em>Wolf.</em></strong></span> <span class='ocrx_word' id='word_1_348' title='bbox 1199 4125 1333 4194; x_wconf 85' lang='lat' dir='ltr'><strong><em>„Elegans</em></strong></span> <span class='ocrx_word' id='word_1_349' title='bbox 1352 4144 1396 4174; x_wconf 81' lang='lat' dir='ltr'><strong><em>ex-</em></strong></span> 
     </span>
     <span class='ocr_line' id='line_1_40' title="bbox 344 4211 1398 4291; baseline -0.005 -24"><span class='ocrx_word' id='word_1_350' title='bbox 344 4216 587 4271; x_wconf 88' lang='lat' dir='ltr'><strong><em>ordiumesubito</em></strong></span> <span class='ocrx_word' id='word_1_351' title='bbox 607 4211 751 4290; x_wconf 89' lang='lat' dir='ltr'><strong><em>sumptum.</em></strong></span> <span class='ocrx_word' id='word_1_352' title='bbox 797 4224 856 4291; x_wconf 84' lang='lat' dir='ltr'><strong><em>Ego</em></strong></span> <span class='ocrx_word' id='word_1_353' title='bbox 877 4241 937 4272; x_wconf 85' lang='lat' dir='ltr'><strong><em>vero</em></strong></span> <span class='ocrx_word' id='word_1_354' title='bbox 956 4241 1001 4272; x_wconf 79' lang='lat' dir='ltr'><strong><em>-z</em></strong></span> <span class='ocrx_word' id='word_1_355' title='bbox 1032 4218 1122 4290; x_wconf 90' lang='lat' dir='ltr'><strong><em>prouti</em></strong></span> <span class='ocrx_word' id='word_1_356' title='bbox 1142 4215 1270 4288; x_wconf 86' lang='lat' dir='ltr'><strong><em>quasdam</em></strong></span> <span class='ocrx_word' id='word_1_357' title='bbox 1290 4211 1398 4282; x_wconf 86' lang='lat' dir='ltr'><strong><em>Episto-</em></strong></span> 
     </span>
     <span class='ocr_line' id='line_1_41' title="bbox 344 4302 1397 4379; baseline -0.008 -22"><span class='ocrx_word' id='word_1_358' title='bbox 344 4305 381 4358; x_wconf 84' lang='lat' dir='ltr'><strong><em>las</em></strong></span> <span class='ocrx_word' id='word_1_359' title='bbox 407 4326 485 4359; x_wconf 87' lang='lat' dir='ltr'><strong><em>orsus</em></strong></span> <span class='ocrx_word' id='word_1_360' title='bbox 517 4310 580 4359; x_wconf 86' lang='lat' dir='ltr'><strong><em>est.“</em></strong></span> <span class='ocrx_word' id='word_1_361' title='bbox 613 4309 795 4378; x_wconf 83' lang='lat' dir='ltr'><strong><em>Wyttenls.</em></strong></span> <span class='ocrx_word' id='word_1_362' title='bbox 839 4309 885 4361; x_wconf 89' lang='lat' dir='ltr'><strong><em>Sic</em></strong></span> <span class='ocrx_word' id='word_1_363' title='bbox 917 4309 1000 4379; x_wconf 86' lang='lat' dir='ltr'><strong><em>Epist.</em></strong></span> <span class='ocrx_word' id='word_1_364' title='bbox 1030 4308 1063 4359; x_wconf 89' lang='lat' dir='ltr'><strong><em>ad</em></strong></span> <span class='ocrx_word' id='word_1_365' title='bbox 1088 4306 1191 4358; x_wconf 88' lang='lat' dir='ltr'><strong><em>Famm.</em></strong></span> <span class='ocrx_word' id='word_1_366' title='bbox 1212 4303 1257 4366; x_wconf 87' lang='lat' dir='ltr'><strong><em>lV,</em></strong></span> <span class='ocrx_word' id='word_1_367' title='bbox 1278 4303 1306 4353; x_wconf 79' lang='lat' dir='ltr'><strong><em>a:</em></strong></span> <span class='ocrx_word' id='word_1_368' title='bbox 1338 4302 1397 4367; x_wconf 83' lang='lat' dir='ltr'><strong><em>Ego</em></strong></span> 
     </span>
     <span class='ocr_line' id='line_1_42' title="bbox 345 4390 1395 4467; baseline -0.003 -23"><span class='ocrx_word' id='word_1_369' title='bbox 345 4412 403 4445; x_wconf 79' lang='lat' dir='ltr'><strong><em>vera</em></strong></span> <span class='ocrx_word' id='word_1_370' title='bbox 422 4425 458 4433; x_wconf 92' lang='lat'><em>-</em></span> <span class='ocrx_word' id='word_1_371' title='bbox 477 4395 570 4446; x_wconf 82' lang='lat' dir='ltr'><strong><em>vellem</em></strong></span> <span class='ocrx_word' id='word_1_372' title='bbox 589 4426 622 4434; x_wconf 87' lang='lat'>—</span> <span class='ocrx_word' id='word_1_373' title='bbox 642 4396 786 4464; x_wconf 82' lang='lat' dir='ltr'><strong><em>affuisses,¹</em></strong></span> <span class='ocrx_word' id='word_1_374' title='bbox 807 4398 864 4463; x_wconf 93' lang='lat' dir='ltr'><strong><em>Vll,</em></strong></span> <span class='ocrx_word' id='word_1_375' title='bbox 884 4400 931 4452; x_wconf 76' lang='lat'><strong><em>30:</em></strong></span> <span class='ocrx_word' id='word_1_376' title='bbox 955 4400 1013 4467; x_wconf 81' lang='lat' dir='ltr'><strong><em>Ego</em></strong></span> <span class='ocrx_word' id='word_1_377' title='bbox 1032 4395 1164 4448; x_wconf 79' lang='lat' dir='ltr'><strong><em>veroium</em></strong></span> <span class='ocrx_word' id='word_1_378' title='bbox 1184 4403 1209 4443; x_wconf 87' lang='lat' dir='ltr'><strong><em>te</em></strong></span> <span class='ocrx_word' id='word_1_379' title='bbox 1229 4409 1275 4443; x_wconf 87' lang='lat' dir='ltr'><strong><em>nec</em></strong></span> <span class='ocrx_word' id='word_1_380' title='bbox 1293 4390 1395 4456; x_wconf 83' lang='lat' dir='ltr'><strong><em>liortar,</em></strong></span> 
     </span>
     <span class='ocr_line' id='line_1_43' title="bbox 345 4481 1195 4552; baseline 0.006 -23"><span class='ocrx_word' id='word_1_381' title='bbox 345 4498 390 4531; x_wconf 87' lang='lat' dir='ltr'><strong><em>nec</em></strong></span> <span class='ocrx_word' id='word_1_382' title='bbox 409 4502 482 4552; x_wconf 81' lang='lat' dir='ltr'><strong><em>roga.</em></strong></span> <span class='ocrx_word' id='word_1_383' title='bbox 521 4481 549 4532; x_wconf 80' lang='lat' dir='ltr'><strong><em>bl</em></strong></span> <span class='ocrx_word' id='word_1_384' title='bbox 557 4503 578 4536; x_wconf 84' lang='lat' dir='ltr'><strong><em>r.</em></strong></span> <span class='ocrx_word' id='word_1_385' title='bbox 1191 4493 1195 4500; x_wconf 91' lang='lat'>&#39;</span> 
     </span>
    </p>
   </div>
   <div class='ocr_carea' id='block_1_4' title="bbox 0 0 1764 5450">
    <p class='ocr_par' dir='ltr' id='par_1_9' title="bbox 0 0 1764 5450">
     <span class='ocr_line' id='line_1_44' title="bbox 0 0 1764 5450; baseline 0 2"><span class='ocrx_word' id='word_1_386' title='bbox 0 0 1764 5450; x_wconf 95' lang='lat' dir='ltr'><strong><em> </em></strong></span> 
     </span>
    </p>
   </div>
  </div>
 </body>
</html>
