3517 5450
354 684 379 754 4
686 705 857 752 mutuom
888 705 1080 754 srorcouuu.

358 891 396 921 rot
416 864 462 938 τήν
481 864 593 919 eiceretur
612 862 823 931 ἐπονομάζουσιν,
843 865 869 917 id
890 865 924 919 ita
943 863 1149 936 intelligendum
1165 874 1217 930 est,
1237 875 1268 918 ut
1286 866 1409 919 recorde-

357 975 419 1010 mur
436 953 612 1008 Plutarchum
631 953 659 1006 in
679 953 753 1006 libris
770 952 906 1018 omnihus,
926 971 995 1024 quos
1012 963 1105 1006 contra
1120 952 1227 1006 Stoicos
1244 953 1408 1024 coomnpsit,

357 1044 448 1097 animo
467 1041 558 1114 paullo
577 1041 709 1113 iniquiore
728 1041 761 1094 ad
781 1040 954 1095 scribendum
973 1041 1124 1107 accessisse,
1143 1039 1261 1112 indeque
1279 1040 1365 1094 multa
1382 1041 1410 1093 iis

357 1133 515 1197 obtrusisse,
536 1148 653 1202 quorum
674 1129 840 1184 contrarium
859 1129 1019 1183 statuebant.
1037 1127 1096 1182 ΜΓ.

429 1218 477 1270 Aa
492 1221 532 1270 M.
553 1217 681 1284 Brutum]
708 1216 767 1282 ,„M.
787 1216 879 1269 lunius
898 1215 997 1269 Brutus
1019 1235 1048 1269 ex
1067 1215 1229 1269 nobilissima
1249 1215 1350 1268 familia
1368 1215 1408 1267 lu·

358 1309 402 1362 nia
420 1307 502 1361 Bruta
521 1305 667 1370 oriundus,
685 1324 701 1357 e
720 1324 773 1375 qua
792 1303 924 1358 exstiterat
942 1304 1069 1376 antiquus
1086 1303 1130 1358 ille
1148 1304 1177 1357 L.
1195 1303 1287 1357 lunius
1305 1303 1408 1366 Brutus,

358 1395 403 1467 qui
422 1392 601 1466 Tarquinium
618 1390 774 1462 Superbum
793 1410 884 1460 regem
904 1390 1048 1463 expulerat.
1083 1391 1133 1445 iiie
1153 1401 1259 1457 autem,
1277 1391 1313 1443 ad
1332 1409 1407 1462 quem

357 1482 453 1536 Cicero
472 1480 538 1534 haec
555 1479 691 1532 Paradoxa
710 1478 822 1551 scripsit,
839 1478 911 1532 idem
932 1490 978 1544 est,
998 1479 1044 1551 qui
1059 1490 1149 1552 postea
1162 1499 1224 1532 cum
1236 1475 1330 1532 Cassio
1343 1477 1408 1531 aliis-

358 1588 411 1642 que
426 1568 550 1621 adversus
563 1565 705 1620 Caesarem
720 1567 877 1636 coniuravit,
894 1587 1012 1640 eumque
1026 1569 1053 1621 in
1067 1568 1141 1622 curia
1155 1567 1297 1622 interiecit.
1333 1567 1408 1620 Tunc

358 1678 452 1714 recens
467 1656 570 1711 Galliae
585 1655 737 1727 Cisalpinae
756 1677 770 1709 a
788 1655 903 1710 Caesare
922 1658 1073 1730 praefectus
1090 1669 1155 1712 erat.
1191 1656 1233 1709 Ad
1252 1656 1327 1709 huuc
1344 1655 1408 1708 Bra-

357 1758 414 1803 tum
435 1745 531 1799 Cicero
549 1743 703 1815 complures
727 1745 831 1816 scripsit
856 1745 954 1812 libros,
978 1747 1021 1799 dev
1037 1743 1203 1818 philosophia
1221 1744 1332 1816 quidem
1353 1743 1407 1796 hos:

358 1834 391 1888 de
410 1833 509 1887 Natura
528 1833 668 1896 Deorum,
691 1832 724 1885 de
744 1831 855 1885 Finibus
872 1833 1013 1887 Bonorum
1032 1845 1059 1888 et
1076 1832 1228 1899 Malorum,
1247 1830 1408 1903 Disputatio·

358 1940 406 1975 nes
423 1920 605 1985 Tusculanam
624 1918 771 1974 rhetoricos
790 1931 879 1974 autem
898 1921 1022 1989 Brutum,
1039 1921 1185 1976 Oratorem
1204 1932 1230 1975 et
1247 1920 1315 1974 haec
1332 1922 1408 1974 Para-

358 2011 432 2064 doxa.
469 2009 529 2062 Vita
547 2008 604 2061 eius
622 2018 703 2063 exstat
724 2009 875 2081 conscripta
900 2030 915 2063 a
941 2010 1086 2065 Plutarcho
1110 2012 1181 2064 inter
1198 2010 1273 2062 Vitas
1295 2006 1408 2062 Paralle-

358 2099 422 2153 las.“
444 2097 548 2168 Wytt.
583 2095 681 2151 Cicero
706 2096 739 2150 de
757 2097 843 2151 Bruto
869 2098 934 2170 qnid
958 2099 1084 2164 senserit,
1112 2097 1269 2169 significarit
1286 2097 1366 2150 etiam
1383 2093 1406 2145 in

357 2185 475 2259 Epistola
490 2184 523 2236 ad
540 2183 578 2237 Μ.
592 2182 725 2250 Coelium,
745 2184 867 2238 Aedilem
887 2187 1010 2240 curulem
1027 2187 1074 2258 (ad
1087 2185 1190 2240 Famm.
1204 2186 1234 2238 ΙΙ.
1247 2185 1322 2254 13.);
1339 2189 1406 2237 Bru·

358 2286 417 2328 tum
435 2293 453 2325 a
472 2292 511 2343 me
529 2273 616 2324 umori
633 2271 774 2343 intelligis.
809 2273 885 2342 Quid
895 2284 938 2325 est
952 2293 1059 2340 causae,
1076 2294 1127 2327 cur
1144 2275 1209 2326 milti
1221 2293 1275 2326 riori
1287 2275 1319 2324 irs
1333 2281 1406 2342 optue

358 2366 395 2418 tis
413 2365 450 2416 sit
467 2361 603 2430 complecti
621 2361 749 2412 homiuem
760 2361 905 2429 florentem
923 2372 1023 2428 aetate,
1041 2362 1144 2433 opibus,
1159 2360 1315 2424 horroribus,
1338 2360 1405 2429 ingr-

358 2453 411 2516 nio,
428 2449 526 2513 liberis,
541 2448 707 2519 propinquis,
725 2446 861 2516 affinibus,
879 2450 989 2502 crucis:
1008 2451 1138 2524 collegam
1150 2469 1235 2503 nuum
1244 2448 1406 2519 praesertim,

357 2549 385 2590 et
409 2538 437 2590 in
462 2537 522 2608 ipso
546 2535 652 2606 collegii
678 2535 760 2587 laude
784 2545 812 2587 et
837 2538 952 2590 scientia
969 2538 1121 2592 studiosum
1139 2538 1212 2591 mei?
1247 2537 1282 2592 Et
1301 2537 1330 2591 in
1347 2535 1405 2608 Epi-

357 2626 423 2680 stola
442 2624 475 2679 ad
486 2623 661 2678 *Dolabellam
679 2621 797 2693 (Famm.
816 2626 865 2692 lX,
883 2625 958 2694 tt.):
974 2630 1081 2698 Semper
1097 2628 1201 2686 umori,
1229 2637 1262 2678 rit
1280 2627 1349 2685 sciri
1369 2629 1404 2678 M.

358 2718 484 2778 Brutum,
499 2722 611 2783 propter
627 2711 685 2764 eius
703 2730 835 2763 summum
853 2713 998 2785 ingenium,
1016 2715 1190 2768 suavissimos
1208 2734 1302 2781 mores,
1319 2715 1403 2788 singu-

357 2803 441 2854 iurem
461 2799 624 2871 probitatem
648 2808 732 2870 atque
757 2801 946 2853 constantiam.
983 2801 1111 2856 Ceterum
1129 2803 1230 2856 Brutus
1247 2802 1359 2857 vicissim
1375 2801 1403 2855 ad

358 2889 518 2944 Ciceronem
537 2886 641 2958 scripsit
657 2883 756 2939 librum
775 2887 809 2940 de
827 2888 948 2955 Virtute,
971 2890 1048 2944 cuius
1064 2890 1196 2944 nonnulla
1214 2893 1345 2964 excerpsit
1360 2890 1403 2943 Se·

356 2996 425 3033 neca
443 2973 553 3030 Consol.
572 2974 604 3027 ad
623 2973 750 3041 Helviam,
770 2978 795 3029 o.
830 2975 910 3030 Corsi
929 2976 986 3033 Cic
1005 2978 1105 3033 Acadd.
1123 2979 1143 3047 l,
1158 2982 1183 3034 3.
1220 2979 1305 3049 Quod
1323 2991 1402 3034 autem

357 3062 582 3137 Wyttenhachius
605 3081 686 3134 supra
712 3062 831 3117 libellum
851 3076 972 3119 nostrum
991 3068 1018 3120 in
1038 3066 1178 3122 rhetoricis
1195 3069 1301 3139 posuit,
1324 3070 1402 3122 miuus

358 3163 482 3207 accurate
501 3150 571 3205 dixit.
607 3149 795 3205 Concedamus
814 3153 847 3219 ei,
867 3172 923 3207 non
943 3154 976 3208 ad
993 3153 1177 3228 philosopham
1190 3157 1324 3212 rationem
1336 3175 1401 3213 corn-

356 3240 474 3314 positum
494 3257 549 3294 esse
565 3239 638 3294 huuc
656 3239 857 3294 Paradoxorum
874 3241 1004 3310 libellum,
1025 3243 1072 3297 sed
1091 3244 1205 3297 iormam
1225 3257 1252 3300 et
1269 3245 1400 3300 consilium

357 3328 502 3384 oratoriam
522 3327 612 3402 potius
629 3339 713 3382 artem
733 3346 797 3399 prae
815 3348 842 3382 se
861 3328 942 3398 serre,
963 3331 1123 3403 singulaque
1140 3332 1279 3386 Paradoxa
1295 3332 1400 3406 singular

357 3436 412 3473 esse
430 3416 636 3472 declamationes
654 3415 843 3488 orationesque
864 3437 927 3471 eum
946 3419 974 3473 iu
992 3420 1076 3473 finem
1094 3421 1267 3491 compositas,
1288 3433 1318 3476 ut
1336 3416 1399 3493 quasi

355 3506 474 3559 oratorio
489 3504 606 3577 quodam
620 3504 742 3573 artificio,
761 3506 836 3561 utin
853 3505 991 3561 rhetorum
1010 3507 1106 3563 scholis
1121 3509 1209 3575 fiebat,
1229 3508 1405 3582 philosophiae·

355 3591 462 3645 decreta
484 3610 532 3663 per
551 3590 732 3663 eloquentiam
751 3593 784 3646 ad
804 3613 977 3650 communem
1001 3610 1109 3669 captum
1129 3598 1348 3654 accommodatae
1368 3595 1397 3648 ri·

356 3679 486 3743 deantur,
516 3697 570 3750 quo
597 3678 630 3730 ad
659 3679 818 3751 popularem
847 3703 954 3738 sensum
982 3685 1117 3758 fidemque
1144 3685 1395 3740 commendarentur.

356 3763 461 3834 Quodsi
479 3764 562 3837 igitur
577 3764 741 3821 rhetoricum
758 3768 858 3823 librum
875 3791 936 3825 eum
953 3774 1057 3841 dixeris,
1075 3774 1104 3828 iu
1120 3793 1175 3846 quo
1189 3772 1254 3827 artis
1267 3782 1395 3846 praecepta

355 3853 513 3916 traduntur,
542 3852 689 3908 rhetoricus
707 3875 763 3909 non
782 3868 834 3912 est:
863 3860 908 3913 sed
928 3862 948 3914 si
967 3881 1028 3915 eum
1048 3880 1158 3935 quoque
1175 3860 1276 3915 librum
1294 3858 1395 3915 rhetori·

357 3957 419 3995 cum
438 3940 527 3995 dicere
545 3941 624 4009 libet,
650 3943 696 4015 qui
721 3945 871 4018 exemplum
896 3950 959 4002 artis
983 3948 1132 4004 rhetoricae
1155 3949 1189 4002 ad
1214 3948 1290 4004 locos
1307 3951 1394 4021 aliquot

356 4047 385 4084 ex
403 4027 570 4101 philosophia
590 4030 765 4102 depromptos
782 4038 1002 4092 accommodatae
1024 4038 1142 4103 exhibet,
1166 4056 1221 4108 quo
1240 4040 1330 4092 minus
1345 4034 1394 4089 rte

355 4117 455 4172 toricus
474 4117 578 4172 dicatur
595 4119 795 4174 Paradoxorum
814 4123 934 4192 libellus,
955 4125 1019 4180 nihil
1038 4126 1165 4199 impedio.
1182 4125 1243 4179 ΜΓ.

425 4207 625 4273 Animadverti,
643 4210 750 4277 Brute‚]
769 4209 915 4278 „Quatuor
931 4214 994 4267 libri
1013 4214 1074 4267 Aldi
1093 4213 1207 4285 Manptii
1226 4213 1344 4285 Nepotis,
1357 4202 1393 4279 qul

356 4292 505 4348 octodecim
525 4291 638 4348 Codices
656 4295 784 4363 contulit,
812 4300 1023 4353 animadvorti.“
1055 4299 1181 4355 Gernh.
1201 4331 1236 4339 —
1266 4302 1392 4373 Legitur

357 4382 442 4431 Brute
460 4381 488 4433 in
506 4379 574 4435 Cod.
593 4381 707 4455 Guelph.
726 4382 811 4453 (Gud.
829 4388 912 4456 tto).
950 4390 1033 4444 Abest
1050 4409 1130 4459 saepe
1147 4389 1180 4442 ab
1200 4388 1252 4442 Ox.
1267 4409 1291 4442 o.
1332 4381 1393 4440 Scri·

356 4463 428 4519 bitur
446 4488 505 4539 sepe
523 4471 550 4523 in
570 4471 614 4525 Cr.
633 4475 673 4540 l.,
703 4472 730 4526 iu
749 4474 844 4529 eodem
863 4486 889 4530 et
908 4474 953 4530 Cr.
972 4482 995 4530 ².
1016 4479 1168 4533 cottonem.
1206 4476 1303 4531 Monet
1320 4471 1391 4541 Wytl«
