3517 5450
663 739 856 788 rtnsnoxon
886 742 929 789 ιι.
960 743 1030 789 ιιι.
1048 743 1083 789 ιι.
1333 718 1406 795 197

350 902 406 954 Cra.
425 901 451 957 1.
470 899 553 954 Drsd.
571 903 596 952 ².
616 898 694 954 Suer.
723 910 775 952 tua
794 919 871 952 vero
890 902 954 956 sica.
1004 902 1094 957 Verba
1118 913 1183 955 ante
1205 904 1330 955 senatum
1356 905 1404 958 de·

349 992 408 1041 suist
428 985 457 1040 in
477 987 558 1041 Drsd.
576 991 608 1050 43
641 988 793 1059 sequentia,
819 997 868 1038 tua
893 990 951 1046 sica
970 990 1133 1062 deprehensa
1151 999 1205 1055 est,
1231 991 1259 1043 in
1274 990 1359 1045 'Drsd.
1377 996 1402 1046 d.

349 1074 377 1128 la
397 1072 470 1127 Gud.
490 1075 523 1127 A.
545 1086 584 1129 est
599 1075 687 1144 sicea,
711 1074 738 1127 in
757 1073 809 1128 Ox.
825 1091 855 1136 ψ.
879 1076 964 1138 silias
990 1066 1047 1132 tum
1065 1077 1137 1132 Gud.
1157 1077 1188 1131 B.
1212 1097 1254 1149 ap
1260 1081 1403 1148 prehensa.

348 1163 374 1216 in
401 1160 462 1215 Cre.
484 1168 510 1218 2.
536 1164 724 1233 reprehensa,
746 1162 778 1234 in
805 1160 864 1216 Cre.
881 1165 909 1218 8.
938 1165 1077 1236 depressa,
1111 1185 1141 1219 ee
1169 1185 1311 1239 perperam
1336 1166 1402 1221 lecta

346 1250 494 1323 scriptione
513 1250 651 1321 deprensa.
688 1249 796 1304 Suerin.
814 1269 957 1319 suspensa.
995 1253 1056 1307 Mc.

417 1341 496 1392 Ante
513 1349 638 1391 senatum
656 1340 719 1406 etc]
756 1339 845 1405 „Narn
865 1337 977 1394 Gladim
994 1343 1185 1396 subornaverat
1210 1361 1295 1395 unum
1314 1361 1329 1395 e
1346 1361 1403 1396 ser-

347 1429 384 1480 ris
400 1427 471 1494 suis,
496 1426 542 1498 qui
562 1445 623 1480 curn
652 1427 705 1481 sica
716 1432 785 1481 ‘ante
805 1439 928 1482 senatum
945 1429 1078 1502 Pompeio
1104 1430 1289 1486 insidiaretur:
1314 1449 1404 1486 servus

347 1513 548 1587 deprehensus,
578 1515 631 1568 sice
651 1515 707 1569 eie
727 1513 1052 1572 manibusestortaest.“
1082 1519 1186 1590 wyn.
1222 1519 1285 1573 Post
1309 1519 1403 1588 depre-

347 1601 433 1655 henso
451 1612 493 1654 est
513 1603 572 1657 Cra.
590 1607 615 1659 2.
634 1602 736 1675 pergit:
764 1604 799 1656 in
812 1604 900 1675 soro
924 1607 972 1678 qui
989 1607 1119 1659 hominem
1136 1605 1270 1660 occiderit.
1316 1606 1404 1660 Aber-

348 1701 452 1744 rarerat
470 1689 565 1744 oculus
591 1691 694 1744 scribae
712 1691 745 1744 ad
766 1691 887 1759 tertiam,
913 1693 1077 1765 posthanc,
1103 1695 1216 1749 lineam:
1246 1695 1292 1749 sed
1317 1696 1404 1749 anirn-

348 1776 461 1831 adverso
478 1794 573 1830 errore
590 1776 672 1831 horno
698 1778 777 1832 litura
801 1780 1000 1834 commaculare
1027 1781 1114 1835 noluit
1130 1781 1307 1853 scripturam.
1353 1782 1403 1836 Se·

349 1883 435 1937 quens
452 1876 484 1918 lu
504 1866 578 1920 abest
595 1867 628 1920 ab
648 1865 722 1931 Oen,
741 1876 848 1939 praeter
865 1867 907 1932 N,
924 1868 1066 1935 omnibus,
1084 1868 1203 1944 itemque
1221 1889 1237 1923 a
1256 1872 1314 1922 Cra.
1335 1872 1361 1925 1.
1378 1873 1403 1923 2.

348 1950 444 2006 Duiels.
471 1953 551 2008 Drsd.
571 1957 597 2008 1.
624 1953 665 2025 (in
691 1974 747 2026 quo
776 1956 856 2009 etiarn
887 1956 1014 2010 scribitur
1040 1956 1153 2023 occidit,
1187 1975 1237 2028 pro
1264 1958 1404 2022 occiderit)
1466 1971 1469 1976 ’

348 2043 429 2099 Drsd.
453 2047 477 2096 2.
498 2054 525 2098 el
542 2047 567 2098 5.
604 2042 634 2097 lu
653 2044 761 2112 Suesia.
790 2043 831 2112 (iu
854 2062 909 2115 quo
934 2043 998 2097 item
1025 2044 1153 2098 omissum
1179 2054 1218 2097 est
1236 2045 1282 2112 tu)
1306 2043 1404 2115 legitur
1435 2030 1437 2034 ¹

346 2133 479 2202 plurimos
497 2142 560 2184 aar
579 2133 709 2186 occidisti.
753 2129 825 2185 Gud.
844 2150 953 2203 quoque
973 2133 1051 2191 het
1071 2131 1101 2184 B.
1130 2131 1257 2185 omittunt
1275 2129 1340 2183 illud
1361 2141 1402 2186 tu»

348 2230 374 2273 et
390 2218 443 2274 Os.
463 2218 497 2274 U.
525 2218 605 2274 habet
621 2220 752 2289 plurimos
770 2230 887 2272 autem
906 2220 1035 2273 occidisti.
1083 2219 1277 2293 Suspicabatur
1300 2217 1403 2272 Gernlr.

348 2307 415 2362 illud
432 2318 467 2361 tu
485 2307 646 2362 eiiciendurn
666 2327 731 2375 esee,
750 2327 813 2363 curn
829 2309 858 2361 in
877 2308 917 2362 his
936 2308 1166 2363 enuntiationibus
1178 2327 1234 2375 non
1248 2317 1298 2359 tua
1315 2306 1403 2379 primo

348 2395 411 2450 loco
429 2396 549 2468 positum
570 2395 612 2463 sil,
631 2397 676 2451 sed
696 2396 777 2463 illud,
795 2397 824 2450 in
848 2416 904 2468 quo
923 2397 960 2450 ris
977 2398 1059 2451 inest:
1077 2407 1142 2449 ante
1159 2406 1284 2448 senatum
1302 2425 1338 2435 -
1356 2414 1403 2446 ae·

348 2486 609 2556 des,inforo.·ita
629 2484 760 2539 hocloco
780 2485 1071 2557 exspectariplurimos
1096 2484 1228 2536 occidisti·
1273 2481 1328 2536 Sed
1345 2480 1403 2534 fieri

348 2593 426 2646 posse
445 2573 536 2640 addit,
565 2585 594 2628 ut
617 2574 730 2628 voluerit
749 2574 845 2627 Cicero
865 2572 976 2624 nimiam
1000 2573 1154 2626 brevitatem
1173 2571 1256 2624 vitare
1273 2581 1299 2623 et
1319 2569 1404 2622 varie·

348 2664 395 2718 lati
413 2664 563 2719 consulere.
599 2665 698 2719 Abesse
717 2663 752 2716 sit
771 2673 802 2715 tu
821 2663 900 2715 etiam
920 2661 971 2716 Or.
989 2681 1003 2714 a
1023 2663 1077 2717 suis
1094 2662 1175 2716 Bern.
1193 2660 1252 2715 Bas.
1268 2671 1294 2714 et
1312 2659 1402 2714 Guelf.

349 2752 471 2825 itemque
489 2753 517 2806 in
536 2753 585 2806 Ed.
603 2772 661 2825 pro.
681 2756 760 2807 146⁵.
797 2751 856 2805 llllr.

420 2842 477 2913 Qui
492 2842 644 2895 incendium
655 2840 790 2913 feeerit?]
838 2840 1025 2906 „lucendiurn-
1039 2845 1204 2914 quamquam
1228 2842 1327 2896 dicitur
1345 2858 1403 2894 sae·

348 2931 424 3002 pius,
442 2931 560 2983 incensio
578 2941 667 2984 tamen
686 2931 714 2983 in
733 2948 763 2983 ea
784 2950 812 2984 re
832 2935 1030 3002 nonnunquam
1049 2930 1163 2997 dieitur,
1192 2941 1221 2983 ut
1236 2928 1265 2982 in
1283 2927 1334 2983 Or.
1353 2947 1404 3000 pro

348 3023 379 3077 P.
398 3019 476 3074 Sulla
496 3021 532 3089 [e.
551 3022 624 3089 1t]=
648 3021 854 3072 incensione
872 3018 978 3085 urbem,
1001 3019 1180 3071 internecione
1205 3018 1289 3082 ciues,
1316 3016 1405 3068 erasti·

348 3120 410 3162 eare
427 3109 558 3175 Italiam,
574 3109 688 3161 interitu
707 3127 762 3161 rem
775 3107 913 3177 publicam
929 3108 1060 3161 h'lleraui:
1079 3118 1105 3161 el
1121 3107 1192 3161 libro
1210 3104 1403 3160 invectivarum

348 3198 377 3251 in
391 3196 542 3251 Catilinam
561 3196 640 3251 lertio
660 3197 695 3265 [c.
708 3198 760 3265 4.]:
787 3198 841 3266 Qui
859 3207 928 3249 esset
947 3196 1065 3249 decimus
1082 3213 1172 3247 annue
1186 3203 1251 3265 post
1269 3194 1405 3265 virginum

349 3285 560 3351 ahsolutionem,
577 3290 639 3355 poet
659 3285 786 3354 Capitolii
804 3284 1040 3337 incensionem
1059 3282 1207 3337 vicesimus.
1244 3281 1286 3333 Ab
1306 3281 1402 3335 incen-

348 3374 394 3428 dio
411 3373 608 3426 incendiarium
626 3372 764 3444 Ulpianus
778 3371 893 3426 deflectit
912 3371 956 3424 titt.
977 3368 1093 3422 XLVlll.
1112 3367 1294 3438 Digestorum,
1313 3367 1346 3420 ad
1364 3367 1403 3419 le·

348 3481 411 3533 gem
429 3461 585 3517 corneliam
609 3462 642 3516 de
660 3460 784 3519 Sicaniier
812 3459 843 3511 Si
868 3460 944 3531 quis,
968 3456 1070 3528 inquit,
1099 3455 1159 3507 dolo
1186 3453 1257 3505 malo
1280 3454 1401 3505 insulam

348 3569 434 3603 meam
456 3552 605 3616 exusserit,
629 3550 727 3621 'capitis
745 3566 833 3620 poena
851 3548 1001 3619 plectetur,
1028 3544 1109 3617 quasi
1125 3540 1404 3595 incendiarius.“

348 3640 370 3692 F
378 3660 424 3695 rc.
445 3638 538 3711 sylv.
635 3689 637 3695 ,

421 3728 513 3780 Aedes
533 3728 720 3799 Nympharum
739 3754 772 3767 -·
791 3723 976 3796 deflagravit]
1013 3718 1220 3791 „Sisquinque
1256 3719 1404 3789 Dastagra-

348 3824 431 3881 runt,
450 3825 521 3869 octo.
557 3816 804 3885 Destagraverunt,
822 3814 887 3867 duo.
921 3810 1107 3882 Deflagrasti,
1127 3810 1208 3862 tres.“
1226 3806 1299 3860 Ald.
1316 3805 1403 3859 Man.

346 3901 429 3971 „MS.
449 3903 548 3955 aedis
566 3903 754 3973 Nympharum
772 3910 824 3954 lua
844 3911 965 3954 manue
983 3896 1173 3969 deflagravit.
1208 3893 1402 3949 EddetMSS.
1488 3970 1491 3976 ι

347 3990 489 4046 nonnulli:
517 3991 596 4044 aedes
616 3990 803 4060 Nympharum
821 4000 873 4041 tua
899 4006 981 4041 manu
1000 3986 1229 4057 deflagrarunt3
1259 3984 1294 4040 al.
1319 3985 1405 4053 desta-

348 4083 562 4150 grauerunt.“
581 4078 701 4133 Graer.
737 4080 818 4144 „Vet.
838 4079 884 4132 lib.
908 4076 1021 4131 Aedis
1045 4074 1235 4145 Nympharum
1259 4082 1312 4123 tua
1337 4088 1402 4123 ma-

348 4187 411 4219 nus
429 4167 621 4238 deflagravit.
657 4167 784 4222 Proiecto
798 4168 875 4239 sana
893 4166 1048 4238 deflagrata
1065 4172 1091 4216 et
1109 4161 1248 4231 imperium
1267 4160 1404 4229 deflagra-

348 4266 409 4308 tum
427 4255 492 4309 alibi
510 4254 582 4309 dixit.
617 4255 651 4310 Et
669 4258 767 4310 Caesar
783 4255 881 4310 Strabo
900 4254 1040 4318 oratione,
1068 4269 1121 4324 qua
1145 4247 1267 4321 Sulpicio
1289 4246 1337 4300 Tr.
1362 4246 1403 4299 Pl.

346 4342 501 4414 respondit:
520 4342 626 4396 Deinde
640 4345 803 4417 propinquos
821 4353 942 4409 nostras,
968 4341 1129 4406 Messallae,
1158 4338 1233 4390 denso
1251 4336 1405 4406 deflagrata

344 4449 443 4499 penore
461 4428 593 4484 volebatis
608 4419 752 4500 privarer(
766 4434 840 4487 Car.
860 4431 969 4503 hang..
1002 4428 1094 4498 Quem
1113 4426 1138 4482 b.
1151 4426 1168 4479 l.
1185 4424 1276 4478 laudat
1289 4421 1320 4477 C.
1333 4423 1405 4477 Lau·

347 4520 407 4591 gius
424 4521 457 4573 C.
474 4516 574 4574 lullum
593 4511 735 4577 Caesarem
755 4521 934 4587 Strabonem,
964 4538 1045 4591 quern
1070 4535 1125 4571 non
1145 4513 1226 4570 semel
1250 4513 1341 4572 laudet
1359 4513 1404 4567 Ci-
