3517 5450
402 1432 572 1507 INDEX
597 1423 927 1505 APPARATUS
954 1422 1159 1502 cntrlcl

761 1593 802 1638 to

577 1699 981 1786 PARADOXA.

678 1881 884 1894 ——uuu—

501 2062 522 2120 l.
567 2058 734 2121 GODlGES
757 2058 867 2118 MANU
891 2059 1064 2120 sentr'rt.

329 2201 351 2252 1.
389 2199 478 2252 Codex
498 2200 668 2251 Greuzeri
684 2200 796 2267 primus.
834 2199 996 2254 Chartaceus
1015 2209 1066 2266 est,
1085 2198 1172 2252 forma
1184 2197 1304 2262 maxima,

276 2285 327 2340 loliis
343 2287 436 2342 decem
456 2298 594 2354 constans,
618 2287 718 2355 seculi,
744 2301 774 2342 ut
801 2289 918 2356 videtur,
945 2288 1031 2360 quinti
1056 2286 1153 2363 decimi
1181 2286 1305 2340 ineuntis.

275 2369 318 2426 Non
335 2387 372 2430 est
388 2376 504 2446 integer:
534 2374 629 2429 desinit
648 2387 707 2447 post
726 2377 843 2430 medium
863 2377 1018 2430 Paradoxon
1038 2388 1138 2429 sextum
1157 2376 1184 2428 in
1202 2375 1304 2427 uerbis:

274 2460 350 2515 deme
372 2464 470 2526 silebo,
497 2463 528 2514 de
546 2474 580 2514 te
600 2463 713 2533 loquar,
741 2484 809 2535 quae
828 2476 890 2518 sunt
909 2463 975 2519 cll.
994 2484 1022 2534 p.
1034 2467 1095 2518 265.
1115 2461 1199 2514 Multa
1225 2460 1304 2516 habet

272 2546 406 2621 singularia.
441 2550 563 2604 Primum
582 2549 696 2617 scholia,
723 2562 749 2605 et
767 2551 937 2623 marginalia,
963 2571 1031 2623 quae
1056 2551 1165 2614 dicunt,
1193 2559 1218 2602 et
1238 2551 1306 2602 inter

272 2629 351 2705 lineas,
369 2657 422 2692 uec
440 2658 502 2710 vero
521 2638 667 2692 admodum
686 2637 779 2705 docta,
799 2659 995 2710 nonuunquam
1014 2649 1103 2691 tamen
1122 2637 1183 2691 ideo
1201 2656 1305 2689 memo·

272 2724 360 2794 rabilia,
380 2726 471 2799 quod,
491 2726 518 2789 si,
532 2747 584 2799 qua
603 2738 640 2781 est
659 2728 686 2779 in
707 2729 834 2782 contestis
851 2728 931 2783 lectio
954 2747 1032 2799 prava
1053 2726 1093 2780 vel
1109 2727 1207 2798 inep'ta,
1226 2745 1305 2798 supra

271 2806 350 2866 lineam
366 2814 474 2886 adpicta
493 2826 532 2868 est
549 2816 730 2887 interpretatio
745 2816 867 2871 lectionis
885 2818 994 2889 probae.
1029 2815 1089 2869 Non
1104 2815 1199 2869 desunt
1216 2826 1304 2870 tamen

270 2895 322 2967 loci,
346 2903 548 2973 quibusproba
567 2902 647 2956 lectio
675 2904 764 2976 inepte
784 2906 863 2977 plane
884 2905 1042 2975 explicatur,
1073 2905 1145 2975 iique
1171 2915 1232 2956 sunt
1250 2905 1306 2956 fre·

271 2990 422 3058 quentiores:
456 2988 572 3061 plurima
600 3002 688 3044 autem
716 3005 778 3047 sunt
802 2993 947 3060 eiusmodi,
975 3003 1003 3046 ut
1026 3012 1177 3063 synonyma
1202 3003 1304 3045 tantum

270 3076 385 3150 adscripta
405 3078 538 3149 reperias,
564 3078 603 3131 uel
623 3099 715 3146 voces,
735 3100 818 3152 quae,
844 3081 966 3135 consulto
994 3081 1106 3133 omissae
1134 3080 1304 3151 ascriptores,

269 3164 331 3219 larile
348 3165 538 3238 intelliguntur
557 3167 664 3220 nemine
682 3180 817 3221 monente.
855 3168 976 3222 Alterum
994 3168 1058 3222 illud
1076 3180 1130 3234 est,
1156 3167 1228 3239 quod
1248 3188 1303 3220 non

269 3250 372 3311 Graecae
392 3255 481 3309 solum
499 3256 686 3326 inscriptiones
705 3257 816 3310 omissae
835 3269 898 3310 sunt
916 3276 1023 3322 omnes,
1050 3255 1095 3309 sed
1115 3256 1209 3321 etiam,
1235 3274 1304 3326 quae

267 3339 287 3393 in
301 3345 428 3398 orationis
445 3345 512 3397 serie
522 3343 649 3415 leguntur
668 3364 752 3410 voces,
772 3346 872 3400 Latinis
888 3346 980 3399 litteris
992 3354 1111 3396 exaratae
1122 3345 1302 3413 reperiuntur,

268 3447 417 3503 quamquam
443 3431 556 3501 pessime
579 3430 691 3485 habitae.
736 3431 782 3485 Sic
808 3453 829 3485 v.
849 3451 871 3485 c.
898 3432 925 3484 in
943 3431 1113 3484 praefatione
1140 3450 1190 3501 pro
1210 3426 1304 3481 detrun*

267 3519 379 3590 scriptum
401 3532 441 3574 est
460 3520 603 3589 anticoya,
630 3539 709 3591 supra
739 3519 838 3572 lineam
860 3521 904 3573 vel
927 3521 1078 3585 tlrectiea,
1106 3530 1132 3572 et
1157 3518 1220 3570 huic
1245 3518 1302 3571 voci

266 3608 478 3678 superscriptum:
506 3611 634 3659 Graecum
652 3617 702 3662 est.
749 3607 875 3680 Denique
894 3608 1081 3679 inscriptiones
1098 3607 1206 3660 Latinae
1233 3627 1303 3660 non-

265 3708 392 3765 nunquam
419 3693 498 3765 plane
521 3704 583 3747 sunt
607 3694 769 3764 singulares:
796 3695 876 3748 veluti
901 3696 997 3749 Parad.
1017 3695 1056 3759 ll,
1081 3696 1126 3748 ubi
1146 3696 1245 3750 editur:
1269 3701 1303 3748 In

265 3797 305 3847 quo
321 3784 411 3835 virtus
429 3782 484 3847 sit,
502 3782 528 3832 ei
546 3782 616 3834 niti!
635 3783 723 3834 deesse
742 3783 780 3834 erl
798 3782 874 3834 beate
894 3785 1048 3850 vivendum,
1076 3783 1120 3837 bic
1138 3782 1205 3837 Cod.
1232 3782 1304 3837 exhi-

265 3865 309 3920 bet:
326 3871 441 3923 Dolnres
460 3889 511 3921 non
527 3888 583 3922 esse
596 3870 787 3940 formidandos
806 3872 1015 3926 dentonstratur.
1052 3870 1177 3925 Ceterum
1197 3894 1211 3926 e
1231 3875 1304 3928 bono

265 3955 353 4010 ridetur
370 3957 520 4027 descriptus
538 3957 622 4011 libro:
652 3978 729 4030 saepe
758 3978 820 4013 cum
846 3960 955 4032 optimis
980 3961 1058 4028 facit,
1089 3961 1229 4034 aliquoties
1247 3962 1303 4014 fere

266 4044 322 4098 solus
339 4046 371 4099 ad
391 4043 526 4098 veritatem
545 4046 656 4100 accedit.
699 4045 839 4120 Inscriptio
867 4060 918 4102 est:
952 4052 1040 4101 Marci
1069 4051 1144 4116 Tulij
1173 4054 1303 4103 Ciceronis

266 4132 406 4188 Paradene.

323 4227 347 4273 2.
385 4223 447 4277 cort.
478 4226 647 4275 Creuzeri
676 4228 815 4279 secundus.
869 4228 932 4281 ltem
960 4228 1129 4294 chartaceus,
1160 4226 1302 4299 quaternis.

267 4301 336 4361 llalet
362 4309 425 4361 lolia
446 4309 586 4364 undecim:
615 4313 717 4383 integer
736 4325 788 4378 est,
818 4316 867 4368 nisi
888 4316 960 4388 quod
988 4315 1128 4388 aliquoties
1146 4334 1247 4385 pauca,
1275 4315 1302 4367 in

268 4396 377 4451 contestis
397 4397 509 4463 omissa,
539 4399 565 4451 in
595 4402 715 4472 margine
741 4404 774 4455 ab
803 4404 852 4457 alia
881 4422 962 4457 manu
992 4404 1095 4475 adpicta
1122 4402 1303 4472 reperiuntur.

267 4476 389 4557 inscriptio
410 4500 462 4541 est:
495 4491 585 4539 Marci
612 4491 698 4558 Tulli)
727 4494 858 4545 Ciceronis
886 4493 950 4545 liber
971 4495 1001 4544 ‹tae
1022 4491 1174 4543 Paradoxr's
1192 4492 1302 4562 incipit:
