3517 5450
576 753 771 801 ravaooxou
792 753 821 801 v,
851 754 920 802 cae.
939 756 975 803 ιι.
1229 731 1303 806 239

252 916 316 967 tutis
331 914 421 965 iorum
439 922 545 978 renent,
574 916 631 966 Cra.
649 917 674 968 3.
694 913 835 966 servitutis
854 923 946 966 tenent
966 913 1066 978 locum,
1086 913 1158 967 Gud.
1171 915 1202 967 A.
1219 916 1304 968 lucum

252 1012 338 1053 tenent
359 1001 510 1052 servitutis.
549 1001 629 1053 Vides
648 1000 769 1054 homines
788 999 996 1069 Grammaticos,
1015 1003 1113 1072 quibus
1132 1002 1241 1075 simplex
1262 1024 1307 1056 vo·

251 1089 409 1143 cabuiorum
436 1088 503 1140 ordo
529 1087 694 1159 displicerem
725 1109 808 1161 quare
833 1091 865 1142 ad
892 1108 969 1142 suum
997 1091 1110 1161 quisque
1135 1102 1240 1162 captum
1269 1093 1306 1143 vei

251 1177 400 1249 elegantiae
420 1195 528 1230 sensum
549 1189 723 1231 correxerunt
742 1176 913 1231 Ciceronem.
949 1177 1007 1230 Mr.

296 1271 299 1275 ⁴
319 1285 469 1354 spargunt]
489 1283 583 1348 „set-ri,
595 1302 713 1355 quorum
726 1302 826 1337 munus
836 1295 874 1337 est
888 1284 915 1336 in
928 1302 1027 1355 magno
1036 1294 1109 1338 aestu
1122 1284 1307 1339 viridariorum

250 1370 299 1424 rias
318 1374 529 1442 conspergere.“
567 1369 663 1424 Face.

319 1476 365 1528 Sic
386 1478 415 1527 in
435 1477 560 1541 civitate,
579 1478 672 1550 quise
691 1507 724 1517 -
746 1477 905 1530 dediderunt
913 1479 932 1547 ,]
952 1477 1018 1533 cod.
1038 1478 1109 1532 Gud.
1129 1480 1161 1532 Α.
1180 1482 1211 1533 si
1218 1499 1231 1531 c
1250 1480 1309 1551 qni

249 1565 275 1616 in
294 1564 418 1619 civitate.
463 1563 531 1618 Cod.
553 1564 635 1619 Drsd.
659 1569 683 1619 5.
706 1582 734 1617 ee
758 1565 791 1617 in
809 1566 934 1620 istarum.
954 1597 988 1607 —
1030 1569 1232 1635 „Dediderunt‚
1259 1588 1309 1621 sex.

249 1653 391 1705 Desierunt
410 1663 545 1723 quattuor.
582 1653 696 1718 Dedere,
723 1671 801 1706 unus.
850 1654 1041 1722 crediderunt,
1061 1654 1124 1709 duo.
1168 1655 1308 1717 uenerint,

250 1759 328 1795 unus.
366 1740 538 1793 Dedidernnt
557 1742 619 1806 (Dii
638 1761 695 1813 sup.
710 1741 800 1809 add),
820 1760 900 1796 unus.
937 1743 1123 1807 militarunt,
1141 1763 1221 1796 unus.
1253 1747 1308 1794 De-

248 1826 338 1894 didev',
356 1848 435 1883 unus.
471 1833 615 1894 Deterunt‚
634 1849 712 1884 unus.
743 1830 876 1896 Deciinet,
895 1832 991 1884 unus.‘¹
1010 1829 1184 1884 Atdntan.
1221 1830 1311 1897 „Cori

249 1917 317 1971 Pith.
337 1918 498 1974 dederent.“
517 1900 639 1972 Graev.
687 1917 792 1972 Habent
821 1919 901 1973 etiam
926 1919 1055 1970 dederunt
1082 1919 1168 1972 codd.
1192 1917 1257 1972 Oxx.
1275 1921 1305 1972 E.

248 2006 278 2062 N.
299 2024 324 2062 σ.
363 2005 471 2060 Suerin.
490 2005 561 2059 Gud.
581 2006 612 2060 A.
633 2004 722 2061 Gueif.
743 2006 802 2063 Bas.
820 2006 880 2061 Cre.
900 2011 926 2064 t.
946 2006 1026 2061 Drsd.
1045 2009 1069 2061 t.
1089 2009 1114 2060 3.
1133 2010 1158 2060 5.
1194 2007 1225 2059 ln
1240 2005 1308 2059 Cod.

249 2094 307 2148 Cre.
327 2099 352 2149 ².
374 2105 413 2148 est
431 2095 560 2162 dederint,
580 2095 608 2148 in
628 2094 678 2149 Ox.
690 2113 719 2159 ψ.
738 2096 922 2149 tradiderunt.
959 2096 1100 2150 Dederunt
1117 2096 1305 2150 habentctiam

249 2180 317 2235 Edd·
337 2202 394 2254 prc.
412 2186 492 2237 1465.
510 2194 535 2237 et
553 2182 632 2237 ttdtb.
653 2204 671 2237 s
692 2184 708 2237 Ι.
727 2196 793 2239 eta.
830 2184 891 2239 Mr.

321 2307 409 2376 ipsius
427 2308 610 2374 civitatis]
649 2310 758 2377 „Ipsius
776 2308 989 2373 servitutis,
1009 2318 1068 2361 tres.
1105 2307 1227 2362 Fortasse
1247 2327 1302 2361 non

249 2397 346 2450 maie.“
366 2395 439 2448 ΑΜ.
458 2395 544 2449 Man.
579 2396 678 2462 „Mutii
697 2397 778 2451 MSS.
797 2406 860 2452 teste
885 2395 1006 2450 Suffrido
1034 2408 1060 2451 et
1077 2395 1201 2451 Manutio
1219 2397 1306 2467 ipsine

248 2484 461 2536 servitutis:
479 2484 552 2555 quod
572 2495 598 2537 et
617 2504 667 2555 pro
686 2484 758 2538 varie
777 2484 892 2539 lectione
909 2484 937 2537 in
956 2484 1104 2538 Pithoeano
1123 2485 1308 2557 conspicieba-

249 2583 299 2626 tur.
337 2569 410 2624 Nihil
431 2590 493 2625 vero
512 2572 610 2626 certius
628 2584 666 2625 est
684 2574 734 2627 hac
750 2573 891 2643 scriptura.
939 2569 1000 2625 Non
1029 2573 1181 2625 enimcum
1202 2571 1306 2624 civibus

249 2669 390 2733 comparat
409 2659 477 2713 viros
503 2659 606 2714 nobiles
629 2661 669 2714 his
695 2661 887 2734 cupiditatibus
912 2660 1030 2729 deditos,
1060 2660 1105 2712 sed
1131 2679 1193 2713 cum
1211 2660 1305 2712 servis.

249 2748 310 2799 Non
330 2746 428 2800 civium
450 2747 573 2814 ultimos,
597 2748 642 2803 sed
668 2769 807 2803 servornm
832 2749 941 2804 ultimos
967 2747 1028 2802 ilios
1051 2766 1106 2801 esse
1125 2745 1197 2801 dicit.
1240 2747 1305 2801 lndc

249 2835 311 2888 dixit
330 2835 359 2888 iu
379 2836 615 2907 praecedentibus:
630 2841 742 2904 Sumus,
761 2837 856 2909 inquit,
874 2838 1008 2907 principes
1028 2836 1165 2888 civitatis:
1186 2855 1232 2890 vos
1243 2856 1305 2887 vero

249 2943 280 2975 ne
298 2941 486 2976 conservorum
504 2923 609 2995 quidem
629 2935 778 2978 vestrorum
796 2924 930 2994 principes
948 2925 1022 2977 estis.
1068 2923 1102 2978 Et
1120 2924 1148 2978 in
1168 2924 1303 2997 sequenti-

250 3012 300 3065 bus
320 3011 431 3083 probat:
453 3013 601 3065 Mummios
620 3014 644 3065 si
665 3013 748 3066 talem
769 3014 894 3070 vidisset,
913 3023 1006 3064 utrum
1023 3012 1100 3064 illum
1119 3015 1200 3064 civem
1219 3013 1307 3064 exce!-

248 3100 363 3165 Ientem‚
383 3116 421 3150 an
435 3098 580 3152 atriensem
598 3101 752 3173 diligentem
768 3100 904 3171 putaret?
922 3100 1058 3156 Atrienses
1076 3121 1133 3155 non
1151 3113 1208 3155 erat
1226 3102 1302 3155 cives.

248 3186 281 3240 Et
299 3186 391 3260 paullo
411 3197 482 3259 post:
503 3191 541 3239 M>
561 3190 658 3241 Curius
677 3201 727 3243 etc.
767 3191 865 3243 Videat
884 3189 1004 3262 aliquem
1021 3190 1131 3241 summis
1145 3189 1242 3259 populi
1261 3188 1306 3240 be-

247 3274 352 3345 neficiis
372 3293 451 3327 usum
469 3285 519 3329 etc.
544 3294 629 3327 nonne
653 3277 726 3329 leuno
759 3277 889 3328 hominem
915 3276 957 3326 ito
984 3294 1090 3329 servum
1108 3278 1209 3327 indicet
1233 3278 1303 3345 (non

247 3362 363 3432 civem),
392 3372 474 3415 utne
499 3364 528 3416 in
547 3364 662 3434 familia
686 3363 791 3435 quidem
819 3364 930 3433 dignum
954 3363 1053 3414 maiore
1081 3362 1174 3433 aliquo
1197 3364 1304 3432 negotio

244 3452 348 3521 putet?
384 3450 455 3506 Nihil
485 3443 591 3504 certius.
634 3452 734 3503 Veram
760 3450 850 3521 itaque
873 3450 1032 3521 scripturam
1056 3447 1147 3501 Tuttio
1175 3446 1305 3501 reddidi.“

249 3537 433 3593 Graevius.
470 3539 614 3605 „Ciceroni
634 3538 804 3610 propositum
833 3537 1136 3602 eratostendere,.cos
1168 3555 1222 3588 non
1249 3556 1304 3589 esse

248 3630 387 3703 principes
405 3626 524 3681 civitatis.
559 3626 612 3680 Atti
624 3626 717 3699 legunt
735 3627 822 3697 ipsius
839 3627 934 3678 servi
941 3626 1050 3677 tutis:
1070 3642 1138 3695 quae
1153 3622 1232 3677 iectio
1248 3643 1302 3675 non

249 3729 324 3772 caret
342 3717 459 3770 ratione:
490 3720 634 3768 conservos
661 3715 733 3768 enim
753 3733 833 3785 supra
852 3714 968 3781 vocavit,
998 3712 1041 3766 hic
1060 3722 1148 3765 autem
1168 3730 1304 3763 servornm

248 3824 335 3878 paene
355 3804 463 3857 ultimos
481 3802 571 3857 facit.‘⁴
589 3803 611 3855 F
619 3820 685 3857 acc.

321 3908 409 3979 ipsius
427 3907 642 3975 servitutieL
660 3907 770 3981 „Vulgo
789 3917 827 3961 est
848 3907 986 3959 civitatis:
1006 3915 1033 3958 at
1050 3903 1126 3959 multi
1138 3903 1219 3958 MSS.
1239 3905 1302 3958 boni

247 3999 349 4053 habent
367 3997 524 4062 servitutis,
542 4006 573 4049 ut
589 4006 617 4049 et
630 3987 728 4050 Duisb.
767 3996 866 4067 'ltaque
886 3993 1015 4048 Graevius
1033 3991 1158 4047 Ciceroni
1183 3992 1303 4046 restituit.

246 4085 293 4139 Sic
312 4084 393 4138 habet
409 4084 489 4137 etiam
508 4083 557 4136 Ed.
577 4080 674 4136 Goion.
697 4085 765 4137 Ven.
785 4081 896 4135 Mediol.
926 4081 995 4135 Vict.
1015 4109 1049 4121 -
1095 4082 1223 4132 Civitatis
1247 4080 1304 4150 pri-

246 4193 324 4227 mum
343 4173 372 4225 in
391 4172 512 4225 Romana
531 4172 631 4225 editum
651 4182 698 4227 est.
736 4171 875 4224 Revocavit
897 4169 994 4223 Attus:
1015 4169 1086 4222 unde
1104 4168 1133 4221 in
1152 4166 1215 4220 alias
1234 4164 1302 4218 Edd.

246 4264 334 4328 venit,
353 4272 379 4314 et
398 4260 501 4332 vulgata
521 4258 600 4313 lectio
618 4245 688 4314 iacta
708 4262 772 4313 eet.“
791 4258 870 4311 Ern.
914 4258 978 4311 Post
1004 4256 1164 4318 Granium,
1192 4248 1301 4324 excepto

245 4349 418 4414 Facciolato‚
438 4366 517 4402 nemo
538 4348 640 4401 reduxit
656 4346 796 4401 lectionem
815 4347 945 4399 civitatis.
989 4344 1093 4397 Habent
1111 4352 1199 4394 autem
1217 4341 1301 4393 servi-

245 4440 331 4502 tutis,
352 4446 459 4508 praeter
477 4435 559 4490 libros
577 4426 610 4489 ait
631 4428 716 4501 nido,
741 4434 856 4488 Graetio
876 4445 902 4488 et
919 4433 1031 4486 Ernesto
1052 4429 1186 4496 laudatos,
1215 4428 1302 4483 codd.

245 4524 310 4578 On.
331 4525 363 4578 E.
381 4524 402 4576 Ι.
420 4522 452 4575 Ν.
470 4522 504 4575 U.
524 4542 546 4574 σ.
566 4525 623 4577 Cra.
643 4526 667 4578 3.
687 4522 793 4577 Suerin.
812 4541 898 4593 marg.
918 4519 977 4575 Cre.
995 4522 1019 4571 t.
1044 4516 1111 4571 Edd.
1137 4517 1203 4571 Dav.
1220 4516 1300 4572 Hdih.
