3517 5450
342 745 390 794 111
503 738 604 786 tttnttx
631 739 813 786 Apenninus
839 740 957 789 cntrtttt
986 741 1027 786 AD
1053 740 1236 787 eantooxt.

344 903 438 954 desunt
460 919 567 952 omnes:
591 899 654 952 item
675 901 768 954 Latina
787 899 916 954 Paradori
936 899 1014 953 tertii.
1051 900 1143 970 Neque
1163 900 1190 952 in
1209 898 1343 970 principio
1363 898 1394 949 li-

342 988 405 1042 belli
422 992 461 1041 ‘est
480 987 632 1059 inscriptio,
651 999 712 1041 aute
731 987 941 1059 praefationem:
969 987 997 1039 in
1016 987 1069 1040 stne
1088 998 1176 1042 autem
1195 997 1246 1039 est:
1273 984 1394 1053 Explicit

345 1076 471 1129 Tullus
499 1076 531 1126 cle
555 1077 703 1145 paradoxis
723 1077 837 1128 unimi.
880 1075 1002 1128 Fortasse
1030 1074 1081 1128 boc
1099 1076 1181 1126 uninri
1199 1085 1288 1126 ortum
1308 1083 1347 1125 est
1365 1093 1392 1124 ex

341 1183 405 1218 voce
424 1182 514 1228 umen,
534 1163 560 1216 in
572 1153 632 1234 'iqua
652 1174 762 1235 quartus
782 1162 938 1215 Dresdensis
957 1162 1065 1230 desinit,
1086 1180 1226 1232 perperam
1245 1161 1321 1213 lecta.

412 1254 524 1305 9-11.
562 1251 843 1303 CodicesGudiuni
861 1251 982 1304 trestei.
1000 1250 1031 1302 B.
1051 1248 1081 1302 C.
1123 1249 1157 1302 Et
1186 1268 1247 1301 eum
1274 1247 1392 1318 quidem,

342 1359 421 1411 quem
441 1338 590 1392 notavimus
607 1338 682 1392 litera
701 1339 749 1404 A„
779 1338 917 1409 descripsit
935 1337 967 1391 C.
979 1337 1161 1408 Heusingerus
1179 1337 1206 1389 in
1223 1336 1392 1388 praefatione

337 1426 386 1480 Ed.
407 1426 462 1481 Cic.
482 1426 515 1480 de
534 1426 590 1480 Otf.
609 1426 670 1481 mai.
690 1446 716 1497 p.
729 1442 892 1478 xvi-xvru.
912 1424 975 1495 (Ed.
986 1425 1094 1496 Zumpt.
1106 1445 1132 1496 p.
1145 1440 1187 1475 rou
1205 1429 1267 1495 sq).
1304 1410 1392 1474 Mem·

338 1515 486 1568 branaceus
504 1525 557 1581 est,
584 1515 727 1585 exscriptus
756 1514 826 1567 circa
846 1532 948 1566 annum
968 1515 1047 1567 1300.
1091 1513 1175 1565 Huius
1199 1513 1267 1565 duae
1292 1522 1392 1564 exstant

339 1601 494 1656 collationes
512 1603 582 1673 typis
602 1602 762 1673 descriptae;
781 1603 867 1672 prima
887 1601 956 1654 edita
977 1613 1015 1655 est
1033 1600 1060 1652 in
1081 1600 1114 1652 G.
1133 1599 1302 1653 Seebodii
1321 1599 1390 1653 Bibl.

339 1693 405 1746 Crit.
422 1689 567 1761 (Kritische
585 1690 654 1743 Bibl.
673 1691 691 1742 i.
710 1691 756 1744 das
774 1689 880 1744 Scbul-
893 1690 948 1742 und
967 1688 1234 1754 Unterricbtswesen,
1254 1690 1333 1741 1823.
1352 1686 1390 1753 8.)

338 1800 364 1850 p.
384 1783 552 1833 suo-805:
580 1779 662 1832 altera
688 1778 722 1830 ad
747 1778 846 1832 calcem
872 1778 948 1844 libri,
977 1778 1021 1849 qni
1050 1777 1215 1830 inscribitur:
1246 1780 1286 1828 M.
1307 1774 1392 1826 Tullii

339 1867 469 1919 Ciceronis
486 1865 635 1918 Paradoxa
655 1869 753 1917 Graece
773 1884 850 1918 verso
868 1877 895 1917 et
914 1866 1052 1935 explicata
1067 1865 1102 1916 cb
1122 1868 1159 1918 10.
1171 1866 1312 1926 Morisoto,
1330 1866 1389 1913 Mc·

338 1954 404 2007 (lico.
440 1954 583 2006 Accedunt
601 1955 696 2006 variae
714 1954 839 2006 lectiones
867 1954 981 2006 duorum
1007 1953 1130 2006 Codicum
1159 1949 1390 2021 Guelferbytanu-

337 2060 411 2104 rum,
429 2041 576 2093 Paradoxu
594 2042 801 2108 continentium,
818 2042 860 2096 ed.
878 2045 909 2096 G.
929 2045 960 2094 F.
980 2043 1019 2094 W
1018 2042 1112 2106 euseb,
1132 2040 1269 2092 Hulcnus.
1304 2039 1390 2106 (Halis

337 2128 487 2196 Saxonum,
509 2130 537 2182 in
557 2129 617 2182 libr.
637 2128 805 2200 Orphanotr.
824 2132 904 2182 1840.
923 2132 964 2196 8.)
1008 2128 1094 2180 Habet
1113 2127 1156 2181 bic
1175 2125 1262 2180 Codex
1283 2127 1310 2179 in
1330 2125 1388 2178 Gu-

337 2217 421 2270 dianis
439 2235 582 2269 numerum
602 2220 662 2269 150.
699 2217 903 2288 Nonnunquam
922 2217 1008 2269 verbis
1028 2214 1167 2269 Ciceronis
1193 2214 1400 2284 superscriptae.

335 2316 398 2357 sunt
416 2305 532 2376 glossae:
551 2303 640 2356 multis
658 2303 724 2357 locis
741 2307 873 2376 apparent
891 2304 1043 2376 scriptionis
1068 2301 1271 2374 (ὄρθογραφίας)
1296 2301 1389 2354 veteris

336 2393 458 2462 vestigia,
478 2411 532 2444 nou
552 2410 613 2444 raro
636 2410 712 2444 voces
730 2404 793 2446 sunt
811 2392 939 2459 omissae,
957 2410 1035 2464 saepe
1055 2393 1122 2444 ordo
1142 2392 1285 2446 verborum
1305 2388 1388 2443 avul-

336 2491 397 2550 gato
416 2480 524 2534 recedit.

407 2567 517 2625 Gunts.
534 2580 571 2622 est
586 2568 653 2622 alter
669 2589 771 2636 eorum,
792 2589 908 2641 quorum
928 2568 1034 2622 collatio
1045 2569 1112 2621 inest
1125 2569 1152 2620 in
1163 2569 1232 2621 libro
1251 2589 1265 2621 a
1285 2570 1386 2621 Wen·

335 2655 433 2709 sebio
446 2657 525 2710 edito.
553 2655 583 2709 ln
597 2657 727 2711 Gudianis
741 2658 819 2712 babet
831 2678 973 2712 numerum
987 2663 1014 2711 2.
1047 2657 1092 2709 ttte
1102 2659 1165 2727 (Α.)
1174 2658 1245 2729 apud
1257 2656 1386 2710 Ebertum

335 2755 440 2798 notatus
457 2756 496 2797 est
513 2744 544 2797 N.
563 2749 628 2809 2753
657 2746 699 2799 bic
718 2747 778 2816 (B.)
798 2748 830 2801 N.
851 2752 918 2814 272,
947 2758 1039 2817 estque
1062 2745 1143 2799 seculi
1161 2746 1232 2798 XlV.
1275 2744 1387 2816 Saepius

335 2831 445 2884 discedit
464 2851 478 2885 a
498 2831 613 2909 lectione
639 2833 845 2904 vulgata,‘raro
874 2846 963 2888 tamen
989 2834 1127 2886 meliorem
1155 2833 1272 2886 exbibet:
1301 2853 1385 2904 prope

335 2919 429 2986 finem,
462 2939 524 2973 cum
543 2919 645 2991 aliquot
663 2921 734 2986 aliisJ,
764 2922 909 2974 admodum
937 2922 1044 2975 disiecta
1072 2921 1151 2975 babet
1177 2922 1256 2973 rerba
1276 2920 1385 2973 Cicero&

336 3009 424 3062 niana.
467 3008 567 3062 Neuter
585 3008 682 3063 babere
702 3008 804 3062 ridetur
823 3010 940 3063 Graecas
963 3010 1164 3064 Paradororum
1190 3008 1385 3079 inscriptiones.

290 3106 299 3131 t
335 3096 364 3147 ln
384 3095 517 3166 principio
536 3096 633 3167 prioris
650 3097 778 3168 scriptum
797 3109 847 3152 est:
876 3097 957 3150 Liber
982 3098 1013 3147 de
1034 3098 1186 3149 Parodcxis
1204 3098 1295 3148 Marci
1316 3095 1387 3147 Tulli

336 3185 396 3252 [sic]
423 3186 553 3237 Ciceronis
559 3205 569 3246 ς
603 3185 769 3256 posterioris:
805 3190 844 3240 M.
873 3186 948 3237 tullii
978 3186 1109 3238 Ciceronis
1135 3186 1218 3254 incip*
1243 3183 1386 3253 paradoxa

335 3283 487 3327 stoicorum.

405 3366 557 3417 Cadianum
577 3364 607 3419 C.
626 3365 791 3439 appellamus
810 3388 871 3421 eum
899 3367 1019 3421 codicem
1038 3366 1292 3437 Guelferbytanum,
1312 3367 1385 3418 cuius

334 3453 481 3507 collationis
498 3454 634 3525 specimen
654 3456 805 3522 (Prooemii
825 3468 849 3510 et
867 3456 964 3510 Parad.
982 3456 1003 3510 l.
1022 3458 1168 3527 capituml
1188 3467 1214 3509 et
1232 3457 1271 3523 2.)
1292 3454 1323 3506 ad
1344 3474 1385 3505 me

333 3544 360 3594 in
381 3542 506 3613 epistola,
526 3543 586 3596 data
605 3543 749 3616 Gottingae
769 3545 795 3597 d.
814 3550 840 3599 5.
860 3565 895 3598 m.
915 3545 1058 3598 Decembr.
1078 3548 1165 3610 1810,
1190 3545 1336 3598 transmisit
1354 3543 1384 3594 F.

334 3627 368 3683 G.
388 3619 648 3696 Schneidewin,
668 3633 701 3683 V.
720 3630 775 3699 Cl.,
796 3652 870 3685 nunc
885 3633 1023 3685 Professor
1042 3631 1238 3703 Gottingeusis,
1259 3643 1338 3699 tunc,
1357 3643 1385 3684 ut

333 3717 435 3769 nomini
454 3718 622 3789 subscripsit,
641 3718 801 3791 philologiae
819 3720 965 3787 studiosus,
991 3721 1034 3774 cui
1054 3740 1104 3791 ego
1124 3724 1180 3773 viro
1199 3721 1280 3774 trium
1307 3722 1389 3776 etiam>

334 3801 466 3857 Codicum
491 3804 766 3877 Guelferbytanorum
791 3808 964 3875 collationes,
995 3808 1040 3880 qui
1059 3807 1158 3863 babent
1177 3810 1385 3879 Disputationes

335 3892 514 3959 Tusculanas,
533 3906 655 3966 acceptas
670 3896 758 3949 refero
774 3898 991 3951 accuratissimas.
1027 3897 1088 3950 Non
1099 3899 1217 3969 optimae
1227 3910 1306 3952 notae
1324 3918 1384 3951 eum

332 3978 431 4032 librum
451 3981 827 4039 diritScbneidewinus.
879 3985 942 4039 Non
960 3997 998 4040 est
1021 3982 1139 4057 integer?
1164 3985 1270 4038 initium
1299 3987 1384 4051 deest;

332 4069 379 4122 ubi
408 4068 516 4141 incipit,
545 4072 632 4125 statim
661 4073 746 4143 glossa
773 4073 911 4127 Ciceronis
939 4074 1025 4126 verbis
1050 4074 1151 4126 intrusa
1179 4086 1306 4145 apparet:
1342 4094 1386 4124 eo·

333 4177 383 4228 que
408 4158 464 4211 hos
489 4160 586 4212 locos
611 4163 707 4231 scripsi
734 4163 878 4219 lubentius.
930 4163 1155 4215 Membranaceus
1178 4174 1231 4228 est,
1263 4162 1291 4214 in
1312 4162 1384 4215 ltalia

332 4245 453 4316 scriptus.
488 4246 581 4302 Refert
598 4248 701 4304 Scbn.
724 4271 777 4304 esse
796 4251 894 4304 ibidem
921 4252 999 4306 etiam
1020 4262 1147 4323 quattuor
1164 4248 1242 4314 alios,
1262 4252 1384 4303 nondum

332 4331 454 4389 collatos:
479 4355 595 4408 quorum
615 4356 665 4408 ego
692 4339 845 4393 collationes
865 4361 917 4412 qua
937 4340 1040 4393 ratione
1061 4338 1124 4391 mibi
1145 4338 1280 4391 faciendas
1305 4358 1384 4391 cura-

332 4438 389 4473 rem
407 4421 474 4474 riam
491 4443 546 4478 non
574 4428 672 4496 reperi:
703 4428 775 4498 quod
798 4428 861 4483 item
889 4429 985 4483 accidit
1011 4428 1038 4481 in
1058 4427 1328 4494 Vindobonensibus,
1360 4418 1385 4480 et

333 4508 434 4581 aliquot
453 4510 518 4565 aliis.
