3517 5450
592 737 785 786 rantuoxon
814 737 862 782 ru.
896 736 965 785 cau.
984 740 1005 785 ι.
1255 716 1325 788 119

253 893 336 944 tat.
355 892 452 946 Sturm.
478 894 588 947 Lambb.
617 893 679 947 Car·
705 895 811 965 Steph.;
837 915 878 946 res
899 909 953 959 est,
980 909 1062 968 atque
1090 897 1116 949 in
1146 897 1193 950 Ed.
1220 899 1324 966 Herw.;

257 990 306 1030 est
338 999 387 1046 res,
404 990 435 1031 ot
453 980 481 1033 in
501 981 568 1034 Edd.
588 982 656 1036 Vict.
676 982 744 1034 Rob.
764 981 853 1052 Steph.
875 987 967 1046 Cam.;
985 985 1101 1056 denique
1122 985 1201 1056 piane
1217 1001 1256 1062 ‚ut
1275 1008 1324 1044 nos

259 1067 373 1119 habent
392 1067 459 1120 Eud.
479 1069 572 1125 Lamb.
593 1068 688 1123 colon.
709 1068 740 1121 H.
760 1069 846 1122 Wois.
867 1071 946 1141 Borg.
966 1071 1015 1124 Or.
1035 1083 1059 1124 et
1078 1073 1202 1144 (excepto
1221 1077 1325 1148 inquis)

260 1154 401 1225 reliquae.
438 1156 569 1211 Dedimus
587 1169 675 1212 autem
693 1159 781 1228 inquit
802 1177 831 1210 er
852 1172 995 1230 praecepto
1010 1160 1041 1213 R.
1052 1160 1165 1214 Bentleii
1176 1165 1324 1219 certissimo

263 1243 293 1295 ad
325 1243 391 1297 Hor.
410 1243 536 1312 Serml,
555 1250 580 1311 1,
599 1247 643 1298 tu.
681 1242 731 1296 Cui
751 1245 835 1311 adde,
862 1266 931 1317 quae
950 1268 998 1302 nos
1018 1248 1155 1318 posuimus
1174 1249 1208 1302 ad
1227 1251 1325 1306 Tuscc.

264 1333 280 1394 Ι,
307 1335 358 1386 311.
376 1352 401 1403 p.
418 1335 471 1387 318
489 1353 529 1404 sq.
549 1345 575 1386 et
593 1332 625 1399 ΙΙ,
645 1335 687 1385 12.
708 1352 733 1403 p.
752 1335 812 1385 4⁹2.
832 1332 880 1387 Ed.
901 1346 982 1389 nostr.
1019 1335 1076 1389 Mr.

347 1424 439 1472 Parvo
458 1432 498 1472 est
519 1433 549 1472 ut
570 1439 668 1491 magno
688 1421 778 1490 calpa]
821 1420 894 1476 Haec
919 1424 996 1477 verba
1017 1423 1092 1496 quasi
1122 1424 1324 1496 inscriptionem

266 1508 354 1562 habet
370 1507 420 1561 Ed.
439 1509 500 1562 Par.
518 1529 537 1562 s.
557 1530 581 1562 a.
626 1508 684 1562 Hoc
711 1521 800 1562 autem
821 1510 933 1563 voluisse
952 1512 1081 1566 editorem
1101 1512 1268 1583 incognitum
1288 1514 1326 1565 vi·

267 1595 369 1648 demus
387 1597 464 1662 inde,
490 1597 563 1668 quod
589 1598 676 1667 ipsum
696 1597 853 1651 Paradoxon
872 1600 967 1671 incipit
985 1601 1018 1653 ab
1037 1603 1090 1663 Ec,
1115 1599 1199 1671 spatio
1225 1604 1326 1656 maiore

267 1682 382 1751 relicto,
401 1685 474 1756 quod
494 1684 654 1755 explendum
673 1696 738 1737 esset
759 1684 833 1737 iitera
855 1688 885 1736 N
908 1686 1054 1758 elegantius
1080 1687 1222 1759 pingenda.
1260 1688 1325 1742 Vult

268 1781 363 1825 autem
383 1773 521 1845 inscriptio
539 1772 578 1827 sic
596 1773 678 1844 posita
695 1771 758 1824 nihii
779 1772 850 1824 atiud
868 1792 961 1845 quam:
981 1775 1059 1846 culpa
1080 1795 1158 1845 parra
1179 1775 1258 1847 culpa
1278 1788 1325 1840 est,

270 1870 293 1910 ut
319 1879 428 1931 magna.
466 1859 523 1912 Mr.

346 1952 450 2013 Parva,
468 1950 573 2020 inquit,
593 1969 634 2001 ras
652 1951 704 2016 est]
724 1947 910 2018 „Principium
936 1962 974 2004 est
992 1951 1124 2018 subitum,
1144 1953 1217 2023 quod
1246 1953 1325 2025 vulgo

273 2034 368 2090 dicunt
386 2038 544 2108 abruptum:
578 2037 731 2091 continetur
759 2037 830 2087 enim
859 2038 933 2107 quasi
958 2038 1096 2109 responsio
1126 2039 1264 2092 Ciceronis
1292 2042 1324 2093 ad

275 2122 454 2178 obiectionem
474 2125 631 2192 adversarii,
660 2125 706 2197 qui
731 2124 884 2195 fingebatur
918 2125 1024 2191 dixisse,
1051 2145 1158 2196 parram
1189 2143 1245 2178 rem
1270 2146 1325 2180 esse

277 2210 415 2266 denarium
442 2213 521 2266 alicui
547 2213 667 2279 auferre,
694 2223 765 2267 certe
795 2212 880 2266 multo
907 2214 1055 2280 minorem,
1086 2232 1166 2284 quam
1197 2212 1325 2267 talentum

280 2298 352 2354 alteri
369 2301 515 2355 adimere.“
531 2303 635 2373 Wytt.

350 2401 378 2440 ot
396 2408 495 2461 progna
514 2390 606 2459 culpo]
643 2389 722 2456 „Hoc
741 2400 766 2442 et
786 2401 871 2443 cetera
890 2390 1026 2462 usquead
1051 2390 1155 2444 initium
1175 2392 1267 2462 capitis
1286 2410 1326 2444 se-

220 2526 223 2531 .
284 2479 381 2545 quentis
398 2480 531 2532 habentur
550 2497 582 2530 ac
599 2477 727 2530 dicuntur
746 2498 774 2528 er
795 2497 909 2548 persona
927 2478 1009 2549 ipsius
1027 2476 1173 2532 Ciceronis.
1211 2479 1241 2532 si
1262 2479 1327 2532 haec

220 2603 222 2629 ;
286 2563 358 2619 dictio
381 2566 528 2638 periphrasi
555 2567 690 2619 reddenda
719 2567 765 2629 sit,
800 2567 834 2619 ita
854 2565 923 2618 haud
943 2567 1034 2636 inepte
1052 2566 1193 2620 reddatur:
1223 2567 1265 2619 Tu
1285 2566 1324 2618 di·

220 2691 226 2720 ,
289 2651 319 2703 cis
343 2656 461 2729 exiguum
494 2674 548 2708 esse
581 2655 719 2726 negotium
739 2674 761 2709 v.
789 2675 813 2708 c.
833 2654 973 2706 denarium
998 2653 1089 2706 furari.
1143 2653 1178 2707 At
1207 2673 1257 2727 ego
1283 2673 1327 2707 re-

220 2778 231 2811 ,
292 2745 404 2812 spondeo,
423 2763 549 2815 magnam
562 2763 616 2796 esse
635 2743 685 2795 vim
706 2746 823 2814 peccati:
845 2763 933 2814 neque
952 2742 1023 2795 enini
1038 2753 1146 2813 peccata
1160 2743 1227 2795 exitu
1241 2744 1326 2797 sacto-

220 2869 223 2896 ,
293 2845 353 2896 rum,
370 2833 412 2885 sed
432 2832 557 2903 pravitate
575 2833 726 2883 animorum
747 2832 921 2902 ponderanda
935 2834 1019 2883 esse.“
1036 2832 1140 2902 Wyu.
1177 2830 1219 2883 De
1238 2832 1326 2900 culpo,

233 2945 237 2950 -
294 2913 384 2991 eiusque
414 2921 584 2992 synonymis,
614 2939 760 2990 earumque
788 2938 883 2971 vocum
911 2938 958 2971 usu
989 2918 1037 2972 vid.
1070 2918 1242 2972 Doederlein.
1269 2918 1325 2972 Lat.

229 3035 234 3064 ι
295 3001 378 3071 synon.
397 3030 424 3062 u.
444 3008 560 3080 Etymoi.
580 3007 611 3060 ΙΙ.
630 3028 656 3078 p.
677 3011 737 3062 15².
774 3008 832 3059 Mr.

352 3101 402 3150 Neo
430 3098 499 3149 enim
518 3098 579 3163 etc]
617 3094 685 3148 Cum
712 3116 822 3167 peccas,
852 3115 906 3148 non
935 3095 960 3146 id
988 3095 1150 3150 considerari
1174 3095 1267 3159 debet,
1298 3094 1325 3145 in

297 3198 337 3247 t1¹1⁰
355 3205 454 3255 peccas,
474 3194 518 3238 aut
535 3184 606 3256 quod
627 3203 655 3235 er
676 3195 785 3254 peccato
797 3185 932 3255 sequitur:
954 3184 998 3236 sed
1018 3185 1105 3255 ipsum
1125 3202 1245 3254 peccare,
1265 3182 1325 3236 vitio

225 3277 229 3340 ]
295 3284 359 3340 teque
376 3293 462 3346 agere.
499 3272 568 3325 Hinc
586 3282 675 3325 autem
696 3273 831 3343 sequitur,
863 3282 971 3341 peccata
997 3290 1051 3324 esse
1078 3269 1199 3341 aequalia
1220 3289 1325 3340 genere,

296 3366 316 3407 ΙΙ
331 3375 384 3416 sunt
401 3362 483 3415 humo
503 3372 529 3413 et
549 3359 652 3425 bettua,
673 3380 727 3413 non
748 3360 835 3430 specie
855 3371 952 3412 tamen.
989 3358 1087 3411 Face.

352 3454 401 3502 Nec
419 3450 488 3501 enim
505 3449 627 3518 peccato]
648 3449 700 3501 Pro
720 3468 766 3501 neu
785 3443 925 3519 estusque
944 3446 970 3498 in
991 3446 1041 3499 Ox.
1058 3445 1090 3498 E.
1137 3446 1238 3497 Vocem
1257 3445 1326 3493 enim

294 3535 439 3590 oniuitssd.
458 3556 501 3608 ap.
522 3535 608 3589 Meus.
629 3536 712 3589 ’Hdtte
739 3556 759 3589 s.
788 3535 805 3589 Ι.
824 3548 849 3588 et
868 3555 892 3587 a.
922 3536 990 3586 Ven.
1007 3538 1088 3588 14⁹2.
1113 3536 1192 3587 1514.
1235 3531 1326 3603 Pergit

295 3616 347 3677 Cod.
364 3625 419 3678 Cra.
439 3628 465 3677 1.
481 3636 595 3694 peccota
614 3645 678 3677 non
695 3634 821 3677 aventu
841 3642 967 3680 rerum,
993 3621 1057 3675 Oxx.
1077 3620 1107 3673 E.
1129 3622 1148 3672 Ι.
1176 3639 1214 3670 cx
1238 3638 1326 3673 renum

231 3715 239 3756 ,·
294 3722 385 3779 eventu,
402 3714 447 3767 sed
467 3732 507 3763 ex
526 3712 608 3766 vitiis.
646 3711 717 3765 Gud.
736 3713 769 3765 A.
789 3721 885 3764 eventu
904 3730 1000 3775 rerum,
1019 3708 1215 3762 Duisb.rerum
1231 3725 1327 3760 even-

225 3804 228 3808 ’
293 3792 343 3856 118.
359 3800 463 3856 Sueriu.
482 3819 570 3853 rerum
590 3801 788 3853 eventibus.
825 3800 929 3852 Laudat
945 3794 1025 3869 Burg.
1045 3796 1101 3851 Cic.
1122 3794 1156 3849 de
1175 3799 1232 3850 inv.
1253 3795 1325 3863 11,Ι;

232 3883 235 3888 ’
295 3897 336 3935 non
351 3892 416 3942 anim
433 3908 466 3940 ex
486 3897 611 3942 eventu
631 3890 820 3959 cogitationem
839 3889 957 3957 spectari
974 3897 1094 3957 oportet,
1119 3886 1167 3939 sed
1183 3905 1238 3958 quc
1257 3886 1329 3957 rogi-

294 3976 381 4031 iaiione
410 3988 438 4030 et
466 3996 511 4047 spe
537 3977 575 4028 ad
592 3975 752 4043 rnaleficium
770 3976 911 4047 projectus
929 3978 981 4039 sit,
1008 3974 1187 4033 considerari,·
1212 3984 1239 4024 et
1264 3991 1326 4043 quo

293 4065 387 4119 anino
406 4066 474 4138 quid
491 4066 603 4136 quisque
617 4062 727 4133 faciut,
753 4083 803 4114 uon
823 4082 874 4134 quo
893 4081 957 4113 cusu
977 4072 1087 4125 ututur,
1116 4063 1155 4111 ud
1172 4080 1225 4114 rem
1239 4060 1326 4130 perti-

291 4156 340 4200 W·
358 4154 416 4208 coll.
435 4152 485 4206 Or.
505 4172 554 4223 pro
573 4152 650 4204 Rosc.
670 4154 746 4206 Com.
766 4155 808 4204 tu.
845 4151 924 4203 Auct.
945 4150 978 4202 ad
996 4149 1114 4204 Herenn.
1133 4147 1166 4220 11,
1188 4152 1229 4202 16.
1265 4146 1295 4197 M
1303 4166 1324 4198 r.

350 4261 435 4294 rerum
452 4251 549 4291 eventu
564 4269 596 4278 -
610 4241 740 4292 metienda
759 4241 844 4307 suun]
879 4238 944 4304 „Est
958 4238 1010 4291 hoc
1029 4248 1200 4308 praeceptum
1220 4236 1325 4305 pervul-

220 4341 228 4387 i
287 4330 366 4381 tatum
390 4341 416 4383 et
434 4346 539 4381 verum:
565 4338 675 4398 peccata
701 4344 848 4397 eorumque
874 4326 1080 4396 imputationem
1106 4342 1162 4376 non
1189 4321 1322 4374 metienda

220 4425 226 4452 Ι
282 4416 331 4539 ἑέθε
349 4415 524 4482 effectu,sed
543 4416 699 4469 intentione.
744 4414 811 4481 Huc,
826 4415 941 4484 pertinet
969 4413 1034 4466 iilud
1053 4410 1141 4464 Ovidii
1166 4408 1273 4462 Heroid.
1293 4410 1324 4478 11,
