3517 5450
437 690 509 764 354
855 713 1018 761 arcuatus
1044 717 1075 761 x.

506 874 566 928 Ob.
587 874 692 926 Gilan
704 873 754 925 ius
773 873 813 942 (in
834 873 1020 927 Coniectaneis
1037 873 1069 924 ad
1088 873 1120 925 Τ,
1141 874 1293 928 Lucretium
1314 878 1412 949 [Lugd.
1432 880 1484 933 Bat.

437 968 516 1018 1595.
534 965 569 1030 8.]
600 984 625 1034 p.
645 965 709 1016 stt:
740 962 916 1014 liestituamus
944 960 1141 1013 l‘aradororum
1173 961 1262 1015 locum
1293 966 1482 1036 perdifficilem,

437 1053 536 1122 quique
556 1050 652 1104 multos
671 1049 785 1104 exercuit
805 1049 874 1101 viros
898 1048 1023 1102 eruditos.
1079 1048 1124 1102 Ait
1148 1048 1257 1103 Cicero:
1283 1055 1379 1124 Atque
1406 1065 1437 1105 ut
1461 1056 1486 1105 in

438 1158 536 1210 magua
549 1139 664 1209 familia
682 1150 747 1190 sunt
764 1137 813 1188 alii
830 1137 976 1192 lautiores,
996 1147 1027 1186 ut
1047 1135 1097 1187 sibi
1116 1138 1255 1203 videntur,
1273 1143 1358 1203 servi,
1379 1142 1427 1191 sed
1444 1152 1485 1191 ta-

437 1246 493 1279 men
512 1227 582 1278 serui
591 1247 600 1286 ‚-
619 1227 697 1295 paris
715 1225 853 1278 stultitiae
872 1236 953 1291 sunt,
979 1245 1046 1296 quas
1065 1236 1115 1279 etc.
1134 1226 1169 1278 ita
1189 1239 1237 1279 vet.
1255 1226 1317 1294 lib.,
1348 1227 1399 1280 nisi
1419 1230 1486 1300 quod

435 1335 484 1386 pro
502 1317 565 1385 pari
583 1315 692 1369 fecerim
709 1315 800 1382 paris,
821 1313 962 1384 adsumpto
980 1334 1007 1378 s,
1037 1313 1109 1383 quod
1129 1314 1185 1366 sine
1203 1313 1286 1366 dubio
1313 1315 1431 1385 perierat
1449 1319 1486 1385 (ut

433 1423 511 1475 saepe
530 1401 615 1471 alias),
635 1402 707 1473 quod
727 1402 811 1455 statim
831 1403 924 1456 eadem
943 1413 1080 1472 exceperat
1090 1401 1115 1453 id
1130 1401 1238 1453 verbum
1250 1401 1347 1458 littera.
1386 1403 1486 1456 Deinde

434 1491 493 1556 illa,
520 1490 633 1561 quaein
658 1488 768 1560 vulgatis
796 1501 821 1542 et
847 1490 979 1544 veteribus
1002 1488 1074 1542 libris
1100 1488 1169 1541 varie
1192 1501 1307 1546 entant:
1338 1493 1485 1556 Atrienses,

436 1589 516 1640 actu,
535 1596 567 1627 ac
585 1588 633 1636 tu,
652 1585 728 1639 acta,
746 1576 846 1642 abieci,
867 1589 896 1629 ut
914 1597 927 1628 c
947 1576 1032 1647 glossa
1053 1575 1181 1646 prolecta.
1218 1576 1282 1645 Quo
1302 1578 1377 1629 euim
1388 1579 1485 1630 atrien-

436 1682 478 1715 ses
496 1663 553 1729 bic,
574 1664 619 1733 qui
639 1663 708 1715 haud
728 1665 782 1717 scio
802 1683 835 1716 an
856 1663 955 1716 suerint
974 1662 1151 1730 honestiores,
1178 1683 1241 1717 cum
1259 1665 1396 1736 Ulpianus
1421 1667 1440 1720 l.
1458 1666 1485 1719 C.

434 1771 478 1804 eos
497 1753 523 1804 in
544 1751 705 1804 mediastinis
724 1764 854 1809 numeret.
893 1752 925 1805 Et
938 1752 1076 1804 utluerint
1085 1773 1114 1804 ex
1124 1751 1307 1805 honestiorum
1321 1774 1437 1806 numero
1447 1755 1485 1822 (er

434 1859 488 1910 quo
502 1849 573 1892 certe
584 1850 660 1892 erant
674 1839 839 1905 columellae,
852 1839 1003 1893 cancellarii
1021 1860 1067 1892 seu
1078 1839 1238 1904 tabelliones,
1251 1853 1367 1907 actores,
1382 1842 1484 1913 dispen-

433 1940 532 1983 satores
549 1927 611 1996 etc)
633 1928 696 1982 binc
720 1939 825 1994 tamen,
850 1939 878 1980 ut
904 1947 1016 1980 canese
1037 1928 1147 1997 balneo,
1178 1929 1293 2001 pellendi
1310 1943 1382 1986 sunt.
1419 1933 1484 1985 Sen-

433 2019 514 2071 tentia
534 2027 623 2071 autem
650 2015 800 2087 planissima
820 2035 894 2069 nunc
918 2028 969 2069 est:
1006 2015 1043 2068 Ut
1071 2016 1148 2085 tales,
1173 2017 1300 2089 iuquam,
1332 2020 1401 2071 servi
1427 2030 1484 2071 sunt

407 2140 412 2150 ·
433 2105 518 2159 stulti:
537 2104 607 2176 paris
625 2103 747 2156 stultitiae
767 2115 842 2169 sunt,
861 2104 887 2156 id
909 2114 961 2169 est,
979 2104 1057 2171 item,
1077 2123 1122 2157 seu
1140 2104 1247 2170 itidem,
1273 2125 1318 2158 seu
1340 2106 1483 2159 consimili-

435 2204 475 2246 ter
493 2191 564 2245 stulti
582 2203 656 2256 sunt,
677 2211 745 2262 quos
763 2190 867 2244 tabulae
889 2191 975 2262 pictae
994 2202 1043 2244 etc.
1061 2191 1174 2244 nimium
1193 2192 1336 2246 delectant.
1349 2214 1412 2247 nam
1425 2195 1482 2267 quia

433 2278 621 2352 supellectilem
642 2279 739 2331 habent
758 2278 912 2344 lautiorem,
943 2279 1051 2350 quidam
1080 2299 1108 2333 se
1127 2280 1244 2333 esserunt
1270 2281 1299 2332 iu
1323 2301 1353 2333 re
1380 2281 1482 2353 publica

434 2368 494 2432 viri,
515 2367 551 2418 uti
573 2368 638 2419 servi
658 2366 685 2418 in
704 2365 803 2419 familia
822 2387 903 2438 opera
923 2367 1064 2438 fungentes
1083 2367 1233 2421 honestiore
1249 2369 1442 2439 superbiunt-‘⁴

504 2454 523 2509 l.
544 2453 734 2507 Gruterus=
754 2454 860 2518 „Locus
879 2455 1068 2520 versatissimus,
1087 2455 1108 2507 si
1127 2455 1286 2526 quisquam,
1304 2455 1334 2508 iu
1345 2453 1483 2524 Cicerone,

433 2541 487 2595 Nos
506 2541 759 2612 repraesentavimus
777 2542 922 2595 editionem
942 2541 1053 2594 Victorii
1073 2543 1215 2609 [atrienses
1233 2561 1267 2612 ac
1284 2544 1401 2613 topiarii
1417 2545 1484 2597 etal-

431 2630 511 2681 tiliae
529 2631 606 2696 suae]
627 2629 744 2700 proxime
763 2630 934 2683 accedentem
950 2628 984 2681 ad
1003 2629 1161 2700 exemplaria
1180 2629 1285 2683 calamo
1304 2642 1426 2684 exarata:
1444 2631 1484 2684 cui

432 2728 458 2771 et
483 2717 667 2789 acquiescebat
692 2716 859 2771 Gulielmius.
906 2715 990 2770 Aldus
1020 2738 1105 2788 nepos
1130 2717 1243 2790 pedibus
1272 2718 1330 2773 ibat
1362 2720 1391 2772 in
1422 2740 1484 2775 con-

430 2806 558 2859 iecturam
577 2806 692 2871 Gitanii,
713 2806 777 2873 [rid.
795 2806 856 2859 Atdt
876 2816 968 2858 annot.
987 2804 1016 2857 in
1036 2807 1222 2873 annotatione,
1248 2826 1319 2878 quae
1345 2808 1427 2862 habet
1444 2827 1484 2859 va-

431 2892 549 2945 rietatem
570 2891 728 2961 Codicum,]
760 2912 840 2965 quam
867 2893 991 2963 expressit
1014 2893 1042 2945 in
1060 2894 1138 2958 ⁴notis
1161 2895 1215 2947 suis
1238 2893 1394 2962 suffridus,
1421 2916 1483 2968 quae

431 2980 574 3034 videantur.
611 2980 668 3050 Ego
688 2992 747 3052 post
765 2992 802 3035 tot
820 2980 917 3035 ariolos
936 2980 1062 3051 capillum
1081 3001 1137 3034 nou
1155 2982 1288 3037 dimitto.“

502 3065 522 3118 l.
541 3065 573 3117 G.
593 3065 781 3120 Graevius:
808 3066 898 3133 „Cum
924 3068 951 3120 in
970 3068 1124 3122 Victoriana
1155 3081 1182 3123 et
1200 3069 1364 3125 Gruteriaua
1385 3072 1483 3144 legatur

431 3154 486 3206 sine
506 3154 634 3205 sententia
653 3157 783 3206 atrienses
803 3172 835 3206 uc
856 3156 967 3225 topiarii
985 3156 1122 3208 stultitiae
1142 3177 1222 3224 auae,
1243 3179 1312 3231 quos
1331 3162 1414 3232 signu
1433 3182 1481 3221 -‚·

430 3261 481 3294 nec
500 3242 593 3294 melius
612 3243 640 3294 in
658 3243 758 3312 optima
778 3243 884 3314 Langii:
902 3244 981 3295 servi.
1029 3245 1170 3297 Attienses
1198 3265 1231 3297 uc
1257 3256 1288 3299 tu
1305 3250 1373 3317 pari
1392 3250 1484 3300 stulti-

428 3329 471 3380 tia
490 3340 568 3393 sunt,
589 3341 701 3402 utraque
724 3342 811 3385 tamen
831 3331 936 3401 vestigia
956 3350 1031 3385 verae
1057 3332 1179 3386 lectionis
1204 3335 1335 3402 retineat,
1363 3336 1482 3407 rescripsi

429 3436 457 3468 ex
478 3428 604 3488 utraque:
625 3419 710 3483 serui,
729 3420 860 3471 atrienses
878 3438 912 3469 ac
931 3421 1055 3489 topiarii,
1078 3422 1144 3490 pari
1161 3422 1287 3473 stultitia
1307 3434 1390 3481 sunt,
1419 3444 1480 3496 quas

427 3506 519 3575 signa,
539 3524 604 3576 quos
623 3505 734 3558 tabulae
753 3520 803 3562 etc.
838 3508 893 3560 Hae
912 3507 981 3561 duae
1000 3528 1078 3562 voces
1094 3510 1206 3579 topiarii
1224 3521 1250 3578 et
1265 3512 1346 3579 pari,
1374 3523 1480 3583 propter

428 3589 532 3643 easdem
551 3590 650 3645 litteras
668 3612 762 3649 vocum
779 3594 863 3664 piarii
881 3605 907 3647 et
922 3596 1001 3664 pari,
1020 3615 1098 3650 causa
1117 3598 1227 3650 luerunt
1246 3609 1337 3651 tantae
1355 3600 1480 3671 deprava-

427 3678 513 3731 tionis.
550 3677 580 3731 lu
599 3679 656 3732 aliis
675 3679 820 3735 Codicibus
841 3682 975 3753 perierant
994 3686 1122 3754 topiarii,
1148 3695 1177 3737 ut
1202 3704 1231 3737 ex
1249 3685 1393 3757 Langiana
1421 3707 1481 3741 con-

429 3774 492 3829 stat,
511 3767 537 3817 in
558 3761 614 3819 aliis
631 3769 709 3836 pari,
729 3782 758 3823 ut
775 3771 802 3823 in
824 3771 987 3827 Victoriana.
1024 3772 1060 3824 Er
1080 3757 1295 3843 utraque'veram
1311 3775 1480 3845 scripturam,

429 3862 458 3904 ut
476 3851 609 3918 existimo,
637 3853 681 3908 bic
706 3859 867 3913 restituimus
891 3873 917 3914 et
944 3861 1139 3932 resposuimus,
1172 3859 1259 3914 deleto
1290 3881 1405 3933 quoque
1425 3882 1479 3915 cuni

428 3937 529 4008 Langia
550 3941 629 3992 verbo
647 3945 794 3996 stultorum
819 3948 892 4018 [post
912 3948 1037 4019 familia]
1062 3968 1130 4019 quae
1156 3948 1321 4020 ineptissime
1350 3951 1480 4005 inculcata

429 4026 478 4078 suit
497 4046 510 4078 a
531 4026 645 4081 librariis
663 4040 689 4081 et
706 4030 851 4087 editoribus
869 4037 896 4088 in
918 4037 992 4089 initio
1012 4037 1124 4109 periodi.
1170 4035 1253 4103 Quod
1273 4038 1390 4093 obducit
1408 4038 1479 4093 Gita-

427 4113 486 4166 nius
506 4116 636 4167 atrienses
655 4136 710 4169 nou
728 4119 807 4173 suisse
826 4142 913 4174 servos
932 4124 1095 4178 honestiores
1122 4124 1180 4177 aliis
1198 4124 1307 4192 dicens,
1336 4129 1402 4197 quia
1429 4148 1480 4181 me·

427 4199 545 4253 diastinis
562 4216 762 4270 accenseantur,
781 4208 806 4259 id
825 4230 886 4261 vero
902 4224 939 4264 est
958 4211 1032 4265 futile
1051 4224 1077 4266 et
1095 4212 1346 4284 dudumerplosum
1371 4239 1386 4269 a
1407 4219 1480 4270 Laur.

425 4285 554 4355 Pignorio
578 4289 605 4340 in
625 4290 826 4347 Commentario
854 4297 887 4349 du
913 4298 1028 4352 Servis.“
1077 4302 1111 4367 [r.
1139 4302 1303 4371 Pignorium
1329 4305 1363 4359 de
1391 4306 1481 4369 Servis,

426 4371 476 4427 Ed.
497 4374 580 4427 Amst.
600 4380 740 4433 tutata.
760 4402 785 4452 p.
803 4388 856 4437 458
874 4389 927 4458 ιφ]

494 4460 526 4511 Τ.
546 4463 676 4533 Popnra
695 4468 735 4537 (in
748 4467 816 4524 libro
827 4472 859 4524 de
879 4477 967 4547 operis
986 4496 1131 4560 servorum,
1150 4497 1176 4547 p.
1189 4481 1223 4532 93
1234 4499 1296 4552 sqq.
1334 4482 1386 4535 Ed.
1404 4484 1482 4536 Amst.
