3517 5450
370 706 443 778 110
698 730 868 778 riniuoxi
897 732 1089 779 srotconuu.

366 890 515 940 exanimari
534 888 628 941 Cicero
654 888 717 943 dixit
736 890 815 944 etiam
841 891 868 944 in
888 889 939 943 Or.
959 909 1008 960 pro
1036 889 1095 943 Mil.
1113 895 1157 944 ²4.
1184 893 1307 946 Confessi
1333 904 1385 964 pote

367 979 445 1030 etiam
470 974 561 1029 Horat.
595 979 713 1030 Carmm.
739 978 784 1044 ΙΙΙ,
802 982 845 1043 11,
865 983 880 1031 1
900 998 955 1049 sq.:
990 978 1202 1031 Exanimari
1229 992 1385 1033 metuent«

366 1075 484 1135 patruae
503 1064 611 1116 verbera
632 1066 750 1137 linguae.
786 1066 848 1120 ΜΓ.

436 1154 599 1205 Iudiciorum
617 1165 644 1204 et
663 1154 778 1225 legums]
810 1154 876 1207 Cod.
896 1152 967 1206 Gud.
986 1153 1017 1205 B.
1040 1164 1097 1224 post
1122 1154 1283 1207 iudiciorum
1302 1157 1385 1211 additas

365 1241 443 1294 hebet
461 1259 569 1312 pravam
583 1240 697 1310 glossam
711 1242 868 1312 salsorum,
894 1242 921 1293 iu
941 1241 1020 1295 Drsd.
1038 1246 1064 1295 4.
1089 1242 1169 1313 plane
1186 1243 1305 1315 ineptam
1316 1247 1385 1314 florei

366 1331 442 1383 tium.
488 1329 559 1384 Tum
583 1328 663 1382 Drsd.
688 1333 713 1382 5.
739 1347 895 1400 quocunque
922 1331 1117 1398 aspexeris.
1162 1330 1270 1383 Deinde
1296 1330 1385 1384 Gudl

365 1416 434 1467 tibi
452 1427 590 1469 occurrent
610 1427 697 1467 tuae
715 1417 847 1479 iniuriae,
867 1418 926 1469 Cri.
938 1419 963 1468 1.
979 1420 1004 1468 2.
1024 1416 1092 1467 tibi
1110 1426 1196 1469 tuae
1214 1421 1385 1470 occurrentis

364 1506 468 1564 iuriae5
489 1515 636 1576 quaesunt
654 1523 709 1556 non
727 1504 815 1557 minus
834 1503 915 1569 false,
946 1524 1026 1575 quam
1046 1523 1115 1574 quae
1134 1523 1214 1576 supra
1243 1506 1385 1559 correximus

364 1604 398 1645 te
417 1605 500 1645 tuoe
524 1591 646 1644 libidines
672 1603 806 1664 torquent.
827 1581 830 1585 ⁴
853 1591 891 1645 Ut
911 1592 982 1644 enim
1002 1592 1037 1645 ibi
1057 1592 1248 1664 corrigendum
1268 1593 1316 1646 tuis
1332 1604 1385 1644 tuo.

365 1693 397 1733 te
422 1680 545 1732 libidines
569 1690 712 1750 torquent,
746 1681 781 1734 ite
809 1679 835 1735 b.
860 1680 878 1733 Ι.
905 1691 976 1733 recte
1002 1680 1099 1751 legitur
1123 1691 1209 1732 tuae
1232 1682 1299 1731 tibi
1321 1699 1385 1732 occur·

364 1781 429 1822 runt
446 1771 570 1825 iniuriae.
612 1769 701 1822 Verba
720 1788 788 1841 quae
808 1779 888 1820 te-
906 1771 1000 1820 sinunt
1019 1769 1173 1822 exciderunt
1189 1770 1217 1821 in
1237 1769 1303 1822 eod.
1320 1767 1360 1822 01.
1368 1766 1385 1818 ΙΙ.

363 1861 394 1915 lu
415 1860 473 1913 Cre.
491 1861 516 1913 3.
536 1870 574 1913 est
592 1858 781 1926 suspirare
800 1874 869 1926 quoe
887 1866 914 1906 te
932 1855 1043 1907 libere
1063 1876 1115 1908 non
1132 1858 1225 1908 sinunt
1246 1859 1283 1921 (et
1300 1853 1385 1909 siclidi

363 1949 432 2000 Ven.
459 1950 537 2000 149².
557 1950 636 2000 1514.
667 1946 728 1999 Par.
757 1949 836 1999 15⁰7.
861 1947 941 1997 1512.
973 1944 1057 2015 bugd.
1077 1948 1155 1998 1515.
1173 1944 1254 1997 Hdtb.
1273 1965 1293 1998 s.
1311 1946 1326 1997 l.
1341 1954 1385 1996 eti.

363 2036 427 2091 Dav.
449 2038 555 2100 Ι515,);
585 2054 654 2087 unus
678 2034 738 2086 Aldi
763 2033 838 2086 Man.
864 2051 936 2104 quae
958 2034 1147 2101 suspirare
1176 2042 1210 2083 te
1237 2054 1288 2084 non
1310 2033 1384 2084 sinunt.

362 2141 424 2175 eum
444 2123 524 2174 Drsd.
545 2128 568 2174 2.
603 2122 707 2175 Habent
727 2121 805 2174 etiem
824 2121 964 2189 suspirare
981 2120 1078 2192 reliqui
1097 2120 1172 2185 didi,
1192 2121 1258 2174 On.
1272 2122 1382 2189 Unel·

362 2193 456 2262 uuis.
484 2213 541 2264 c...
561 2213 586 2262 1.
606 2215 631 2262 2.
668 2210 774 2262 sueri..
800 2208 873 2261 uui.
893 2209 924 2261 s.
950 2209 1011 2263 Β...
1035 2209 1084 2262 us.
1113 2229 1170 2280 pre.
1194 2214 1274 2264 uss.
1297 2209 1339 2262 Ed.
1356 2225 1382 2276 a.

362 2298 447 2350 Meus.
474 2298 543 2350 Vict.
563 2297 631 2349 Rob.
656 2296 747 2368 steph.
776 2301 877 2351 Vocem
905 2297 985 2350 libers
1012 2297 1129 2352 additam
1154 2297 1233 2351 babet
1261 2299 1333 2352 etiem
1351 2293 1381 2346 ld

362 2387 421 2438 Par.
439 2406 458 2439 s.
479 2404 501 2438 a.
523 2388 655 2454 Aspirare
685 2384 764 2439 babet
782 2385 832 2439 Ed.
860 2384 945 2438 sutsr.
964 2385 1050 2449 Petri3
1077 2388 1182 2454 spirare
1210 2385 1293 2438 Codd.
1320 2379 1381 2436 (iuli

362 2486 387 2528 et
406 2474 477 2527 Gud.
497 2474 530 2527 A.
567 2473 606 2526 Ne
627 2494 688 2526 vero
707 2474 751 2527 cui
770 2473 872 2545 placeat
899 2493 976 2526 error
994 2474 1205 2539 monachorum,
1233 2474 1278 2546 qui
1297 2473 1380 2541 script*

361 2575 424 2616 runt
441 2563 561 2616 certatim
580 2563 731 2631 suspirare,
760 2561 802 2632 pie
822 2563 935 2633 suspiria
959 2581 1006 2614 sua
1025 2561 1123 2615 scilicet
1150 2556 1379 2622 recordantium

360 2661 464 2716 teneat,
483 2651 638 2719 suspirandi
657 2651 737 2703 serbo
755 2650 848 2702 locum
868 2649 911 2703 bic
930 2649 1009 2720 plane
1027 2668 1082 2703 esse
1101 2649 1222 2715 nullum,
1248 2661 1274 2702 et
1291 2646 1379 2702 sonim!

361 2741 416 2793 Cic.
436 2759 486 2810 pro
505 2740 583 2792 Rose.
601 2739 662 2791 Am.
681 2742 711 2791 8:
731 2749 762 2789 ut
781 2739 913 2807 respirare
931 2738 1072 2790 liberenon
1086 2740 1191 2807 possin·
1211 2739 1244 2791 ad
1262 2734 1376 2798 [1111111

361 2829 491 2895 respirare
508 2828 532 2877 si
553 2837 579 2876 te
597 2828 702 2888 uider03
722 2827 827 2879 Cluent.
845 2830 895 2879 to:
913 2829 1044 2895 respirare
1061 2846 1079 2876 a
1098 2840 1169 2878 metu
1185 2828 1286 2895 σοφίη
1304 2825 1376 2876 Fama·

360 2915 406 2981 Vl,
427 2920 457 2967 2:
475 2916 499 2967 si
515 2915 597 2967 armis
613 2915 710 2982 positis
728 2916 825 2967 ciuitas
844 2915 1026 2982 respiraverit.
1061 2913 1140 2967 Nihili
1161 2914 1240 2983 plane
1258 2924 1308 2976 est,
1330 2903 1376 2981 quii

360 3024 388 3055 ex
408 3021 492 3073 marg.
510 3003 577 3055 cod.
596 3001 752 3056 Memmiani
771 3021 800 3055 ex
820 3021 874 3054 uuo
895 3013 981 3054 vetere
1009 3002 1101 3054 codice
1126 3002 1289 3073 adscriptum
1306 2995 1378 3071 proisit

360 3090 516 3143 Lambinus:
536 3109 663 3159 superare
681 3111 733 3142 non
747 3102 872 3160 possunt.
915 3091 989 3143 ldem
1008 3091 1107 3142 ibidem
1133 3111 1163 3142 ex
1186 3090 1240 3143 atio
1265 3089 1376 3156 suspirate.

359 3199 388 3231 ex
407 3179 459 3232 alio
477 3179 580 3248 spirare
599 3178 721 3231 enotavit.
763 3178 845 3247 Quod
865 3189 954 3231 autem
973 3178 1066 3231 Lamb.
1085 3178 1121 3230 ait
1138 3198 1238 3232 senon
1257 3174 1377 3249 improbare

359 3270 476 3337 spirare,
501 3285 552 3320 nec
578 3278 666 3319 temen
692 3267 783 3320 induci
812 3267 943 3338 potuisse,
969 3276 998 3317 ut
1025 3266 1165 3319 damnaret
1189 3268 1328 3334 respirare,
1343 3257 1377 3309 itt

358 3367 428 3409 recte
447 3355 528 3409 fecis..
566 3355 647 3423 Quod
671 3367 758 3408 autem
779 3355 910 3408 Lambiao
929 3374 985 3406 non
1005 3354 1138 3425 displicuit
1155 3355 1274 3423 spirare,
1298 3351 1321 3404 id
1335 3343 1375 3399 1111

356 3444 456 3498 seclum
475 3444 593 3498 existimo
610 3445 682 3515 quod
701 3443 891 3497 recordabatur
906 3442 998 3495 Lamb.
1025 3442 1076 3496 loci
1105 3441 1154 3495 Or.
1181 3462 1232 3513 pro
1250 3436 1374 3495 Boseta-

357 3552 380 3586 c.
401 3537 447 3587 23:
467 3534 540 3604 quod
559 3552 591 3583 ne
609 3534 751 3600 spirare
771 3532 875 3601 quidem
894 3531 951 3595 sine
970 3540 1042 3581 metu
1057 3541 1182 3598 possunt.
1220 3530 1280 3583 Mr.

428 3632 460 3672 ut
477 3622 589 3687 Furiae]
609 3619 685 3686 „cie
705 3638 755 3689 pro
773 3618 823 3671 Sex
841 3619 938 3671 Roscio
952 3619 1006 3685 [24‚
1017 3619 1086 3684 (i'l.]:
1107 3618 1199 3669 Nolite
1217 3620 1284 3670 enim
1298 3622 1374 3685 putatis

357 3707 575 3781 quemadmodum
593 3708 622 3759 in
636 3707 745 3777 sabulis
758 3725 948 3775 saepenumero
961 3705 1065 3769 videtis,
1083 3724 1134 3769 eos,
1154 3708 1202 3777 qui
1215 3705 1317 3778 aliquid
1323 3695 1374 3767 ΙΨ

356 3796 534 3867 scelerateque
552 3797 740 3859 commiserint,
766 3796 869 3866 agitari
886 3806 914 3845 et
930 3794 1074 3864 perterreri
1091 3796 1239 3846 Furiarum
1256 3792 1374 3845 sarusar

358 3882 488 3934 dentibus.
524 3887 581 3935 Suo
600 3902 727 3955 quemque
741 3883 837 3953 fraus,
853 3892 881 3933 et
900 3901 967 3934 suus
984 3893 1071 3933 terror
1088 3881 1204 3933 maxime
1215 3891 1307 3934 uexati
1320 3884 1373 3928 suit⁸

357 3990 484 4043 quemque
502 3974 589 4023 scelus
607 3972 698 4043 agitat
717 3970 888 4041 amentiaque
906 3970 1014 4040 afficit:
1041 3988 1107 4021 suae
1125 3970 1214 4022 malae
1232 3967 1373 4041 cogitatum

357 4061 582 4132 conscientiaeque
599 4060 682 4111 animi
700 4069 811 4113 terrent.
836 4062 900 4109 Hae
912 4070 977 4109 sunt
987 4058 1076 4127 impiis
1094 4058 1223 4136 assiduae
1233 4053 1371 4110 domestice

356 4166 406 4217 que
427 4149 541 4210 Furiae,
566 4167 635 4219 quae
656 4148 710 4199 dies
728 4157 870 4216 noctesque
886 4156 1032 4215 parentum
1047 4164 1149 4214 poenas
1168 4164 1187 4197 a
1206 4144 1370 4223 conscelerate

353 4236 426 4287 simis
435 4237 507 4303 filiis
525 4246 657 4305 repetant.
694 4235 755 4287 Vid.
766 4234 914 4305 Adagium:
935 4235 1101 4287 Conscientia
1113 4234 1185 4285 mille
1198 4244 1278 4286 tester
1288 4228 1368 4298 [ΙΙΙΙΨΙ

354 4322 456 4393 Adagg.
476 4323 525 4375 Ed.
545 4322 667 4376 Wecbel.
685 4325 764 4376 1591.
789 4321 807 4374 f.
825 4342 860 4374 m.
883 4343 908 4393 p.
926 4323 1137 4388 teis-1284]
1182 4322 1279 4374 Alludit
1303 4314 1368 4400 Cissfl

354 4409 386 4460 ad
407 4409 508 4463 Orestis
526 4410 660 4475 tabulam,
690 4427 770 4480 quem
791 4409 896 4479 fingunt
914 4421 1006 4479 poetae
1026 4429 1139 4461 occursu
1156 4409 1285 4462 furiarum
1307 4409 1366 4461 ‘¹²8¹

355 4498 430 4550 teri.“
448 4498 517 4551 Ald.
536 4498 624 4550 Man.
670 4497 759 4551 Liceat
776 4508 864 4550 aulem
884 4497 909 4549 b.
930 4496 946 4548 l.
963 4498 1043 4549 verbo
1063 4516 1173 4550 monere
1193 4498 1227 4549 de
1243 4494 1301 4548 mira
1314 4484 1364 4537 till?
1383 4511 1384 4520 ¹
