3517 5450
443 723 517 800 292
756 742 931 793 rmsuoxs
959 740 1156 791 srorcoruu.

445 923 483 965 est
501 903 711 962 conditionibus,
741 902 813 974 quod
841 902 905 955 ferri
938 921 1014 973 possa
1045 893 1209 954 existimabat
1235 897 1340 952 Gernh.
1396 897 1449 952 Sed
1474 899 1496 951 in

445 998 505 1052 Cra.
522 1002 547 1054 1.
577 1004 730 1051 correctum
749 1002 788 1046 est
807 981 906 1044 incus
953 988 1061 1059 Reliqui
1092 987 1191 1043 babent
1214 985 1383 1042 coitionibus.
1426 987 1494 1042 lianc

445 1105 534 1139 reram
552 1084 695 1137 lectionem
715 1099 771 1135 esse
789 1079 842 1131 iam
862 1077 927 1132 vidit
951 1076 985 1133 ll.
1002 1076 1108 1144 woli,
1135 1076 1182 1148 qui
1200 1076 1236 1130 ita
1254 1075 1289 1129 ad
1307 1073 1334 1131 h.
1355 1074 1385 1128 l.:
1420 1080 1495 1138 „Con-

445 1172 564 1227 cionibus
589 1172 679 1242 inepte
708 1168 815 1238 legitur.
863 1164 997 1218 Coitioaes
1026 1163 1128 1236 alioqui
1155 1162 1369 1235 conspirationes
1391 1174 1453 1215 suut
1478 1174 1497 1216 et

446 1260 582 1314 sactiones.
602 1287 636 1298 -
683 1257 753 1311 Puto
772 1254 816 1310 hic
833 1251 978 1324 significari
997 1253 1184 1307 conventicula
1209 1251 1434 1316 candidatorum,
1458 1253 1496 1323 qui

447 1359 472 1402 et
490 1347 553 1418 ipsi,
573 1356 603 1399 ut
620 1354 807 1400 accusatorum
826 1351 853 1394 et
870 1339 992 1394 iudicum
1009 1356 1113 1410 greges,
1133 1338 1222 1394 Crassi
1240 1341 1355 1395 domum
1373 1340 1495 1412 frequen·

447 1434 543 1500 tarint,
562 1452 617 1505 quo
635 1431 741 1488 facilius
759 1429 928 1500 magistratus
947 1427 1128 1483 obtinerent.“
1164 1427 1224 1482 Mc.

517 1555 682 1607 dimissiones
709 1551 876 1620 libertorum]
906 1552 996 1605 Verba
1023 1550 1188 1603 dimissiones
1207 1580 1240 1589 -
1259 1552 1418 1622 provincias
1436 1553 1496 1605 exci-

447 1644 545 1697 derunt
562 1642 590 1694 in
610 1639 677 1694 cod.
692 1640 773 1695 Drsd.
785 1645 813 1695 4.
849 1640 891 1693 Ad
913 1660 936 1693 r.
955 1639 1082 1691 coitiones
1101 1649 1193 1692 mouet
1210 1638 1304 1714 Borg„
1323 1638 1395 1694 hanc
1414 1659 1495 1694 rocem

446 1749 509 1785 curn
529 1729 608 1783 verbo
634 1728 745 1782 coeundi
771 1747 876 1800 semper
902 1728 958 1780 lere
987 1725 1073 1798 accipi
1099 1726 1136 1779 im
1165 1727 1264 1781 malam
1293 1739 1417 1800 parterns
1445 1728 1496 1782 coll

447 1815 543 1870 Graev.
563 1815 595 1869 ad
615 1813 665 1871 Or.
679 1835 729 1887 pro
750 1815 855 1869 Cluent.
873 1818 918 1869 12.
939 1813 1026 1883 Gron.
1045 1823 1072 1867 et
1089 1811 1172 1867 Drah.
1191 1815 1225 1868 ad
1244 1814 1299 1869 Liv.
1314 1815 1362 1883 lV,
1381 1819 1427 1872 tt.
1461 1815 1495 1868 Si·

447 1905 503 1959 mili
523 1914 651 1976 potestate
663 1915 817 1965 ,conventus
835 1903 888 1957 dici
907 1902 978 1974 apud
998 1901 1062 1956 Sall.
1081 1900 1113 1954 B.
1140 1899 1197 1956 Cat
1212 1906 1256 1958 80.
1275 1933 1310 1944 -
1347 1904 1404 1958 Pro
1427 1903 1494 1955 liber·

447 2001 535 2045 torum
555 1990 622 2045 Cod.
643 1989 719 2045 Suer.
739 1990 819 2045 habet
837 1991 1020 2044 liberatorum.
1056 1987 1087 2042 M
1094 2008 1116 2041 r.
1190 1983 1193 1990 ’

517 2132 753 2204 Adsensrondos]
773 2133 835 2200 „Sic
846 2134 910 2189 duo.
939 2134 983 2189 Ad
996 2135 1204 2207 desenerondos,
1218 2148 1333 2206 septem.
1360 2137 1412 2191 Ad
1424 2135 1493 2204 diffe-

446 2223 552 2286 tendas,
570 2221 632 2274 duo.
657 2221 706 2274 Ad
717 2221 884 2293 deferendos
895 2221 1027 2289 deletum,
1046 2233 1072 2276 et
1089 2221 1150 2275 add.
1162 2223 1201 2298 od
1211 2222 1408 2293 defendendus,
1425 2240 1493 2279 unus.

446 2312 495 2366 Ad
506 2309 715 2373 devenerondos,
733 2329 811 2365 uuus.
843 2311 892 2364 Ad
903 2309 1079 2380 deserendos,
1097 2320 1157 2364 tres.
1184 2310 1235 2363 Act
1244 2310 1425 2378 destinandos,
1438 2309 1492 2361 duo.

445 2399 495 2455 Ad
501 2397 664 2469 deferendos,
675 2401 772 2452 unuc“
792 2397 865 2451 ΑΜ.
880 2397 967 2451 Man.
993 2396 1039 2451 Est
1048 2397 1280 2470 defenerendosin
1291 2396 1491 2461 0¹1.E.1.U.q.

446 2487 504 2541 Bas.
523 2485 617 2541 Duisb.
634 2484 694 2538 Cra.
712 2490 739 2538 2.
758 2484 838 2541 Drsd.
852 2489 877 2538 1.
897 2489 924 2540 3.
942 2484 1010 2539 Edd.
1027 2485 1120 2539 hamb.
1140 2483 1224 2538 Suilr.
1243 2484 1317 2538 Petr.
1332 2484 1404 2538 ttub.
1423 2482 1492 2538 Grut.

445 2576 505 2648 (qui
532 2574 598 2628 haec
621 2573 769 2629 annotavit:
796 2572 897 2640 „Liber
920 2573 1034 2645 scriptus
1058 2571 1187 2626 Gulielmi
1213 2572 1395 2642 deferendos,
1428 2571 1492 2624 unde

445 2663 502 2735 ipse
528 2662 638 2733 putabat
662 2660 808 2732 aliquando
835 2661 980 2733 legendum
1004 2658 1211 2730 differendos&
1237 2660 1336 2714 Colon.
1360 2661 1395 2715 Η.
1414 2657 1491 2712 Woll.

445 2750 534 2806 Gron.
552 2750 649 2805 Graes.
667 2750 747 2805 Face.
767 2747 854 2814 Oliv.;
872 2749 902 2803 in
920 2746 980 2804 cn.
999 2751 1025 2802 1.
1042 2751 1072 2813 (a
1082 2752 1107 2803 t.
1124 2748 1175 2817 ru.)
1193 2749 1390 2820 defendendos,
1408 2749 1491 2819 (supra

446 2837 493 2892 lin.
508 2838 692 2909 fenerandos,
710 2856 772 2892 cum
791 2836 877 2908 glossa
894 2837 932 2889 od
949 2842 1073 2904 usuram)
1094 2837 1211 2909 itemque
1227 2836 1301 2892 Gud.
1312 2838 1362 2900 A.;
1382 2837 1411 2891 in
1428 2834 1492 2889 Gud.

446 2923 478 2981 B.
491 2927 637 2997 ferendos,
657 2926 686 2979 iu
705 2924 757 2981 Or.
768 2925 800 2979 N.
818 2924 1132 2996 defenondosque,
1149 2925 1177 2980 iu
1197 2924 1492 2987 Oxs.o.eto.1)rstl.5.

329 3014 334 3022 '
446 3012 524 3069 Suer.
542 3012 593 3069 Ed.
612 3032 670 3083 prc.
689 3014 865 3084 deferendos,
892 3012 921 3067 in
938 3011 1020 3066 Drssl.
1039 3017 1065 3065 ².
1085 3013 1252 3069 desermdos.
1295 3011 1405 3085 Reliqui
1429 3012 1493 3065 esbi-

446 3103 525 3165 beut,
542 3111 569 3153 et
586 3100 677 3171 scripti
696 3111 723 3154 et
741 3100 820 3167 editi,
834 3100 1003 3173 fenerandos
1023 3120 1045 3153 r.
1059 3101 1264 3171 foenerando&
1283 3101 1317 3155 de
1336 3102 1417 3157 cuius
1429 3098 1492 3153 serbi

445 3186 590 3258 scriptione
609 3187 659 3241 rid.
676 3187 738 3241 Atdi
755 3187 869 3243 Manutii
888 3186 1018 3259 Orthogr.
1039 3208 1065 3259 p.
1083 3192 1128 3244 41.
1148 3187 1253 3242 cellarii
1279 3188 1361 3243 Orth.
1381 3190 1436 3245 Lat.
1458 3187 1493 3242 ed.

445 3272 547 3327 Harles.
574 3293 600 3345 p·
621 3277 673 3329 235
691 3295 731 3347 sq.
755 3274 790 3329 G.
809 3276 839 3329 F.
864 3275 1023 3331 Grotefeucl.
1055 3274 1177 3332 Gramm.
1202 3277 1259 3332 Lat.
1283 3278 1318 3331 T.
1336 3278 1371 3333 ll.
1396 3277 1421 3351 fi.
1440 3280 1495 3333 132.

446 3384 473 3436 p.
491 3366 545 3417 16⁶
563 3382 602 3433 sq.
621 3362 651 3415 Μ
659 3383 681 3417 r.
701 3392 735 3404 -
772 3365 923 3431 „Pecunias
941 3365 969 3418 iu
989 3363 1132 3435 provinciis
1150 3365 1238 3418 ienori
1258 3364 1404 3432 locandas,
1428 3363 1494 3437 quod

445 3451 559 3504 maxime
577 3451 702 3504 usitatum
721 3450 859 3523 equitibus
877 3452 942 3517 tun,
970 3461 998 3505 et
1021 3452 1172 3522 prouincias
1195 3451 1321 3508 exhausit
1366 3453 1492 3524 Defoenc·

444 3540 546 3591 roridos
572 3549 666 3592 natum
693 3538 796 3591 ridetur
822 3558 837 3593 e
860 3539 976 3594 lectione
1001 3538 1051 3595 Ed·
1076 3538 1174 3594 Colon.
1200 3541 1264 3609 [nec
1289 3560 1355 3597 vero
1383 3539 1494 3605 nostrae]

445 3624 621 3695 deferendos,
647 3627 776 3697 quoniam
803 3628 971 3695 defoenerori
988 3647 1003 3682 a
1021 3628 1197 3700 scriptoribus
1220 3627 1410 3685 ecclesiasticis
1424 3648 1495 3684 usur·

445 3723 532 3782 patur.
570 3713 630 3765 vid.
649 3712 769 3767 Gronov.
789 3714 867 3770 Obss.
892 3715 921 3768 iu
946 3714 1006 3769 Sor.
1025 3715 1097 3771 Eccl.
1118 3737 1144 3788 p.
1157 3719 1201 3770 1⁰.
1242 3714 1281 3770 Ut
1299 3715 1494 3788 hocnegotium

445 3810 502 3852 erat
526 3802 662 3872 equitum,
696 3802 732 3856 ita
758 3804 954 3873 redemptorum
982 3815 1039 3858 crat
1066 3814 1093 3857 et
1117 3804 1326 3869 conductorum,
1356 3804 1493 3876 pecuniam

446 3905 575 3957 quaerere
602 3892 687 3957 operis
713 3890 824 3955 dandis,
848 3892 867 3945 i.
893 3912 916 3945 e.
940 3891 1075 3957 locandis,
1104 3891 1205 3947 scilicet
1228 3890 1270 3951 ad
1292 3890 1493 3953 aedificatione,

444 3976 520 4029 cuius
538 3976 577 4027 rei
596 3976 679 4029 multa
704 3978 805 4033 mentio
829 3981 902 4051 apud
927 3981 1102 4047 Ciceronem,
1132 3980 1160 4033 in
1188 3978 1284 4051 primis
1308 3978 1339 4033 in
1366 3977 1491 4038 Verrinis2

441 4062 647 4131 publicanorum
666 4064 782 4136 denique
799 4078 856 4120 erat
870 4066 980 4137 publico
999 4087 1102 4123 sumere
1120 4068 1138 4121 i.
1159 4087 1183 4121 e.
1201 4066 1352 4131 redimere,
1370 4078 1401 4121 ut
1419 4066 1492 4119 vecti·

443 4148 541 4219 galia.“
558 4148 635 4203 Ern.
672 4153 930 4223 „Defoensrondom
958 4157 976 4210 i.
995 4176 1018 4212 e.
1045 4157 1158 4209 ioeuore
1183 4154 1382 4227 opprimendas
1404 4167 1430 4211 ct
1447 4153 1493 4209 ini·

444 4235 502 4305 quis
529 4238 616 4291 usuris
641 4241 798 4294 onerandas.
842 4243 984 4298 Praetores
1002 4256 1028 4306 et
1046 4242 1220 4317 proconsules
1236 4242 1365 4315 plerique
1389 4243 1450 4297 lusu
1471 4252 1493 4294 et

442 4324 586 4393 rapacitate
604 4346 650 4380 sua
670 4329 820 4398 provincias
840 4330 1045 4399 exhauriebant,
1071 4352 1141 4405 quae
1159 4330 1257 4385 deinde
1274 4350 1291 4385 a
1309 4331 1441 4386 Romanis
1455 4329 1491 4381 lo·

441 4411 591 4482 cupletibus
614 4417 757 4488 pecuniam
784 4418 897 4473 foenore
922 4422 1090 4493 accipiebant
1120 4439 1208 4493 eoque
1235 4420 1433 4478 intolerabili.“
1465 4416 1491 4470 ll

438 4497 543 4552 Wolf.
587 4502 629 4555 At
648 4523 705 4557 rem
725 4505 814 4561 laudat
836 4506 1012 4564 Gernhardus
1030 4511 1087 4565 cic.
1116 4510 1144 4564 in
1165 4510 1243 4563 Verr.
1264 4511 1297 4575 ll,
1315 4512 1363 4564 ro.
1380 4519 1406 4562 et
1423 4525 1487 4577 seqq·
