3517 5450
452 762 690 811 ruotnuonnnt
717 760 759 804 dl)
784 760 954 809 ctcsnonrs
982 765 1166 814 ΡΔΙΛΒΟΧΑ.
1226 770 1335 816 XXXlll

247 728 252 757 i

220 808 251 987 *i
311 924 410 977 sternii
428 925 461 978 de
480 924 592 978 consilio
611 921 750 976 Ciceronis
767 923 940 989 sententiam,
960 925 1005 996 qui
1024 927 1051 978 in
1071 926 1142 981 banc
1161 928 1216 981 sere
1229 940 1336 983 senten·

247 1024 251 1073 t
311 1015 354 1065 tiam
370 1014 492 1084 disputate
513 1012 626 1065 Volebat
646 1011 741 1064 Cicero
761 1020 878 1077 tentare,
897 1023 997 1079 utrum,
1017 1033 1086 1085 quae
1105 1035 1133 1067 ex
1152 1016 1245 1068 intima
1263 1015 1337 1071 Stoi·

311 1119 381 1154 corum
398 1100 536 1171 disciplina
555 1111 640 1153 essent
668 1099 763 1169 petita,
788 1098 840 1153 dici
865 1112 970 1170 possent
994 1103 1115 1155 oratione
1138 1104 1275 1175 populari,
1301 1105 1335 1157 ita

311 1200 329 1241 ιι
341 1188 408 1259 vulgo
425 1190 505 1241 etiarn
526 1188 713 1259 probarentur.
747 1187 776 1238 ld
796 1199 824 1241 ut
843 1188 973 1254 efficeret,
994 1190 1119 1261 exemplis
1135 1193 1220 1263 magis
1243 1193 1335 1254 utitur,

311 1295 367 1344 quarn
385 1277 548 1348 argumentis
566 1276 645 1329 certis
662 1286 687 1328 et
706 1274 805 1342 firmis,
824 1287 960 1329 oratorem
981 1280 1067 1347 potius
1085 1280 1153 1350 agit,
1174 1299 1255 1351 quam
1275 1281 1335 1350 plri-

220 1360 223 1387 ²
310 1362 430 1434 losophnm.
472 1363 599 1418 Ceterum
618 1362 688 1415 haud
706 1362 828 1416 simulate
848 1366 988 1418 contendit
1005 1385 1035 1419 ea
1054 1367 1104 1419 sihi
1123 1368 1234 1420 maxime
1254 1369 1335 1422 sideri

240 1458 243 1466 ’
310 1447 417 1506 Socratica
436 1452 571 1524 longeque
591 1451 737 1504 serissima:
759 1452 859 1522 quippe
878 1453 942 1524 qui,
962 1454 1081 1523 quamvis
1098 1454 1126 1506 in
1153 1458 1246 1508 ceteris
1263 1455 1335 1509 Aca-

310 1538 385 1593 demiae
407 1541 496 1610 potius
520 1540 651 1593 rationem
677 1550 848 1610 sequeretur,
880 1541 907 1593 in
934 1541 1029 1594 morali
1054 1540 1235 1613 philosophiae
1261 1542 1335 1613 parte'

236 1691 240 1701 ,
310 1628 393 1697 propius
419 1627 454 1681 ad
479 1627 634 1681 Stoicorum
658 1627 816 1680 sententiam
840 1646 868 1680 se
892 1628 1053 1699 applicaret,
1079 1630 1112 1682 ab
1138 1629 1334 1701 Epicureorum

309 1726 372 1766 autem
387 1715 541 1787 disciplina,
560 1715 647 1786 qualis
661 1714 769 1785 quidem
790 1734 820 1767 ea
835 1726 989 1787 tempestate
1000 1717 1090 1771 multis
1107 1717 1236 1788 placebat,
1254 1718 1334 1789 longe

240 1806 253 1845 ’.
309 1800 395 1869 abesset,
413 1805 446 1856 ab
467 1821 551 1874 eaque
569 1802 754 1874 amplectenda
773 1803 939 1858 abhorreret.
981 1804 1121 1859 Insolitnm
1140 1806 1221 1876 igitur
1239 1807 1335 1859 verbo·

232 1877 243 1956 ζ’
306 1904 347 1940 run
363 1910 437 1944 usum
457 1891 484 1944 in
503 1890 556 1945 boe
572 1890 663 1944 libello
682 1908 696 1942 a
715 1889 812 1944 Stoicis
832 1904 968 1947 mutuatus
986 1905 1039 1949 est:
1056 1894 1222 1959 sententiam,
1241 1895 1261 1946 si
1275 1897 1335 1966 quis

306 1989 356 2030 recte
371 1979 543 2051 intelligeret,
561 1979 760 2032 demonstrabat
776 1999 791 2032 a
811 1979 929 2034 Socratis
946 1982 1093 2053 praeceptis
1112 1981 1176 2033 nihil
1187 1982 1334 2034 admodum

236 2053 238 2065 ⁴
303 2061 398 2121 dillerre.
442 2068 557 2120 Videbat
578 2068 618 2121 sui
643 2067 771 2137 temporis
796 2066 917 2122 homines
934 2068 969 2121 ad
987 2070 1047 2122 sitia
1065 2087 1119 2121 esse
1138 2069 1250 2122 maxime
1269 2090 1333 2141 prn-

301 2166 390 2222 pensos,
420 2157 494 2227 quod
520 2156 599 2209 nimis
625 2155 717 2226 cupidi
745 2167 832 2209 essent
851 2158 986 2210 honorum
1006 2157 1126 2228 corporis
1151 2169 1176 2209 et
1200 2156 1332 2211 fortunae.

220 2308 222 2321 ,
301 2237 394 2297 Videbat
407 2243 446 2295 rei
466 2244 589 2315 publicae
607 2263 734 2315 proceres
751 2245 866 2316 pessimo
886 2245 1008 2317 exemplo
1025 2245 1130 2317 praeire
1150 2244 1263 2311 civibus,
1283 2267 1333 2318 pro

295 2331 351 2384 reris
367 2332 445 2386 bonis
470 2343 497 2386 et
521 2332 699 2386 laudabilibus
722 2353 752 2386 ea
775 2345 921 2401 sectantes,
947 2353 1032 2406 quae,
1055 2344 1086 2387 ut
1109 2344 1171 2386 sunt
1194 2333 1333 2403 splendida

291 2432 403 2489 aspectu,
421 2421 457 2473 ita
473 2439 488 2473 a
509 2421 604 2473 merito
625 2422 776 2492 expetendis
794 2423 915 2475 animum
933 2433 1045 2475 avocant
1055 2422 1087 2490 ‘).
1127 2421 1194 2476 Earn
1214 2423 1248 2474 ob
1268 2440 1333 2475 cau-

285 2522 339 2561 sam
356 2509 381 2562 in
400 2528 447 2562 eos
462 2528 564 2581 suaque
582 2521 704 2581 tempora
723 2509 864 2564 invehitur.
909 2509 1000 2578 Quam
1026 2509 1054 2561 in
1081 2510 1199 2579 proxima
1218 2520 1334 2562 annota-

284 2594 355 2651 ¹ione
371 2599 478 2670 exposui
497 2597 625 2650 llandii
643 2598 801 2651 sententiam
826 2600 860 2650 de
879 2596 1018 2651 Ciceronis
1043 2595 1169 2661 consilio,
1195 2615 1225 2647 ea
1247 2615 1333 2666 argu.

279 2697 396 2740 ruentum
416 2706 527 2760 quoque
547 2687 647 2759 tangit,
671 2706 752 2759 quam
772 2697 900 2759 quartam
930 2683 1116 2757 disputationis
1139 2693 1244 2736 nostrae
1269 2703 1332 2754 par·

277 2775 411 2829 tentore
429 2775 553 2831 diximus.
599 2774 681 2841 Quod
707 2794 791 2847 quum
814 2784 927 2846 reputo,
954 2773 999 2826 illa
1025 2772 1089 2826 mibi
1116 2772 1245 2826 sententia
1272 2792 1332 2827 sera

274 2862 427 2932 viderilnon
448 2873 552 2935 potest,
570 2862 621 2915 nisi
639 2864 785 2917 existimare
805 2862 876 2928 velis,
895 2862 1056 2917 Ciceronem
1074 2860 1162 2932 ipsum
1176 2879 1266 2913 secum
1278 2862 1333 2916 dis·

269 2950 392 3015 ⁸entire,
420 2950 460 3002 rel
485 2949 547 3003 ficta
572 2951 692 3004 oratione
717 2951 791 3022 quasi
817 2950 930 3002 illudere
958 2950 1004 3015 iis,
1031 2950 1076 3020 qui
1101 2948 1220 3001 libellum
1247 2962 1333 3006 essent

266 3026 383 3094 lecnri.
419 3039 476 3107 Qui
496 3039 568 3091 eninr
586 3039 613 3091 id
636 3051 739 3093 tantum
759 3040 808 3093 sibi
827 3039 982 3110 proposuit,
1001 3049 1030 3091 ut
1049 3048 1210 3091 monstraret
1226 3037 1331 3106 Stoicis,

268 3138 333 3193 qua
352 3129 457 3180 ratione
476 3127 578 3197 populo
597 3128 686 3193 etiarn,
706 3147 775 3198 quae
794 3147 808 3179 a
829 3127 964 3199 plerisque
975 3126 1151 3180 irriderentur
1169 3138 1198 3180 ut
1208 3127 1332 3191 absurda,

267 3225 386 3275 possent
403 3214 461 3267 steri
481 3216 630 3286 probabilia
648 3218 769 3287 vitaeque
788 3216 877 3280 utilia,
904 3215 960 3285 ipse
978 3225 1067 3268 tamen
1086 3216 1120 3266 ab
1139 3214 1170 3267 iis
1187 3215 1333 3285 probandis

265 3303 425 3356 admodum
443 3301 605 3356 abhorrens:
625 3324 679 3375 quo
700 3305 796 3369 modo,
816 3323 931 3375 quaeso,
951 3304 973 3355 is
991 3322 1020 3355 ex
1039 3302 1121 3355 animi
1140 3302 1179 3354 sui
1203 3306 1331 3359 sententia

263 3383 314 3456 (Ῐ,
331 3396 356 3444 1.
373 3390 444 3462 pre.)
463 3391 580 3444 scrihere
599 3394 699 3462 potuitz
722 3396 827 3458 Vereor,
846 3391 983 3443 necui-
1001 3410 1065 3442 non
1082 3408 1122 3439 ex
1140 3408 1208 3440 meo
1226 3411 1330 3443 sensu

267 3474 434 3548 deprompta
453 3480 581 3532 videntur
599 3482 666 3531 hoec
692 3482 795 3532 oratio:
823 3481 933 3530 {licam
958 3490 1064 3543 tanten,
1094 3477 1186 3547 quod
1207 3478 1330 3544 sentio,

267 3601 488 3625 N—-a

270 3680 352 3766 logg.
371 3697 449 3751 1826.
467 3695 487 3748 l.
506 3699 539 3763 2,
558 3695 604 3768 qui
623 3695 714 3750 laudat
732 3697 809 3750 etiam
830 3697 1017 3749 Heumann.
1038 3692 1107 3744 tert.
1128 3690 1230 3744 Philoll.
1244 3693 1330 3751 'l’.lll.

274 3775 308 3824 Ρ·
327 3769 380 3820 694
397 3786 455 3839 sqq.
494 3766 583 3838 Prope
602 3769 705 3821 accedit
723 3768 896 3821 Baehrirrs
914 3769 930 3819 l.
942 3787 964 3820 c.
986 3765 1097 3837 quinon
1118 3773 1171 3814 tarn
1191 3766 1331 3821 erudiendi

276 3824 386 3889 lectoris
403 3855 482 3890 causa
503 3839 540 3891 ait
558 3839 689 3911 scripsisse
709 3837 884 3904 Ciceronem,
904 3857 986 3920 quarn
1004 3848 1080 3957 οιτιίεΙιι
1097 3834 1186 3905 aliqua
1206 3839 1331 3909 propria-

283 3920 335 3971 que
351 3928 435 4048 ⁵:lullae
443 3921 554 4033 rindoiii'i¹
563 3922 1044 4035 l.(tiimtiiiisiimislgiiiieiiiiiiirsiiisiisiiih¹
1054 3917 1175 4028 tdihiiim
1195 3996 1223 4027 ex
1244 3976 1331 4047 philo·

220 4069 226 4113 ζ
291 4043 372 4118 sophia
390 4051 592 4105 exornationem
612 4073 625 4104 a
646 4051 778 4105 Cicerone
797 4054 924 4124 scriptam
944 4070 1008 4114 esse,
1026 4068 1091 4110 nou,
1111 4048 1182 4117 quod
1203 4068 1247 4099 eos
1266 4068 1330 4119 pro·

294 4113 364 4185 haret,
382 4123 425 4175 sed
447 4135 477 4176 ιιι
497 4122 705 4194 reprehenderet
723 4124 782 4176 vitia
802 4125 926 4187 aliorum,
945 4122 983 4174 sui
1006 4119 1132 4188 temporis
1146 4138 1233 4170 mores
1251 4120 1330 4170 casti-

297 4201 368 4257 garet,
388 4194 474 4246 Clodii
494 4196 659 4265 nequitiam,
678 4196 812 4247 avaritiam
833 4193 936 4257 Crassi,
962 4203 991 4244 ut
1009 4190 1184 4259 improbitatis
1203 4190 1328 4258 exempla,

299 4258 454 4330 describeret,
472 4266 508 4317 ita
527 4277 630 4332 tamen,
656 4278 686 4318 ut
705 4286 759 4317 non
781 4279 832 4317 tam
852 4263 1001 4335 philosophi
1020 4272 1108 4333 partes
1126 4272 1229 4330 ageret,
1249 4279 1328 4330 quarn

220 4337 250 4403 ³¹}
302 4335 400 4402 oratoris,
427 4348 586 4407 argumenta
613 4338 737 4403 allerret,
764 4356 832 4409 quae
860 4357 913 4389 non
933 4334 967 4387 ad
986 4334 1116 4386 rationem
1143 4343 1168 4383 et
1193 4331 1328 4382 veritatem

220 4407 253 4447 nu
303 4394 390 4459 lectores
407 4408 615 4471 convincerent,
644 4410 744 4479 quippe
773 4428 887 4478 quarum
913 4405 1092 4459 infirmitatem
1119 4401 1177 4453 aliis
1199 4401 1264 4453 locis
1281 4401 1330 4455 de·

220 4469 255 4548 ist
303 4479 487 4543 monstravisset,
506 4478 580 4544 (Fin.
596 4478 642 4542 lV,
655 4483 698 4541 tt),
717 4485 760 4532 52.
778 4480 822 4544 lll,
841 4479 900 4545 tu.)
918 4477 1045 4530 nimirum
1065 4473 1161 4527 Stoicis
1179 4473 1329 4543 exemplum

220 4538 256 4587 '¹¹‘
304 4546 408 4608 probandi
426 4549 591 4603 exhibiturus
609 4570 713 4617 eorum,
734 4569 803 4620 quae
820 4550 875 4621 ipse
889 4548 1009 4601 exanimi
1023 4544 1151 4598 sententia
1166 4544 1328 4632 reprobaret.

1010 4661 1028 4703 0
