3517 5450
362 701 434 774 196
690 717 862 768 ransnoxs
891 716 1084 765 srorconuu.

360 901 440 956 quam
459 901 537 953 saepe
555 881 655 935 lactum
687 880 734 946 sit,
766 897 826 932 cum
856 897 903 930 vox
927 876 968 930 bis
994 876 1132 930 scribenda
1156 897 1170 930 a
1196 876 1315 931 librariis
1339 886 1410 938 semet

360 982 478 1035 tantum,
498 969 544 1023 sed
561 969 653 1023 litteris
673 967 762 1039 paullo
780 966 943 1032 maioribus,
961 964 1136 1029 scriberetur,
1156 965 1229 1036 quod
1249 966 1316 1036 quid
1333 967 1409 1038 signi-

359 1057 465 1124 ficaret,
485 1057 552 1112 alter
569 1057 685 1128 ineptior
705 1075 759 1109 non
779 1054 856 1120 vidit,
886 1054 912 1106 id
931 1053 1034 1120 sciunt,
1062 1053 1108 1126 qui
1127 1053 1211 1111 libros
1239 1065 1341 1108 veteres
1358 1075 1408 1108 ma·

363 1147 442 1200 nibus
460 1156 616 1200 tractarunt.
654 1145 735 1199 Recte
752 1144 833 1197 etiam
853 1153 946 1197 monet
963 1141 1028 1209 Or.,
1049 1143 1161 1196 verbum
1179 1142 1341 1212 expelletur,
1359 1162 1406 1196 non

363 1235 494 1289 adiunctis
513 1234 599 1288 verbis
615 1254 629 1286 e
648 1236 774 1298 civitate,
794 1234 884 1285 minus
902 1230 1043 1303 proprium
1062 1249 1126 1285 esse.
1162 1229 1223 1283 Mr.

430 1325 484 1394 Qui
501 1342 567 1375 cuns
579 1322 633 1375 telo
646 1321 768 1393 fueritl]
807 1321 897 1392 „Lege
917 1319 982 1373 lulia
1002 1318 1077 1372 deri
1098 1317 1207 1390 publica
1225 1328 1349 1385 tenetur,
1367 1319 1405 1391 qui

360 1431 422 1466 eum
442 1409 494 1466 telo
513 1410 575 1464 dolo
595 1410 666 1463 malo
692 1410 719 1463 in
738 1421 871 1464 conventu
891 1408 988 1475 luerit,
1014 1419 1060 1462 aut
1085 1407 1131 1460 ubi
1150 1405 1284 1461 iudicium
1310 1405 1405 1477 publice

360 1501 541 1566 exercebitur,
570 1511 598 1554 ut
617 1512 713 1554 auctor
740 1510 779 1553 est
803 1497 937 1570 Ulpianus
964 1496 1033 1549 libro
1053 1496 1227 1568 Digestorum
1244 1495 1363 1550 XLVssb
1379 1495 1404 1548 de

362 1590 385 1642 vi
404 1587 520 1661 publica.
564 1587 667 1640 Eodem
695 1589 723 1641 in
753 1587 813 1642 loco
834 1585 935 1640 Paulus
958 1584 1064 1651 scribit,
1091 1584 1208 1638 telorum
1235 1583 1404 1656 appellatione

362 1676 467 1740 omnia,
487 1695 516 1727 ei
536 1675 632 1746 quibus
645 1674 742 1746 singuli
761 1674 883 1727 homines
901 1692 999 1727 nocere
1019 1683 1144 1744 possunt,
1162 1672 1261 1744 accipi.
1297 1671 1403 1726 Auctore

361 1763 430 1816 Gaio
448 1761 655 1829 Iurisconsulto,
682 1762 855 1834 Digestorum
882 1761 928 1815 lib.
946 1761 1050 1814 XLVll.
1070 1761 1103 1814 de
1129 1761 1222 1827 furtis,
1254 1761 1299 1815 teli
1323 1760 1402 1833 appel·

361 1852 460 1906 latione
479 1863 505 1906 et
522 1852 597 1906 fustis
614 1852 755 1906 etlerrum
775 1864 801 1907 et
822 1850 904 1924 lapis,
930 1870 1011 1904 omne
1036 1851 1167 1923 denique,
1196 1851 1271 1923 quod
1299 1849 1400 1906 nocendi

361 1960 439 1995 causa
457 1939 585 2007 babetur,
604 1939 777 2013 significatur.
818 1940 889 2011 Lege
907 1937 1034 1992 Cornelia
1056 1939 1089 1992 de
1107 1939 1208 1994 sicariis
1232 1939 1319 1994 teneri
1345 1957 1401 2000 eum.

362 2027 407 2101 qui
427 2029 543 2082 bominis
560 2030 701 2084 occidendi
719 2048 798 2084 causa
817 2049 879 2084 cum
899 2028 952 2081 telo
971 2027 1160 2093 ambulaverit,
1180 2027 1332 2082 Martianus
1348 2028 1400 2082 scri·

361 2117 399 2172 bit
423 2117 597 2189 Digestorum
621 2118 742 2172 XbVlll.
768 2118 800 2171 ad
829 2118 915 2190 legem
943 2115 1096 2170 Corneliam
1124 2117 1158 2170 de
1183 2116 1315 2172 sicariis.“
1341 2117 1398 2170 Fre

361 2204 510 2277 Sylvius.
546 2207 588 2260 De
607 2206 665 2278 lege
684 2207 758 2258 Iulia
778 2207 810 2258 de
829 2207 855 2258 ei
875 2205 926 2260 vid.
945 2203 1041 2258 Orellii
1060 2204 1202 2259 Onomast.
1227 2203 1301 2258 Tull.
1318 2203 1349 2257 T.
1367 2203 1399 2256 ΙΙΙ.

362 2312 388 2363 p.
407 2297 460 2347 ttt
478 2314 537 2366 sqq.
582 2295 623 2346 De
642 2294 700 2365 lege
721 2294 841 2346 Cornelia
861 2295 892 2345 de
910 2295 1016 2347 sicariis
1034 2293 1084 2345 vid.
1101 2291 1226 2345 Eundem
1253 2293 1290 2346 ib.
1311 2312 1336 2363 p.
1353 2295 1399 2347 lit

363 2380 431 2434 Add.
449 2381 571 2435 Dirbsen.
589 2382 716 2435 Manuale
734 2383 879 2436 Latinitatis
896 2382 919 2436 F
921 2371 1025 2436 oubam
1052 2380 1118 2434 luris
1136 2378 1193 2433 Civ.
1220 2381 1301 2437 Rom.
1321 2400 1342 2434 v.
1362 2383 1399 2430 Ye-

360 2471 430 2534 lum,
450 2490 475 2542 p.
495 2472 557 2526 ⁹16.
576 2470 634 2524 Mr.
654 2500 701 2522 -.
724 2476 806 2536 „Cum
825 2472 879 2526 telo
897 2490 952 2524 ssss
971 2470 1068 2525 dicitur
1085 2470 1119 2533 is,
1148 2469 1196 2540 qui
1222 2488 1251 2523 se
1276 2468 1398 2523 mortilero

361 2558 414 2612 telo
431 2578 452 2612 s.
469 2558 647 2613 instrumento
666 2559 807 2615 armaverit
830 2561 864 2614 ad
883 2560 1001 2632 aliquem
1019 2557 1237 2612 interficiendum
1259 2568 1307 2611 aut
1323 2557 1398 2610 vulne·

361 2648 485 2701 randum.
532 2647 662 2720 Quisquis
678 2649 760 2720 igitur
778 2667 841 2702 cum
867 2648 920 2702 telo
944 2648 1008 2715 luit,
1040 2646 1141 2702 etiamsi
1167 2646 1294 2700 nondum
1319 2664 1397 2718 queu-

361 2758 442 2808 quam
471 2738 618 2804 interiecit,
649 2749 737 2792 tamen
763 2738 876 2814 habetur
904 2737 1014 2791 sicarius
1037 2736 1152 2807 ideoque
1179 2735 1308 2790 inimicus
1333 2733 1397 2803 [vides

360 2827 600 2897 Wyttenbachium
610 2827 810 2899 interpretando
829 2825 993 2898 patrocinari
1012 2825 1131 2895 vulgatae
1148 2824 1310 2893 appellatur
1326 2822 1397 2874 inirri-

361 2916 435 2982 cum]
455 2927 481 2969 et
499 2935 555 2967 non
576 2915 656 2968 modo
675 2916 744 2981 eius,
764 2934 845 2987 quern
863 2914 1015 2969 interficere
1032 2912 1129 2978 voluit,
1148 2912 1195 2965 sed
1215 2912 1333 2983 patriae,
1350 2910 1396 2982 quia

362 3013 455 3055 contra
475 3002 546 3073 leges
564 3003 626 3074 agit.
662 3003 781 3056 Pertinet
799 3013 889 3056 autem
908 3002 960 3057 hoc
984 3004 1016 3056 ad
1040 3001 1127 3072 legem
1146 2998 1307 3053 Corneliam
1328 3000 1358 3053 de
1371 2998 1396 3050 ι’·

362 3088 453 3154 saviis,
472 3089 505 3141 de
525 3109 576 3161 qua
597 3090 649 3143 rid.
685 3090 776 3144 Baebii
796 3090 860 3143 ttisr.
878 3088 931 3142 lur.
949 3090 1027 3144 Rom.
1046 3090 1075 3142 L.
1093 3087 1125 3141 ll.
1146 3091 1177 3142 C.
1195 3094 1221 3143 2.
1239 3087 1264 3161 s.
1283 3092 1345 3145 w
1360 3089 1396 3155 [est

362 3174 385 3246 5.
395 3178 440 3231 13.
460 3197 486 3248 p.
499 3180 552 3233 1³6
566 3197 604 3249 sq.
624 3178 672 3231 Et.
692 3179 736 3229 Vl.
757 3177 797 3230 ed.
816 3176 1003 3254 Stoclmann.]
1023 3177 1204 3248 Wyttenb.
1242 3177 1330 3231 Habet
1346 3174 1397 3230 cot

361 3262 420 3319 Cra.
430 3268 455 3319 1.
477 3267 525 3339 qui
542 3286 602 3319 euru
620 3268 673 3319 telo
692 3277 756 3318 urite
774 3277 899 3320 senatum
913 3268 1014 3337 suerit.
1050 3265 1119 3319 Mira
1138 3276 1178 3319 est
1196 3264 1334 3321 distinctio
1350 3263 1395 3337 plu·

360 3355 490 3407 rimarum
509 3354 578 3409 Edd.
594 3366 655 3409 ante
673 3353 766 3421 Grut,
786 3373 854 3425 quae
873 3354 996 3408 exhibent
1014 3354 1061 3426 qui
1085 3372 1145 3405 sum
1164 3353 1220 3405 telo
1238 3353 1395 3425 factitante

361 3442 506 3495 serratum?
541 3442 600 3496 Mr.

429 3531 505 3583 Ante
523 3541 646 3582 senatum
665 3541 716 3582 tua
742 3531 799 3582 sica
824 3531 988 3601 deprehensa
1013 3531 1074 3597 est]
1118 3528 1256 3593 „Auctore
1281 3528 1394 3583 Cicerone

360 3634 409 3688 pro
426 3616 543 3670 Milone:
568 3618 774 3686 Comprehensos
796 3620 886 3671 estin
909 3619 975 3671 aede
1001 3618 1120 3672 Castoris
1137 3636 1234 3671 servm
1258 3622 1294 3673 Ρ,
1320 3616 1393 3675 clodii,

359 3725 436 3776 quem
460 3706 506 3757 itte
532 3706 570 3755 ad
594 3709 640 3759 Cn.
666 3708 821 3775 Pompeium
845 3707 1059 3777 interficiendum
1084 3704 1281 3759 collocaverat:
1304 3712 1393 3758 extorta

358 3803 399 3844 est
418 3793 557 3861 confitenti
575 3793 632 3844 sica
650 3794 681 3844 de
700 3794 832 3850 manibus.
876 3783 944 3850 stem
963 3794 1054 3869 paullo
1073 3804 1146 3865 post:
1175 3794 1329 3847 Insidiator
1347 3799 1392 3843 eret

357 3882 386 3931 in
399 3881 466 3950 soro
484 3881 630 3933 collocatus
649 3892 731 3955 atque
750 3885 778 3936 in
796 3883 929 3937 vestibulo
940 3885 998 3953 ipso
1009 3884 1151 3937 serratus.“
1168 3880 1191 3934 F
1193 3899 1243 3937 rc.
1261 3878 1390 3953 Sylvius

360 3967 420 4020 Vid.
438 3965 515 4020 Orat.
535 3987 584 4039 pro
603 3968 706 4023 Milone
723 3974 750 4038 l,
769 3970 1011 4037 1⁸;cott.01.in
1030 3970 1181 4035 Pison.12,
1200 3972 1247 4025 28.
1284 3968 1322 4023 Μ.

427 4067 478 4109 rua
497 4056 565 4124 sico]
580 4082 585 4091 =
603 4056 678 4127 „Qui
705 4058 828 4112 homines
854 4058 995 4113 occidendi
1014 4077 1105 4113 caussa
1124 4077 1187 4112 cum
1207 4056 1262 4111 telo
1280 4056 1326 4121 ait,
1346 4053 1391 4121 legs

356 4145 482 4199 Cornelia
501 4156 625 4213 tenetur,
654 4166 686 4201 ac
705 4148 818 4219 proin'de
839 4148 933 4221 expelli
959 4148 1055 4212 debet3
1082 4165 1173 4200 servus
1205 4156 1305 4199 autern.
1322 4138 1391 4196 Clodii

355 4233 563 4307 comprehensus
582 4246 620 4289 est
638 4255 700 4290 cum
719 4238 770 4291 sica
788 4238 816 4291 in
835 4238 963 4292 vestibulo
982 4234 1112 4301 Senatus,
1129 4233 1164 4287 ad
1182 4232 1340 4305 Pompeium
1355 4244 1390 4279 οὒ·

354 4323 497 4376 cidendum
515 4344 530 4375 a
550 4324 660 4377 domino
680 4324 832 4379 collocatus.
870 4326 912 4379 De
932 4346 961 4379 re
977 4325 1044 4389 bac,
1070 4333 1096 4376 et
1114 4322 1190 4390 aliis,
1216 4342 1286 4394 quae
1313 4313 1389 4373 lticde

355 4406 450 4466 Clodio
468 4410 608 4478 dicuntur,
628 4411 686 4464 ride
705 4410 781 4465 Orat.
801 4433 850 4483 pro
870 4414 983 4467 Milone.
1019 4413 1041 4463 F
1048 4430 1117 4465 acc·

425 4507 488 4548 ante
507 4510 630 4551 senatum
656 4510 707 4551 tua
733 4503 790 4553 sica
819 4502 984 4571 ‹leprelsensa
1010 4501 1072 4567 est]
1120 4498 1210 4554 Codd.
1238 4498 1303 4556 Ort·
1320 4494 1346 4548 E·
1362 4488 1387 4541 U·
