3517 5450
361 712 432 783 106
692 734 862 780 rinsnoxs
890 733 1084 781 srorcouun.

355 907 409 953 est,
428 894 577 966 ubicunque
595 903 634 944 est
656 892 732 943 bene:
752 892 795 959 [ad
808 911 888 963 quern
909 891 998 944 iocum
1017 892 1103 944 sontes
1122 910 1233 962 graecos
1251 895 1384 946 monstrarit

356 984 496 1050 Davisius]
533 980 714 1051 Fro.Sylv.

426 1070 511 1121 orbem
529 1080 662 1120 terrorum
682 1086 762 1118 unam
785 1067 885 1134 urbem]
930 1067 1031 1120 Eodem
1059 1070 1141 1120 modo
1161 1067 1297 1138 Diogenes
1319 1068 1386 1138 Cyni-

356 1179 402 1213 cus
420 1159 489 1229 apud
509 1157 593 1210 laert.
618 1157 646 1208 in
672 1156 729 1208 eius
756 1158 804 1208 vita
832 1157 1028 1226 interrogatus,
1060 1156 1131 1209 unde
1150 1167 1231 1218 esset,
1258 1155 1387 1225 respondit,

355 1266 412 1298 sum
432 1246 629 1312 κοσμοπολίτης.
666 1243 802 1314 Epictetus
821 1243 932 1298 Dissert.
949 1245 980 1307 ΙΙ,
1000 1249 1047 1296 1⁰:
1077 1246 1186 1311 πολίτης
1202 1239 1227 1295 εἶ
1240 1248 1289 1294 τοῦ
1307 1240 1387 1304 κόσμου

355 1339 398 1384 καὶ
414 1339 490 1403 μέρος
507 1328 598 1383 αὐτοῦ.
636 1330 707 1382 Idem
728 1330 772 1395 ΙΙΙ,
793 1334 840 1384 tt:
870 1323 912 1382 ’ὅτι
940 1319 1156 1390 ὁκόσμοςοῦτος
1182 1339 1230 1392 utu
1249 1328 1387 1389 ιιὸλιςὶστί.

354 1419 399 1472 Sic
417 1431 442 1472 et
460 1419 614 1472 Christiani:
633 1418 767 1470 Minucius
786 1416 913 1472 Octavio:
934 1422 995 1470 Non
1010 1419 1098 1488 possis
1112 1419 1225 1488 pulchre
1241 1439 1332 1492 gerere
1347 1437 1389 1470 ren

355 1509 472 1572 civilem,
491 1509 543 1558 nisi
561 1506 713 1576 cognoveris
732 1506 802 1555 hanc
820 1523 981 1556 communem
1000 1508 1115 1558 omnium
1133 1508 1226 1558 mundi
1243 1505 1389 1559 civitatem

355 1595 532 1649 Graevius.
570 1594 614 1645 Est
641 1593 702 1645 item
729 1593 799 1664 apud
820 1592 1024 1646 Minuc.Fe1ic.
1047 1614 1072 1664 p.
1092 1597 1134 1649 31.
1152 1595 1194 1647 ed.
1213 1593 1320 1647 Oueei.:
1343 1598 1388 1644 Deo

355 1705 409 1735 nno
429 1686 521 1736 duntur
539 1694 579 1734 est
599 1683 712 1734 inundes
731 1681 774 1730 lu'c
792 1691 884 1738 totus,
913 1682 1034 1734 similiter
1053 1683 1171 1736 buerant.
1197 1682 1257 1735 Div.
1277 1683 1336 1734 inst.
1353 1682 1387 1743 ΙΙΙ,

357 1776 400 1824 29.
438 1771 514 1823 Philo
534 1771 590 1823 Iud.
610 1771 641 1822 de
660 1767 801 1821 Monarch.
821 1768 852 1834 ΙΙ,
872 1789 897 1839 ρ.
914 1774 976 1824 564.
1014 1769 1103 1837 Quem
1122 1790 1184 1822 vero
1201 1771 1292 1823 laudnt
1310 1771 1387 1822 Grae«.

356 1860 447 1912 iocum
466 1859 594 1922 Minucii,
615 1869 652 1910 est
674 1857 695 1909 is
714 1877 740 1927 p.
759 1862 802 1911 16.
822 1857 863 1909 ed.
883 1856 950 1910 Oui.
985 1857 1014 1908 M
1023 1877 1044 1911 r.

426 1968 506 1998 renam
528 1947 627 2012 urbem]
648 1945 821 2011 „Stoicorum
841 1944 977 1997 decretum
998 1957 1049 2010 est,
1077 1942 1121 1995 τδν
1139 1940 1233 2007 κόσμον
1249 1965 1304 1997 esse
1322 1962 1387 1996 unen

355 2038 497 2101 civitatem,
526 2037 552 2088 in
574 2055 625 2106 qua
647 2033 769 2087 homines
791 2046 816 2085 et
843 2033 878 2085 dii
904 2034 956 2086 sint
974 2033 1054 2098 cives,
1079 2053 1200 2086 summus
1224 2046 1313 2087 autern
1338 2032 1389 2084 deus

355 2127 479 2195 princeps
498 2136 522 2176 et
540 2125 713 2194 gubernator.
735 2120 795 2173 viu.
815 2119 871 2173 Cic.
894 2120 927 2172 de
944 2121 1025 2191 Legg.
1045 2120 1063 2172 Ι.
1083 2140 1106 2174 c.
1119 2124 1164 2176 8.“
1182 2122 1245 2189 [vid.
1266 2141 1293 2191 p.
1302 2123 1341 2174 58.
1357 2117 1388 2170 ed.

355 2224 436 2266 nostr.
456 2213 520 2283 ibiq.
540 2221 631 2264 annot.
650 2209 719 2261 Add.
739 2209 775 2263 ib.
795 2208 813 2272 Ι,
834 2211 877 2261 23.
897 2228 922 2278 p.
942 2211 1007 2261 14⁴1:
1035 2227 1091 2260 sese
1109 2229 1162 2260 non
1186 2210 1267 2261 unius
1292 2212 1387 2259 circun-

356 2302 450 2350 datum
469 2298 603 2348 moenibus
620 2298 683 2358 loci,
710 2297 758 2346 sed
779 2296 860 2344 ciuem
887 2297 972 2347 totius
997 2298 1103 2362 muudi,
1127 2298 1207 2368 quusi
1224 2299 1305 2349 unius
1322 2295 1387 2355 urbis,

356 2387 512 2456 agnoverim
532 2386 565 2438 de
581 2384 603 2436 F
605 2385 661 2437 inn.
676 2384 720 2448 ΙΙΙ,
738 2385 786 2435 1⁹:
807 2383 934 2433 mundum
951 2394 1042 2435 autem
1060 2397 1166 2436 censent
1184 2414 1217 2423 -
1238 2386 1317 2455 quasi
1333 2402 1386 2435 com·

356 2494 458 2526 enrcnem
486 2474 574 2525 urbem
603 2484 629 2523 et
659 2472 795 2522 civitatem
820 2471 955 2521 lzominum
979 2482 1006 2522 et
1034 2473 1139 2523 deorum
1147 2492 1157 2532 ,·
1186 2471 1222 2524 ib.
1240 2472 1288 2537 lv,
1304 2475 1332 2525 8:
1355 2471 1386 2522 At

355 2576 459 2633 quanta
478 2572 627 2622 conantur,
658 2560 785 2609 muudum
804 2559 875 2608 leuno
894 2578 992 2609 omnem
1012 2557 1106 2626 [Stoici
1127 2559 1256 2626 dicentes]
1281 2560 1386 2628 oppidum

354 2670 410 2701 ense
428 2651 566 2716 nostrum]
586 2649 647 2720 VVy
659 2648 766 2700 ttenb.
804 2648 928 2699 Ceterum
951 2647 1057 2700 attende
1074 2647 1107 2699 ad
1127 2647 1341 2700 paronomasiam
1358 2643 1384 2695 vei

354 2739 512 2806 παρήχησιν,
534 2758 548 2790 a
569 2736 706 2790 Ciceronis
724 2754 773 2786 usu
793 2754 847 2786 uon
868 2735 996 2800 alienam,
1015 2737 1042 2788 in
1062 2736 1147 2789 verbis
1165 2737 1252 2788 orbem
1269 2748 1295 2789 et
1307 2736 1385 2793 urben,

355 2845 469 2897 quarum
489 2824 607 2895 exempla
627 2824 758 2894 congessit
776 2821 806 2875 C.
821 2822 930 2875 Beierus
949 2824 981 2875 nd
994 2822 1050 2877 Cic.
1060 2822 1131 2877 Laei.
1141 2826 1184 2888 23,
1196 2828 1239 2877 8¹1.
1260 2827 1339 2896 p.131
1348 2841 1384 2891 sq,

356 2915 400 2983 qui
424 2913 554 2965 librorum
574 2912 652 2965 etiarn
672 2912 793 2981 copiam,
812 2911 864 2963 huc
884 2911 1056 2977 facientium,
1075 2912 1197 2964 laudavit.
1233 2911 1290 2963 ΜΓ.

426 3019 481 3050 esre
501 3000 613 3066 ductant]
634 2997 876 3051 Cod.01.1.esse
892 3010 1024 3069 putant
1034 3019 1043 3059 ,·
1063 2998 1128 3050 Oss.
1149 2998 1180 3051 E.
1199 3020 1225 3067 ’l-
1245 3002 1302 3050 Crs.
1314 2997 1384 3049 123.

357 3087 427 3139 Gud.
445 3087 476 3140 B.
504 3105 561 3139 esse
580 3088 717 3148 dicun,t;
754 3087 833 3140 Drsd.
854 3091 878 3141 1.
909 3107 965 3138 esse
994 3089 1131 3141 ducaret.
1182 3086 1287 3139 Habent
1311 3087 1383 3135 dicunt

357 3176 435 3226 etiarn
455 3174 522 3227 Edd.
541 3173 602 3227 Par.
620 3194 640 3226 s.
658 3194 681 3228 a.
701 3173 772 3227 Med.
792 3178 870 3229 1492.
889 3174 967 3228 Hdtb.
986 3196 1005 3228 s.
1024 3174 1040 3226 Ι.
1060 3186 1127 3227 eta.
1146 3178 1212 3245 Arg.
1231 3178 1310 3227 1515.
1344 3173 1384 3222 vo-

356 3281 413 3314 cein
433 3262 489 3313 esee
506 3262 603 3315 omittit
619 3262 667 3314 Ed.
687 3262 751 3314 Dav.
771 3266 848 3315 1515.
886 3262 976 3332 Pergit
995 3265 1052 3314 Cre.
1072 3267 1095 3314 1.
1113 3282 1175 3315 curn
1195 3262 1245 3315 Os.
1257 3263 1291 3316 U.
1309 3275 1334 3312 rs
1349 3261 1383 3310 mi·

355 3352 439 3401 seriae
457 3359 489 3400 et
509 3368 654 3400 aerumnae
671 3349 731 3419 (Cr.
751 3351 890 3419 erumpere)
916 3352 995 3403 Drsd.
1015 3356 1037 3403 1.
1064 3350 1154 3403 Gueif.
1180 3351 1252 3403 Gud.
1274 3355 1303 3404 A.
1322 3351 1383 3402 Rern.

356 3449 382 3487 te
401 3443 516 3509 erfipnoc
533 3449 673 3507 premunt,
698 3450 725 3489 te
751 3440 878 3491 irrisoriae.
916 3438 974 3495 Cre.
991 3446 1015 3491 2.
1038 3444 1073 3489 Te
1093 3450 1140 3489 tue
1158 3451 1282 3505 prensant
1301 3440 1383 3505 eripite,

356 3538 382 3577 te
402 3528 511 3580 miserie.
558 3527 621 3579 Post
647 3515 772 3594 premunt
800 3526 903 3579 addunt
932 3547 1020 3579 orruaes
1045 3526 1130 3578 Codd.
1156 3525 1221 3578 On.
1242 3526 1272 3578 E.
1290 3547 1313 3593 η.
1330 3539 1382 3579 n-t·

355 3613 433 3665 Drsd.
452 3618 477 3665 2.
496 3617 521 3666 4.
560 3611 666 3666 Suerin.
685 3613 743 3666 Cre.
764 3618 789 3667 3.
809 3615 900 3666 Duisb.
920 3615 991 3666 Gud.
1011 3615 1040 3667 B.
1067 3614 1133 3666 Edd.
1153 3634 1209 3684 pre.
1230 3619 1306 3669 1465.
1330 3612 1382 3663 Crat.

357 3703 424 3753 Vict.
441 3702 508 3753 Rob.
526 3701 618 3771 steph.
643 3702 735 3771 Magn.
761 3701 834 3754 Man.
856 3702 1050 3754 Lanib.Su11r.
1070 3702 1139 3753 Petr.
1168 3702 1227 3754 Cot.
1248 3714 1273 3754 ct
1300 3711 1382 3753 nostru

357 3801 415 3841 rett.
435 3808 529 3841 omnes
544 3801 604 3841 unte
624 3788 778 3842 Gruterum.
815 3790 843 3839 M
854 3810 875 3841 r.

427 3888 559 3945 premunt,
580 3879 625 3948 qui
645 3889 670 3928 te
691 3877 805 3938 beorum,
826 3880 871 3948 qui
883 3881 1026 3946 florentem
1035 3878 1130 3945 putor]
1150 3877 1215 3942 „Sic
1225 3877 1291 3929 Patt.
1302 3891 1382 3931 onmes.

358 3966 404 4016 nisi
425 3967 498 4035 quod
517 3967 648 4017 secundus
666 3977 692 4015 te
707 3967 825 4036 sortem,
845 3966 893 4035 qui
911 3977 937 4015 to
949 3969 1105 4033 florentem:
1132 3986 1186 4017 nou
1208 3966 1284 4018 maie.
1320 3960 1382 4016 Edit:

354 4062 477 4119 praenunr
497 4073 621 4116 omnes,
641 4058 687 4124 qni
706 4066 732 4103 te
751 4054 858 4104 tuarum
876 4057 923 4125 qui
943 4066 976 4104 te
988 4057 1159 4123 jlorentem.“
1179 4054 1278 4107 Grut.
1315 4053 1384 4119 „cun

357 4140 421 4193 Pan.
440 4142 518 4193 etiarn
538 4141 606 4194 Pith.
625 4143 668 4193 sed
689 4142 757 4194 Pith.
777 4161 864 4192 omnes
883 4143 1004 4194 retinet.“
1022 4142 1144 4193 Graev.
1264 4193 1269 4200 ,

429 4231 476 4298 qui
494 4241 520 4279 te
540 4229 661 4291 beatum,
680 4231 726 4298 qui
738 4232 879 4296 florentem
895 4241 981 4298 putor
990 4231 1007 4296 ‚]
1027 4228 1099 4282 Gud.
1118 4232 1150 4283 A.
1162 4235 1229 4286 ,Cen
1251 4239 1274 4285 2.
1292 4230 1388 4284 DrsdA.

359 4328 383 4368 rt
402 4321 426 4369 3.
448 4319 493 4386 qui
513 4317 651 4367 beatum
677 4328 717 4368 te.
764 4318 883 4386 Pergunt
909 4320 1007 4389 quite
1028 4321 1170 4386 florentem
1196 4322 1253 4371 Cre.
1273 4324 1296 4372 1.
1325 4320 1390 4371 Bern.

360 4404 436 4455 Drsd.
458 4409 481 4456 t.
502 4409 526 4457 3.
556 4404 615 4456 Bos.
635 4404 701 4455 Edd.
722 4416 779 4459 vett.
798 4406 912 4469 multae,
941 4406 1055 4474 exceptis
1081 4405 1131 4459 Ed.
1158 4426 1213 4475 prc.
1234 4412 1311 4462 1465.
1337 4408 1393 4458 Vin.

360 4493 427 4545 ttob.
447 4492 537 4561 steph.
566 4493 627 4546 Par.
652 4496 729 4545 1512.
757 4497 833 4546 1513.
861 4494 927 4563 Arg.
946 4497 1026 4546 1515.
1054 4493 1130 4544 Hdib.
1156 4514 1175 4544 s.
1197 4496 1212 4546 Ι.
1236 4510 1310 4548 eto.
1334 4494 1395 4547 Met.
