3517 5450
759 748 955 797 renaooxou
983 751 1017 796 ιι.
1368 731 1417 802 95

372 911 505 964 mutandis
523 912 636 962 Romam
656 907 753 961 missus
772 918 854 965 asset,
874 910 1043 980 iurassetque
1071 910 1282 976 sareditarum,
1307 916 1422 983 primurn

371 1011 399 1052 ut
417 999 508 1064 venit,
536 997 658 1067 captiuos
685 995 832 1049 recidendos
856 998 885 1048 in
903 1007 1001 1049 senatu
1028 1014 1081 1048 non
1099 999 1218 1052 conserite
1246 1000 1339 1053 deinde
1362 1021 1421 1055 cum

370 1087 531 1139 retineretur
549 1104 568 1137 o
582 1083 741 1157 propinquis
758 1092 786 1136 et
805 1082 840 1134 ab
858 1085 968 1149 amicis,
986 1084 1025 1136 aei
1041 1085 1202 1154 supplicium
1221 1088 1306 1140 redire
1318 1093 1424 1153 maluit,

371 1194 448 1249 quam
461 1174 549 1244 ficiem
568 1172 641 1223 boeti
659 1171 753 1222 datam
775 1170 903 1242 sallerc.“
931 1171 1087 1226 Morisot.
1135 1173 1244 1240 „Placet
1268 1175 1332 1229 mibi
1362 1179 1425 1230 Mo-

373 1263 442 1317 risoti
462 1261 557 1328 lectio,
579 1253 642 1311 isar
660 1262 754 1310 lseirou
774 1260 848 1321 σῶμα
875 1258 1101 1330 αἰχμαλωτίζηται
1126 1271 1152 1314 ot
1176 1260 1238 1315 buic
1261 1263 1299 1316 rei
1325 1265 1425 1317 confrr-

372 1349 484 1403 mandae
503 1347 598 1402 oerviet
615 1344 783 1400 paradoxum
803 1347 946 1418 quintum,
971 1340 1013 1399 ’ὅτι
1031 1347 1125 1407 πάντες
1150 1349 1174 1400 οἷ
1192 1354 1266 1411 acori
1283 1349 1424 1424 liciorum.

373 1437 453 1506 Quod
473 1435 601 1507 congruit
619 1452 681 1488 cum
709 1433 831 1488 doctrina
856 1434 1023 1502 Christiana,
1052 1455 1120 1507 quae
1147 1447 1176 1490 ut
1199 1438 1322 1509 corporis
1345 1443 1427 1494 servi-

374 1537 453 1578 tutem
481 1543 537 1577 non
563 1523 665 1588 aufert,
694 1523 728 1577 ita
748 1522 847 1576 Paulus
873 1525 952 1579 etiam
978 1525 1006 1577 in
1025 1524 1088 1596 ipsis
1114 1525 1225 1579 vinculis
1255 1525 1323 1581 liber
1348 1529 1427 1584 tuisf*

375 1612 464 1684 Xyst.
483 1610 669 1666 Betuleius
705 1613 888 1680 „Caperetur,
906 1613 969 1683 capi
986 1624 1012 1667 et
1031 1611 1193 1667 pithoeanus
1214 1625 1239 1668 et
1257 1614 1301 1667 alii
1321 1618 1428 1672 codices

374 1700 512 1774 plurimi.“
530 1699 651 1753 Graev.
688 1699 742 1752 Pro
762 1711 851 1754 nostra
870 1700 986 1755 lectione
1005 1700 1095 1756 laudat
1114 1702 1196 1773 Bnrg.
1215 1703 1271 1756 cte.
1291 1702 1342 1759 Or.
1350 1705 1369 1770 I,
1380 1710 1429 1761 at:

377 1789 470 1842 Virtus
487 1798 515 1839 et
540 1806 641 1856 semper
665 1796 692 1838 et
717 1786 776 1840 sola
800 1785 884 1840 libera
903 1799 957 1855 est,
989 1806 1058 1862 quae
1084 1818 1118 1830 -
1142 1791 1249 1843 etiamsi
1281 1811 1428 1863 corpora

376 1886 480 1947 capta
498 1875 575 1929 sint
593 1875 675 1927 armis
695 1885 745 1926 aut
765 1875 967 1928 constricta
988 1876 1157 1942 vinculis,
1184 1888 1273 1930 tamen
1292 1879 1426 1932 -liber-

375 1976 455 2018 tatem
475 1975 565 2017 tenere
583 1962 685 2017 debeat.
722 1961 764 2015 De
782 1961 863 2018 Finn.
883 1963 928 2030 ΙΙΙ,
948 1968 997 2017 22:
1021 1965 1160 2035 Sapientis
1179 1984 1305 2034 corpus
1322 1968 1429 2019 etiamsi

376 2053 666 2124 constringatur,
702 2050 790 2102 animo
824 2060 915 2102 tamen
947 2050 1057 2103 vinculo
1093 2053 1169 2104 iniici
1198 2052 1274 2104 nullo
1303 2067 1429 2123 possunt.

375 2139 583 2215 wyttenbachio
612 2158 666 2192 non
692 2136 848 2209 displicebat
872 2148 1044 2209 turparetur,
1078 2140 1167 2208 carpi,
1195 2139 1338 2207 nimirum,
1367 2143 1429 2212 quia

376 2232 456 2301 magis
475 2248 538 2282 curn
559 2225 732 2280 antecedente
754 2224 928 2278 cruciabatur
947 2237 1088 2297 congruat.
1126 2226 1192 2279 Mili
1206 2227 1337 2282 librorum
1351 2228 1430 2282 lectio

376 2329 476 2373 tanturn
498 2335 553 2369 non
575 2314 696 2369 omniurn
709 2314 884 2386 praeferenda
897 2313 948 2368 visa
963 2326 1009 2368 est.
1042 2318 1213 2385 Carperetur,
1230 2319 1306 2386 carpi
1325 2317 1376 2390 legi
1395 2320 1431 2374 ait

376 2403 422 2459 Or.
441 2405 470 2456 in
490 2402 558 2456 Edd.
579 2399 624 2456 Cr.
643 2414 669 2456 et
686 2402 770 2475 Lang.
805 2401 861 2456 Nos
879 2404 1028 2475 reperimus
1042 2403 1121 2456 etiarn
1134 2403 1162 2456 in
1178 2402 1240 2458 ΑΙιΙ.
1253 2409 1332 2460 tate.
1353 2406 1431 2461 Boul.

375 2491 430 2561 (sed
449 2490 499 2543 bae
518 2490 545 2542 in
566 2508 649 2562 marg.
667 2489 766 2544 habent
784 2500 903 2544 nostram
922 2491 1078 2558 lectionem)
1098 2491 1159 2548 ΑΙιΙ.
1173 2496 1252 2550 eset.
1272 2496 1334 2550 Par.
1347 2500 1426 2550 1553.

376 2580 403 2634 lu
421 2579 472 2633 Ed.
494 2577 556 2632 Asc.
575 2580 653 2632 1511.
682 2588 720 2631 est
748 2588 918 2648 carperetur,
944 2579 1021 2647 rapi5
1049 2577 1077 2630 in
1101 2579 1162 2632 Par.
1188 2601 1209 2634 s.
1228 2600 1252 2635 a.
1280 2595 1429 2652 caperetur,

377 2668 463 2740 carpi:
490 2665 574 2721 etsie
603 2665 681 2719 etiam
703 2664 789 2718 eodo.
814 2662 922 2718 Suerin.
947 2675 973 2718 et
999 2664 1079 2719 Drsd.
1098 2669 1123 2719 1.
1148 2665 1258 2739 Legitur
1283 2681 1343 2742 post
1366 2668 1432 2723 baec

375 2759 429 2827 ipsc
454 2768 524 2811 certe
550 2757 578 2810 in
603 2753 689 2810 Codd.
715 2752 785 2808 Gucl.
804 2755 837 2807 A.
863 2753 943 2807 Drsd.
964 2756 989 2808 Ι.
1009 2756 1035 2809 b.
1063 2753 1122 2809 Cra.
1141 2760 1172 2821 ²3
1197 2755 1227 2810 In
1254 2756 1334 2811 Dred.
1353 2763 1378 2812 2.
1396 2762 1429 2812 4:

340 2909 346 2916 ι
378 2846 447 2900 abest
465 2846 530 2915 ipse.
567 2844 625 2896 Vox
643 2844 702 2895 eius
720 2843 793 2896 deest
810 2841 839 2894 in
858 2839 909 2895 Ox.
927 2839 966 2906 Ε,
994 2841 1021 2894 iu
1042 2841 1122 2897 Drsd.
1140 2848 1165 2899 1.
1191 2846 1281 2898 caluit
1306 2847 1432 2900 scribitur

344 2981 349 3002 ,
378 2949 425 3003 pro
449 2931 552 3002 potuit.
575 2929 633 2984 Mc.
681 2933 761 3001 „Ipse
785 2929 802 2984 i.
830 2949 853 2983 e.
879 2930 985 2983 animus
1011 2930 1117 3003 Reguli.
1168 2932 1213 2986 Sic
1244 2933 1431 3007 philosophum

379 3005 562 3073 inexercitum
581 3018 748 3091 accepimus,
774 3037 836 3073 cum
863 3038 877 3072 a
899 3017 1029 3090 Tyranno
1049 3020 1227 3075 Nicocreonte
1254 3033 1434 3094 torqueretur,

379 3108 482 3162 dixisse:
524 3108 631 3170 Pande,
659 3108 742 3159 tunde
766 3107 929 3160 Anaxarchi
955 3108 1107 3172 sacculum,
1139 3111 1337 3162 Anaxarchum
1363 3111 1433 3164 nibil

379 3195 493 3246 tantist
514 3193 587 3248 Fre.
606 3193 697 3268 Sylv.
736 3192 776 3247 Cf.
794 3193 892 3249 Tusca.
910 3193 943 3264 ΙΙ,
962 3200 1006 3249 22.
1024 3195 1056 3249 (le
1072 3196 1104 3250 N.
1123 3197 1157 3251 D.
1170 3197 1268 3262 ΙΙΙ,33.
1304 3199 1345 3252 Ad
1371 3201 1433 3269 capi

381 3295 491 3339 annotat
510 3284 652 3355 (nimirum
673 3303 706 3337 ne
726 3284 801 3353 carpi
819 3282 932 3353 scribas)
949 3284 1082 3339 Facciol.:
1102 3285 1214 3353 „Utitur
1232 3286 1284 3342 hoc
1302 3289 1398 3355 verbo,
1416 3311 1431 3342 a

381 3394 432 3447 quo
451 3385 489 3427 est
509 3373 659 3441 captivare

449 3468 476 3514 (ζ
498 3480 559 3512 vero
579 3460 699 3512 Marium
718 3460 860 3528 vidimus,]
881 3458 1072 3527 „Plutarchus,
1093 3470 1119 3513 et
1141 3460 1272 3527 Valerius,
1291 3470 1317 3515 et
1336 3461 1432 3516 Cicero

379 3550 405 3604 in
423 3550 547 3603 Pisonem
569 3557 594 3600 et
613 3558 672 3618 poet
689 3549 746 3601 red.
766 3547 798 3600 ad
821 3547 941 3616 Quirit.“
960 3547 1032 3602 ΛΙιΙ.
1046 3546 1135 3601 Man.
1180 3547 1301 3619 intellige
1324 3548 1432 3602 Plutar-

379 3639 457 3694 chum
476 3639 504 3692 in
525 3636 584 3689 Vita
602 3635 697 3701 Marii,
724 3635 860 3689 Valerium
879 3636 1026 3689 Maximum
1046 3635 1156 3707 passim,
1180 3636 1208 3690 in
1229 3636 1322 3709 primis
1339 3635 1386 3702 Vl,
1405 3640 1431 3702 ll,

378 3730 419 3780 tt.
438 3723 509 3789 VIII,
530 3727 554 3790 2,
575 3728 599 3776 2.
617 3722 687 3789 VIII,
707 3725 751 3789 15,
769 3728 796 3777 I.
833 3721 920 3778 Locos
944 3722 1083 3777 Ciceronis
1101 3722 1228 3777 collectos
1254 3724 1334 3776 babes
1359 3725 1431 3796 apud

378 3811 510 3867 Orellium
529 3809 669 3866 Onomast.
688 3807 744 3863 Cic.
762 3809 794 3876 ΙΙ,
815 3830 841 3882 p.
860 3813 1024 3866 aee-38⁶.
1069 3810 1156 3866 Locus
1173 3811 1200 3864 in
1213 3810 1264 3866 Or.
1283 3813 1312 3865 in
1331 3812 1383 3867 Pis.
1394 3822 1432 3866 est

379 3905 466 3956 aflet
477 3919 501 3955 c.
514 3902 557 3954 19.
576 3898 604 3952 in
624 3897 743 3969 Or.post
758 3898 825 3952 Red.
842 3899 875 3951 ad
897 3897 976 3966 Quir.
996 3917 1019 3953 c.
1039 3902 1064 3953 3.
1083 3909 1108 3952 et
1127 3917 1150 3953 c.
1161 3903 1186 3953 8.
1223 3899 1270 3953 llis
1287 3899 1353 3954 locis
1370 3917 1432 3953 cum

378 3988 513 4046 cumulate
532 3987 693 4041 satisfactum
712 3988 745 4040 sit
763 3986 802 4053 iis,
824 3986 912 4058 quiin
931 3986 1090 4040 memoriam
1110 3987 1198 4039 redire
1212 3986 1325 4059 cupiunt
1341 4005 1431 4040 rerum

377 4090 512 4151 gestarum
531 4075 623 4141 Marii,
648 4074 730 4147 longa
749 4073 886 4128 Francisci
904 4072 988 4145 Sylvii
1023 4075 1055 4128 de
1082 4093 1115 4127 eo
1140 4075 1312 4128 annotatione
1337 4075 1432 4126 omissa

377 4166 527 4220 breviorem
547 4163 616 4217 addo
636 4162 689 4218 buc
706 4164 849 4217 facientem
868 4162 944 4232 Xysti
961 4162 1089 4219 Betuleii:
1108 4164 1188 4230 „Non
1208 4164 1284 4217 facile
1303 4162 1433 4228 estdictu,

377 4265 468 4308 utrum
487 4251 590 4305 Marius
607 4251 741 4305 aerumnis
758 4251 880 4323 pluribus
900 4269 934 4303 an
953 4252 1034 4305 rebus
1051 4250 1158 4322 egregie
1176 4250 1335 4322 fortiterque
1352 4253 1432 4322 gestis

376 4342 476 4397 clarior
493 4342 583 4395 fuerit.
628 4339 743 4412 Superat
769 4350 857 4391 tamen
883 4337 965 4391 virtus
996 4348 1114 4403 tanturn,
1143 4348 1173 4391 ut
1198 4355 1227 4389 es
1253 4338 1293 4389 bis
1318 4336 1432 4403 felicior,

375 4448 458 4505 quarn
478 4449 509 4483 ex
528 4428 579 4481 illis
596 4427 780 4481 aerumnosior
798 4426 850 4481 dici
870 4426 964 4498 possit:
994 4445 1079 4497 usque
1105 4425 1172 4478 adeo
1199 4444 1327 4478 aerumna
1346 4424 1432 4479 felici·

372 4531 457 4573 tatem
477 4538 507 4573 ex
527 4516 665 4572 virtutibus
683 4528 771 4570 natam
792 4534 846 4567 non
866 4514 1022 4585 exstinguit,
1049 4514 1103 4566 imo
1123 4531 1157 4566 ne
1175 4510 1299 4566 obliterat
1316 4512 1434 4583 quidem.
