3517 5450
365 709 437 783 124
688 734 859 782 rrnruoxa
888 735 1082 782 srorcouuu.

431 897 482 945 Est
502 895 594 946 neurius
612 893 641 944 in
660 891 751 957 rebus,
770 903 834 945 sunt
854 895 920 944 certi
939 894 1051 965 denique
1063 895 1154 962 fines,

431 985 504 1051 (tirus
523 980 599 1033 ultra
617 982 739 1051 citraque
757 981 849 1052 nequit
869 984 1011 1034 consistere
1030 992 1140 1033 rectum.
1159 981 1231 1035 Ald.
1252 980 1328 1032 lltlan.

360 1071 525 1134 „transilire
542 1066 609 1122 cod.
628 1070 754 1122 Venetus.
793 1069 890 1120 ln'uens
909 1081 998 1121 autem
1017 1069 1094 1134 dicit,
1121 1069 1219 1139 quibus
1237 1069 1265 1119 iu
1283 1065 1382 1120 certani-

362 1158 439 1210 nibus
458 1156 597 1210 celeritatis
617 1156 700 1226 spatia
720 1154 897 1208 definirentur
914 1161 967 1206 τῶν
985 1153 1111 1221 deterere,
1138 1167 1166 1209 ut
1192 1156 1218 1208 iu
1238 1154 1345 1225 Epistola
1359 1151 1381 1205 ad

360 1245 487 1298 Luceium
507 1242 551 1309 [ad
568 1245 671 1296 Famm.
690 1245 723 1309 V,
744 1245 811 1319 124¹,
821 1245 898 1295 Fines
918 1245 1035 1295 transire
1054 1244 1237 1300 verecundiae.
1263 1242 1332 1295 Recti
1347 1239 1382 1310 igi·

359 1343 402 1384 tur
420 1342 445 1384 et
464 1329 567 1383 honesti
586 1330 683 1383 lineam
706 1330 753 1401 qui
773 1331 890 1396 transiit,
911 1332 1031 1402 quamvis
1049 1350 1144 1402 parum
1164 1330 1245 1400 longe
1265 1346 1382 1398 procuns-

358 1420 405 1485 rit,
424 1438 480 1472 nou
501 1429 588 1472 tamen
608 1419 725 1489 peccavit
742 1438 834 1484 secus,
867 1439 948 1491 quam
974 1421 1001 1472 in
1021 1418 1072 1473 boe
1090 1421 1177 1489 spatio
1201 1417 1382 1479 strenuissimus,

359 1518 387 1560 ut
408 1505 491 1560 Stoici
510 1507 608 1562 docere
625 1506 794 1559 votuerumt‘
814 1504 987 1561 Camerar.

432 1596 579 1647 Transilire
608 1595 723 1661 lineum]
751 1591 828 1658 „Cur
848 1593 931 1664 igitur
956 1594 1067 1647 morab
1094 1594 1219 1646 omnibus
1242 1593 1383 1646 subnectitur

361 1703 420 1735 cum
438 1682 519 1734 semel
535 1683 749 1745 transieris,
767 1692 794 1733 et
811 1700 866 1733 nou
887 1680 1079 1734 transilueris?
1115 1681 1197 1752 Atqui
1227 1691 1254 1733 et
1274 1679 1383 1733 Victorius

360 1783 385 1823 et
403 1771 493 1824 luntas
512 1782 538 1825 et
556 1769 671 1840 bangius
690 1781 716 1822 et
736 1769 908 1821 membranae
928 1767 1043 1821 retinent
1061 1771 1186 1821 transire.
1231 1766 1264 1820 Et
1290 1763 1381 1820 certeil

359 1871 396 1912 est
419 1860 506 1931 ipsum
530 1857 664 1911 Graecum
695 1862 864 1927 παραβαίνειν
890 1856 919 1908 iu
950 1856 1025 1922 vitio,
1054 1855 1087 1908 de
1122 1875 1177 1927 quo
1207 1873 1282 1907 nune
1310 1854 1381 1924 agitur.

358 1946 445 2000 Etiam
464 1966 520 1999 non
539 1946 637 1999 dieitur
655 1963 736 2016 quarn
755 1944 831 2014 Iunge
847 1962 994 2012 procurras
1011 1954 1058 1995 aut
1073 1943 1214 2013 prosilias.
1234 1943 1279 1995 sed
1294 1956 1379 2010 progre-

359 2035 458 2089 rlr'are.“
476 2033 624 2088 Gronov.
674 2032 804 2099 „Lineam
829 2031 893 2085 dicit
921 2028 969 2100 τήν
1001 2031 1147 2100 urnisque,
1172 2050 1254 2101 quam
1283 2029 1380 2082 Horatius

359 2121 387 2187 [l.
407 2124 442 2189 α]
462 2122 567 2174 modurn
584 2132 610 2174 et
621 2122 707 2188 finem
726 2119 871 2190 appellat.“
892 2118 982 2188 Xyst.
1002 2119 1193 2173 Betuleius.

432 2210 589 2275 Transilire]
633 2208 693 2273 „Ad
727 2207 862 2260 Graecum
891 2207 1076 2278 proverbium:
1109 2202 1172 2275 ὑπὲρ
1202 2200 1235 2256 ui
1262 2209 1379 2266 ἐσκαμμένα

358 2299 458 2366 πηδᾶν,
475 2297 584 2348 verbum
604 2295 655 2348 hoc
674 2296 767 2348 referri
788 2307 882 2366 potest.
920 2295 972 2347 Alii
991 2294 1084 2365 legunt
1102 2295 1219 2346 transire
1243 2295 1323 2346 lineus
1338 2293 1378 2347 ie.

359 2397 469 2438 rnetam:
492 2384 541 2437 nisi
561 2383 628 2436 tone
647 2383 681 2436 ad
700 2383 861 2454 geometrica
888 2382 1080 2453 diagrammata
1106 2381 1227 2435 alludit.“
1250 2381 1282 2433 ll.
1299 2376 1379 2431 Woll.

358 2473 527 2540 „transilire
545 2472 631 2524 linens
650 2483 708 2524 erat
725 2489 865 2523 cursurum
885 2469 913 2520 in
932 2469 1024 2523 stadio.
1071 2469 1148 2522 Duae
1175 2479 1254 2521 erant
1276 2468 1302 2519 in
1318 2463 1379 2518 stadio

357 2561 451 2615 lineae.
486 2561 576 2614 Altera
597 2559 699 2612 eratin
720 2558 832 2628 longum
852 2570 941 2611 cavata
959 2557 986 2609 in
1005 2557 1097 2609 limine
1114 2557 1204 2620 stadii,
1224 2557 1266 2610 cui
1285 2572 1379 2609 cursores

358 2649 524 2715 insistebant,
542 2658 571 2700 ut
590 2667 619 2699 ex
638 2665 725 2716 aequo
742 2645 824 2698 limite
843 2646 1079 2717 progrederentur.
1114 2643 1142 2697 Si
1155 2644 1201 2714 qui
1222 2642 1288 2696 ultra
1305 2643 1378 2695 liuean

357 2737 453 2791 uellent
476 2738 579 2807 evagari
607 2747 632 2789 et
650 2736 760 2789 limitem
782 2735 951 2805 praecipere,
981 2753 1044 2787 voce
1065 2732 1206 2804 praeconis
1225 2730 1334 2785 revocari
1349 2747 1378 2780 se

357 2826 461 2879 lebant:
486 2821 593 2890 fiulfltd³
611 2821 721 2886 sindulae,
742 2825 788 2882 θὶς
806 2819 876 2875 nida
893 2820 965 2892 nupti
982 2824 1112 2887 βαλβίδαν
1141 2822 1239 2873 lineum
1257 2820 1341 2874 redde»
1355 2814 1380 2864 al

359 2916 455 2965 lineam
469 2913 563 2982 pedem
578 2931 656 2981 pune.
691 2913 757 2965 lude
776 2911 836 2964 illae
854 2911 926 2983 apud
945 2910 1142 2964 Tertullianum
1162 2911 1272 2963 crebrae
1290 2903 1379 2961 locutiu-

358 3021 419 3066 nes,
439 3001 524 3051 lineae
543 3000 678 3064 insistere,
696 3000 734 3051 nd
751 3001 847 3052 lineam
867 3000 1098 3065 dirrricure,ir1tra
1115 2998 1201 3050 lineus
1218 2997 1328 3067 gradum
1342 2990 1379 3043 sul·

357 3089 453 3158 ligere,
472 3098 498 3140 et
515 3086 621 3140 similes.
657 3088 721 3141 Erat
740 3100 764 3140 et
784 3088 834 3140 alia
853 3087 922 3140 linea
943 3090 969 3140 in
991 3087 1043 3139 fine
1062 3086 1153 3151 stadii,
1180 3106 1249 3157 quae
1267 3084 1379 3137 dicebatur

358 3176 449 3228 ultima
468 3176 553 3241 linea,
573 3176 605 3228 ad
632 3196 713 3247 quam
733 3195 826 3229 cursus
844 3174 1016 3229 finiebatur.“
1035 3174 1238 3227 Salmasius.
1284 3171 1378 3223 Primau

357 3264 400 3317 bie
418 3265 523 3336 respicit
544 3263 654 3331 Cicero,
675 3284 756 3335 quam
778 3264 823 3333 qui
843 3263 1005 3317 transiliebat
1023 3263 1200 3333 antesignum
1222 3262 1320 3326 datum,
1334 3274 1379 3329 pec·

357 3353 461 3406 cabat.“
481 3351 656 3406 Graevius.
695 3353 769 3419 „Nos
786 3352 838 3407 boc
857 3364 1045 3424 argumentum
1066 3349 1160 3404 melius
1178 3340 1378 3419 intelligemus,⁵l

357 3452 491 3492 certamen
503 3438 535 3492 ad
554 3459 664 3511 scopum
677 3439 871 3493 collimautium
891 3440 1011 3507 [meliust
1031 3437 1243 3505 collineantium]
1263 3448 1378 3490 anteusu-

355 3527 395 3580 los
414 3526 591 3582 statuerimus.
628 3527 683 3594 Qui
702 3548 814 3599 scopum
835 3528 873 3581 vel
893 3527 984 3582 leviter
1001 3528 1101 3598 attigit,
1121 3537 1207 3580 tenet:
1227 3524 1272 3595 qui
1291 3514 1377 3575 semul

356 3614 487 3668 tantillum
513 3634 527 3666 a
553 3634 635 3685 scopo
660 3615 804 3681 aberravit,
832 3628 886 3670 tam
913 3615 1022 3671 excidit,
1047 3634 1127 3685 quam
1155 3613 1201 3685 qui
1228 3606 1378 3682 longissime·l

356 3702 378 3751 X
385 3712 445 3771 yst.
466 3702 572 3754 Betul.
611 3703 757 3754 Transilire
775 3704 862 3754 lineus
880 3703 945 3755 dicit
962 3702 1133 3755 similitudine
1154 3702 1233 3754 ducta
1253 3720 1267 3754 a
1286 3692 1379 3753 cursuri·

357 3791 405 3840 bus
424 3789 450 3839 in
469 3788 562 3855 stadio,
582 3791 627 3860 qui
645 3790 714 3843 intra
734 3791 817 3843 lineas
836 3810 944 3844 currere
954 3792 1095 3855 debebant,
1116 3802 1143 3843 ut
1163 3789 1212 3842 rite
1229 3782 1380 3842 certaretur.¹¹

357 3876 454 3929 Face.
498 3875 564 3941 „Est
588 3896 714 3948 graecum
743 3880 920 3932 proverbium
947 3877 1009 3949 turp
1036 3874 1070 3929 ru*
1095 3882 1241 3939 ἐσκαμμένα
1269 3870 1381 3929 tttntu

357 3984 436 4035 super
456 3983 475 4015 s.
489 3965 555 4019 ultra
571 3965 668 4018 fossam
685 3967 776 4020 salire:
796 3989 858 4021 nam
871 3970 898 4022 in
910 3968 1077 4022 Graecorum
1091 3966 1158 4020 saltu
1172 3967 1242 4019 laeta
1257 3976 1312 4019 erat
1324 3962 1382 4036 loa,

356 4063 432 4105 erant
449 4056 592 4115 ἐσκαμμένα
612 4054 629 4105 i.
648 4074 670 4109 e.
689 4054 759 4108 linea
779 4057 907 4110 fodiendo
932 4057 1027 4123 dueta,
1053 4055 1120 4107 ultra
1148 4074 1229 4126 quam
1248 4055 1324 4107 salire
1343 4066 1383 4103 no!

357 4141 479 4194 licebat.“
498 4142 597 4212 Wytt.
635 4142 715 4195 Vides
733 4144 877 4216 plerosque
897 4146 1007 4198 verbum
1027 4143 1181 4207 transilire,
1201 4145 1276 4215 quasi
1293 4146 1325 4197 sit
1340 4142 1387 4213 plu-

355 4231 484 4281 rimorum
495 4229 657 4300 optimorum
670 4231 799 4285 librorum
809 4234 897 4299 lectio,
907 4234 1091 4303 explicandum
1106 4233 1155 4284 sibi
1164 4235 1296 4287 sumsisse.
1312 4235 1389 4306 Neque

356 4327 426 4369 certe
440 4317 577 4367 transilire
594 4319 756 4371 aCiceronis
771 4342 819 4374 usu
838 4322 956 4374 alienum
975 4333 1020 4374 est.
1057 4321 1102 4374 Sic
1113 4322 1146 4374 de
1164 4321 1215 4375 Or.
1232 4322 1277 4391 lll,
1288 4326 1330 4390 40,
1339 4327 1392 4379 16οι

357 4405 493 4456 transilire
511 4415 575 4456 unte
592 4406 797 4475 pedesposi105
817 4409 850 4461 de
869 4408 948 4461 Finn.
968 4409 1014 4475 lV,
1034 4411 1075 4470 14,
1095 4412 1145 4461 3⁹:
1170 4430 1230 4462 eum
1252 4423 1345 4463 autem
1366 4412 1395 4461 rui

358 4508 487 4543 summurn
506 4491 601 4544 bonurn
620 4494 712 4545 volunt
726 4499 877 4566 pertenire,
904 4497 1066 4550 transiliunt
1093 4500 1191 4549 omnin.
1233 4499 1338 4554 Laudat
1359 4498 1398 4551 laus
