3517 5450
378 697 452 772 268
703 720 875 769 raraooxa
903 718 1097 769 srorconorr.

374 883 438 936 bent
457 879 522 934 On.
541 877 560 934 l.
581 899 604 935 σ.
623 897 651 941 ψ.
676 880 717 943 (in
738 880 834 952 quibus
851 878 925 933 deest
949 878 1027 933 etiam
1047 877 1165 948 Graeca)
1183 878 1265 932 Drsd.
1284 883 1311 932 2.
1341 879 1416 949 (deest

373 981 399 1022 et
416 967 541 1036 Graeca).
579 966 646 1022 Edd.
674 967 735 1020 Par.
756 971 836 1022 1501.
863 967 948 1039 Lugd.
974 967 1034 1020 Ald.
1054 970 1133 1021 1511.
1170 967 1200 1019 ln
1231 965 1300 1020 Cod.
1319 968 1374 1020 Cre.
1392 972 1415 1021 1.

374 1069 411 1112 est
423 1057 502 1127 Quod
512 1057 586 1108 solus
597 1055 703 1124 sapiens
715 1056 836 1108 diversit
855 1056 1017 1108 ostendit
1025 1075 1043 1107 u
1051 1075 1074 1110 r.
1102 1054 1150 1122 lta,
1169 1055 1214 1108 sed
1234 1054 1334 1107 omisso
1345 1055 1416 1108 verbo

372 1145 537 1208 ostenditur,
568 1139 654 1196 Codd.
690 1141 748 1195 Cra.
768 1146 792 1197 3.
818 1142 890 1196 Gud.
909 1139 940 1196 B.
966 1141 1042 1196 Suer.
1072 1141 1141 1197 Edd.
1168 1164 1211 1215 ap.
1236 1142 1324 1197 Meus.
1346 1142 1415 1196 lldllr.

372 1232 433 1287 Par.
458 1251 478 1283 s.
497 1250 520 1283 a.
548 1229 614 1283 Dar.
642 1229 706 1300 Arg.
732 1229 801 1281 Ven.
826 1232 908 1283 1492.
934 1232 1013 1283 1514.
1040 1228 1102 1285 Asc.
1129 1232 1209 1283 1511.
1233 1227 1307 1284 Crat.
1335 1229 1415 1283 llerw.

371 1318 529 1390 (praemisso
547 1318 577 1368 id
593 1321 648 1382 est)
666 1315 766 1370 Sturm.
784 1315 855 1372 Aud.
873 1316 934 1370 Tal.
952 1316 1045 1383 Boul,
1064 1315 1126 1369 Ald.
1145 1320 1225 1371 1548.
1263 1318 1326 1372 Par.
1345 1321 1416 1373 1513.

371 1407 401 1460 ln
419 1405 488 1458 Edd.
509 1409 569 1459 Car.
587 1403 680 1476 steph.
698 1404 760 1458 Ald.
781 1408 860 1459 1552.
887 1403 963 1478 Sylb.
989 1406 1107 1476 itemque
1132 1405 1160 1458 iu
1180 1404 1248 1460 Cod.
1274 1406 1368 1460 Duisb.
1383 1417 1416 1460 est

370 1494 449 1564 Quod
465 1494 539 1547 solus
557 1495 663 1562 sapiens
682 1494 763 1548 dives.
810 1491 840 1545 lu
860 1492 928 1547 Edd.
948 1492 1012 1544 Ern.
1038 1503 1063 1546 ct
1080 1490 1181 1545 Gernh.
1206 1492 1248 1561 (in
1269 1491 1367 1564 quibus
1383 1503 1415 1545 est

370 1583 479 1636 varietas
497 1580 628 1635 Codicum
647 1580 727 1648 On.)
750 1580 879 1652 legimus,
906 1582 935 1634 iu
962 1580 1047 1634 Codd.
1071 1579 1103 1633 E.
1122 1580 1155 1633 N.
1175 1579 1210 1633 U.
1230 1600 1257 1648 q.
1277 1599 1333 1633 esse
1355 1581 1414 1633 Ad-

369 1681 434 1736 est,
454 1670 526 1741 quod
543 1669 617 1721 solus
635 1669 742 1738 sopiens
759 1669 797 1720 sit
816 1668 899 1723 dives.
945 1666 1027 1735 Quod
1047 1678 1085 1720 est
1103 1667 1143 1719 vel
1163 1686 1311 1738 operarum
1331 1665 1413 1720 vitium

369 1756 408 1809 sel
429 1757 576 1811 scribarum
602 1775 652 1827 pro
670 1756 773 1806 idest:
799 1753 865 1807 illud
896 1755 949 1808 reri
975 1765 1013 1808 est
1038 1754 1156 1808 similius.
1193 1754 1266 1809 Gud.
1285 1755 1317 1808 A.
1345 1755 1415 1825 Quod

368 1845 441 1898 solus
458 1846 564 1915 sapiens
582 1846 619 1897 sit
639 1844 719 1897 dives.
756 1842 815 1897 lltlr.

438 1933 528 1984 Solum
546 1960 582 1972 -
601 1931 720 1999 divitem]
758 1929 835 1997 „lloc
860 1949 970 2002 quoque
998 1930 1154 1985 Paradoxon
1180 1931 1351 1986 Socraticum
1374 1941 1412 1984 est

367 2019 490 2074 Socrates
508 2019 580 2072 enim
599 2018 670 2090 apud
689 2018 829 2072 Platonem
849 2019 877 2071 iu
899 2016 1022 2071 Phaedro
1041 2019 1105 2072 deos
1123 2031 1198 2086 orat,
1225 2031 1257 2073 ut
1274 2019 1411 2091 sapientem

366 2110 451 2163 solum
471 2107 576 2162 divitem
594 2107 748 2162 existiment.
785 2107 858 2161 ldem
877 2116 1003 2177 rogatus,
1022 2127 1055 2160 an
1075 2107 1216 2179 quisquam
1236 2105 1339 2161 Croeso
1355 2107 1411 2160 hea-

365 2198 418 2250 tior
436 2207 517 2258 esset;
536 2195 698 2261 nescirem,
718 2207 850 2267 quantum
869 2193 979 2247 haberet
998 2195 1113 2263 virtutis,
1139 2196 1286 2267 respondit.
1328 2194 1409 2266 Signi-

366 2284 461 2338 ficabat
482 2285 569 2349 enim,
609 2302 643 2335 ne
669 2282 775 2336 divitem
805 2282 914 2354 quidem
945 2301 1007 2335 eum
1033 2302 1102 2349 esse,
1140 2283 1190 2336 nisi
1214 2283 1323 2356 sapiens
1347 2292 1410 2336 esset

365 2373 483 2426 Auctore
503 2371 609 2424 Valerio
628 2369 745 2423 Maximo
764 2370 809 2422 lib.
830 2369 887 2422 Vll.
907 2370 985 2440 [Cap.
1005 2373 1030 2435 1,
1050 2375 1074 2423 2.
1092 2391 1119 2441 p.
1138 2373 1190 2424 621
1209 2391 1250 2443 sq.
1281 2371 1324 2424 ed.
1347 2371 1408 2422 Tor-

364 2461 433 2527 ren.]
453 2459 544 2531 Gyges
562 2477 646 2530 regno
665 2457 765 2530 Lydiae
783 2458 864 2511 armis
883 2469 908 2512 et
933 2458 1028 2512 divitiis
1055 2457 1285 2512 abundantissimo
1304 2458 1407 2522 inflatus,

364 2547 518 2618 Apollinem
543 2545 668 2619 Pythium
687 2547 847 2601 sciscitatum
867 2546 951 2611 seuit,
978 2565 1013 2599 au
1040 2547 1181 2617 quisquam
1209 2546 1365 2600 mortalium
1385 2564 1407 2598 se

363 2648 430 2690 esset
448 2637 560 2690 felicior.
604 2634 678 2687 Deus
697 2654 725 2687 er
744 2634 834 2688 abdito
853 2634 960 2687 sacrarii
989 2652 1071 2706 specu
1093 2653 1157 2686 voce
1182 2633 1276 2698 missa,
1301 2634 1406 2706 Aglaum

362 2722 535 2795 Psophidium
556 2721 579 2776 ei
599 2722 731 2795 praetulit.
768 2721 792 2776 ls
811 2734 868 2775 erat
886 2721 1022 2775 Arcadum
1038 2721 1242 2794 pauperrimus,
1268 2723 1315 2775 sed
1333 2734 1406 2777 aetate

363 2814 415 2865 iam
434 2812 524 2865 senior
542 2812 670 2865 terminos
697 2810 775 2882 agelli
794 2811 834 2864 sui
859 2830 999 2882 nunquam
1027 2809 1186 2877 excesserat,
1218 2809 1324 2882 parsuli
1347 2810 1406 2863 ruris

363 2901 493 2955 fructibus
510 2919 542 2954 ac
559 2899 736 2971 voluptatibus
755 2902 927 2953 contentus.“
950 2899 1023 2951 Frc.
1041 2897 1190 2968 Sylvius.
1210 2928 1246 2939 —
1293 2899 1406 2966 „llabeut

363 2990 414 3044 hoc
432 2990 587 3043 Paradoxon
605 2987 690 3041 Stoici
710 3007 771 3042 cum
792 2987 901 3059 Cynicis
924 3005 1076 3040 commune.
1123 2986 1211 3040 Ladrt.
1236 2987 1265 3039 in
1285 2988 1336 3040 rita
1356 2986 1405 3039 Me·

363 3077 468 3130 nedemi
487 3076 617 3147 Diogenis
635 3076 735 3129 dictum
754 3077 848 3129 refert:
878 3072 907 3134 ὃς
928 3077 1021 3136 ἔφασκε
1046 3077 1115 3126 θεῶν
1131 3079 1178 3137 μὶν
1195 3077 1266 3127 ἴδιον
1283 3064 1405 3143 strupra

363 3160 434 3221 derio
451 3166 571 3230 δεῖσθαι,
588 3166 640 3215 τῶν
660 3166 689 3215 dl
708 3170 780 3223 θεοῖς
799 3160 893 3226 ὁμοίων
910 3160 1002 3230 tityon
1017 3161 1129 3234 χρῄζειν.
1172 3163 1280 3217 Citatur
1298 3164 1403 3218 Musunii

362 3253 477 3307 dictum:
515 3254 567 3304 τῶν
584 3255 630 3313 μὶν
646 3254 764 3321 Κροίσου
792 3257 836 3304 καὶ
854 3249 949 3320 Kripou
969 3252 1112 3321 θησαυρῶν
1129 3257 1220 3303 πενίαν
1238 3250 1352 3321 ἐσχάτην
1367 3270 1403 3303 κν-

361 3337 581 3410 ταψηφιούμεθα,
609 3339 653 3391 ἕνα
671 3342 700 3392 dl
719 3344 762 3391 nul
774 3336 851 3401 μόνον
870 3336 1022 3401 πιστεύομεν
1039 3333 1103 3392 εἶναι
1120 3338 1246 3392 πλούσιον
1266 3344 1313 3393 καὶ
1330 3336 1402 3402 eoois,

360 3423 406 3481 to'v
425 3425 566 3490 δυνάμενον
587 3426 739 3497 κτήσασθαι
757 3423 788 3479 sd
804 3424 918 3485 dresdelc
936 3429 1099 3493 πανταχοῦ.“
1118 3427 1213 3499 Xyst.
1231 3429 1345 3484 Betul.

431 3520 507 3588 Quae
524 3526 566 3569 est
584 3510 640 3569 ista
657 3516 686 3568 in
704 3516 932 3569 commemorando
947 3515 1074 3585 pecunia]
1110 3515 1181 3583 „llic
1191 3537 1308 3590 quoque
1319 3516 1401 3571 Cicero

358 3605 474 3676 aliquem
490 3603 597 3656 divitem
615 3614 780 3669 senatorem,
801 3604 900 3675 opinor
919 3606 1058 3670 Crassum,
1076 3604 1221 3675 spectavit,
1244 3607 1272 3660 id
1294 3605 1364 3680 quod
1379 3622 1400 3655 er

359 3692 512 3746 definitione
530 3691 615 3745 divitis
633 3703 693 3763 post
710 3691 790 3745 allata
809 3703 896 3765 patet,
914 3712 983 3764 quae
1001 3692 1051 3746 suit
1070 3692 1166 3745 Crassi.
1202 3693 1276 3747 Nam
1296 3706 1354 3767 post
1369 3692 1399 3745 lo·

359 3780 450 3851 quitur
467 3778 501 3832 de
519 3780 610 3831 ordina
629 3778 756 3833 hominis:
778 3798 838 3832 curu
855 3781 904 3833 isti
921 3781 1009 3833 ordini
1026 3779 1083 3849 (cui
1102 3790 1130 3834 tu
1150 3798 1187 3850 sc.
1203 3800 1233 3834 es
1252 3779 1399 3854 adscriptus)

358 3884 390 3917 ne
408 3867 536 3918 honestus
554 3866 659 3938 quidem
675 3868 762 3935 possit
784 3885 841 3920 esse
866 3868 938 3920 alius
957 3871 1113 3939 quaestus.“
1136 3866 1218 3925 Ero.
1265 3870 1310 3925 Ad
1335 3870 1398 3924 verba

358 3951 463 4006 confert
480 3951 560 4023 Borg.
581 3952 637 4006 Cic.
655 3952 689 4005 de
706 3953 773 4025 Rep.
790 3952 811 4021 l,
830 3956 877 4007 15:
904 3974 989 4027 nequa
1016 3955 1178 4007 insoleus
1203 3958 1398 4013 ostentatio.

357 4039 429 4093 Lael.
449 4043 506 4095 13.:
541 4041 637 4110 Quae
660 4040 1029 4094 est-istasecuritas?
1064 4042 1107 4094 Ad
1133 4062 1194 4096 rem
1223 4046 1319 4100 laudat
1342 4041 1398 4099 Ald·

356 4128 443 4182 Mau.
479 4127 597 4181 Plinium
615 4128 732 4195 XXXlll,
751 4133 794 4183 10.
831 4128 900 4183 Cod.
919 4128 999 4183 Drsd.
1017 4133 1043 4183 5.
1061 4129 1141 4184 habet
1164 4136 1339 4187 memorando
1361 4148 1398 4205 pro

356 4236 485 4269 commem.
523 4216 582 4271 ΜΓ.

426 4308 503 4374 Quae
518 4317 560 4358 est
578 4306 634 4357 istu
653 4307 716 4373 etc]
753 4306 826 4372 „Eos
849 4306 1034 4377 reprehendit,
1060 4308 1108 4378 qui
1132 4307 1162 4360 iu
1181 4309 1282 4365 divitiis
1300 4312 1351 4367 suis
1366 4308 1396 4361 ui·

357 4393 440 4444 mium
459 4392 506 4445 sihi
526 4392 645 4463 placent;
663 4394 690 4446 iu
712 4395 803 4465 primis
821 4396 858 4452 Μ,
878 4396 1012 4460 Crassum,
1032 4414 1061 4447 ex
1081 4396 1160 4449 cuius
1173 4398 1238 4453 Vita
1257 4400 1329 4472 apud
1345 4398 1395 4451 Plu·

359 4479 478 4532 tarclsum
496 4499 592 4551 magna
611 4479 673 4537 huic
692 4484 872 4539 exercitationi
893 4487 935 4539 lux
954 4482 1085 4540 accedit.“
1103 4482 1127 4535 F
1135 4504 1209 4540 acc.
