3517 5450
365 715 437 788 108
695 740 865 786 rininoxi
892 739 1085 787 arorcoauu.

361 917 430 969 quae
448 898 481 949 de
500 898 592 950 lormis
616 899 656 949 nil
683 908 709 950 et
734 907 793 961 sat,
819 895 944 950 Ciceroni
971 918 1026 952 non
1046 898 1160 962 usitatis,
1185 897 1299 968 disputat
1315 897 1343 951 0.
1358 898 1384 950 Μ.

360 985 466 1039 Miiller.
485 987 512 1037 in
530 984 608 1038 Curis
626 984 748 1039 secundis
766 985 798 1037 ad
819 984 875 1038 Cic.
895 985 945 1039 Or.
958 1007 1007 1058 pro
1026 985 1111 1039 Sestio
1129 983 1385 1053 (conticiscet.)

361 1095 386 1145 p.
404 1077 439 1129 13
458 1095 496 1146 sq.
513 1104 547 1114 -
583 1073 661 1126 Unus
679 1073 758 1125 Drad.
776 1077 802 1126 4.
822 1071 900 1125 habet
919 1093 983 1124 nan
1002 1084 1059 1125 eat
1077 1082 1126 1126 est.
1163 1072 1221 1124 llllr.

430 1175 457 1214 et
476 1163 506 1214 id
521 1164 608 1232 ipsum
626 1180 659 1213 ne
677 1180 729 1212 nan
746 1160 796 1227 eit]
816 1159 925 1230 „Vulgo
941 1172 1000 1230 post
1011 1161 1098 1230 ipsum
1113 1159 1220 1212 additur
1230 1161 1302 1230 quod
1316 1160 1385 1222 tate,

360 1270 428 1323 quae
447 1253 525 1304 verba
544 1252 674 1304 abeunte
693 1249 785 1301 decern
804 1249 929 1300 nostris.“
949 1248 1022 1301 Atd.
1039 1248 1125 1301 Man.
1160 1245 1226 1315 „sic
1242 1246 1312 1316 (aine
1334 1246 1387 1318 quod

359 1338 451 1403 habes)
470 1337 526 1390 Pal.
543 1357 595 1392 aec.
612 1336 750 1389 Pithoean.
768 1354 819 1388 nec
840 1354 895 1388 nan
914 1335 972 1388 Pal.
991 1346 1050 1390 tert.
1064 1336 1161 1406 aliique
1174 1334 1254 1388 MSS.
1271 1335 1319 1388 nisi
1332 1333 1385 1406 quod

360 1424 586 1496 plerique-rerba
611 1423 756 1477 auctiores:
781 1422 941 1474 diuturnum
962 1424 1133 1493 futuram
1160 1426 1246 1477 timec.
1289 1423 1386 1477 Educ

358 1513 388 1562 id
405 1516 493 1582 ipsum
512 1511 603 1584 quad
620 1510 739 1577 tabes,
766 1527 798 1561 ne
815 1528 868 1560 nan
886 1510 923 1560 u'r
942 1511 1102 1562 diuturnum
1114 1511 1284 1580 futuram
1305 1513 1386 1562 timet

360 1600 430 1653 Gru
440 1612 457 1653 t.
493 1600 598 1653 Habent
610 1599 724 1670 glossam
743 1598 815 1669 quad
831 1595 913 1648 trabea
932 1617 962 1650 er
978 1597 1029 1649 Or.
1039 1598 1114 1650 libris
1134 1597 1201 1651 Cocl.
1216 1599 1277 1652 Bas.
1288 1599 1333 1651 Ed.
1344 1615 1385 1669 pre.

359 1693 438 1743 1465.
458 1687 507 1740 Ed.
521 1708 564 1758 ap.
582 1687 667 1739 Meus.
686 1689 757 1738 Crat.
776 1684 1019 1756 Magnot.tttanur.,
1037 1705 1066 1738 ex
1085 1687 1181 1738 nostris
1200 1684 1295 1740 Crnl.
1313 1684 1384 1739 OnU.
1420 1712 1421 1717 =

358 1773 465 1833 Suerin.
484 1776 551 1828 Edd.
571 1787 631 1828 ante
650 1774 728 1828 Grut.
747 1793 855 1838 ornnes,
876 1791 945 1844 quae
970 1773 1033 1826 item
1051 1771 1151 1827 liabent
1167 1775 1315 1844 futurum,
1331 1771 1384 1843 quel
1420 1798 1421 1803 =

359 1884 413 1917 non
434 1864 531 1918 habent
556 1864 648 1916 lamb.
673 1862 757 1915 Sullr.
786 1861 857 1914 Petr.
879 1859 975 1913 Calon.
996 1859 1073 1914 Grut.
1098 1872 1202 1932 etpost
1230 1880 1293 1914 eura
1315 1876 1385 1912 amors

358 1964 419 2005 ante
439 1951 538 2018 orell,
566 1971 628 2005 curn
646 1970 701 2022 quo
719 1969 777 2003 eam
796 1968 903 2015 rocem,
930 1967 998 2020 quae
1018 1949 1130 2019 glossam
1150 1949 1340 2014 non'redolet,
1355 1966 1383 1998 re-

359 2040 498 2094 stituimus.
542 2038 646 2092 Habent
671 2049 760 2092 autem
773 2039 908 2108 futurum
935 2049 1039 2108 praeter
1058 2037 1125 2090 Edd.
1148 2058 1215 2109 quas
1234 2039 1382 2098 laudavimn
1417 2046 1421 2055 '

358 2126 442 2180 Codd.
461 2127 541 2189 011„
561 2136 670 2197 excepto
687 2125 736 2194 N.‚
756 2124 814 2178 Cra.
828 2129 854 2178 1.
873 2128 899 2180 3.
918 2125 998 2178 Drsd.
1017 2128 1044 2179 1.
1063 2130 1087 2177 2.
1106 2129 1132 2180 3.
1150 2130 1175 2179 5.
1211 2124 1317 2179 Suerio.
1332 2124 1383 2178 Gal.

357 2219 389 2268 A.
411 2216 439 2267 Β.
458 2215 552 2268 Duisb.
601 2213 655 2266 Sed
680 2234 731 2265 non
750 2213 877 2265 omissum
904 2223 942 2266 est
960 2213 988 2265 in
1006 2211 1065 2266 Crz.
1083 2218 1108 2266 1.
1133 2213 1204 2266 Gud.
1223 2220 1258 2267 A.
1284 2213 1382 2266 Drull

359 2300 655 2370 2.3.011.E.U.q.
699 2301 753 2353 Pro
781 2320 813 2352 ne
831 2321 883 2353 non
901 2300 1000 2354 liabent
1018 2312 1050 2352 ut
1068 2300 1148 2354 Drsd.
1166 2305 1193 2354 4.
1223 2301 1291 2353 Edd.
1309 2299 1381 2352 leni.

359 2390 455 2443 Calon.
489 2388 629 2453 Abeunt,
647 2390 826 2458 anteipeum,
852 2389 1110 2442 incontinua.
1147 2388 1177 2440 ln
1197 2389 1278 2442 Drsd.
1296 2385 1382 2454 &legi-

358 2489 402 2531 tur
419 2477 449 2527 id
464 2478 553 2547 ipsum
572 2478 703 2548 quidem
721 2479 777 2528 tis
796 2497 828 2529 ne
845 2497 915 2538 nan,·
934 2479 962 2531 ia
973 2477 1089 2530 Gudal.
1109 2478 1243 2532 diurnum.
1261 2474 1380 2531 Ed.suttr.
1420 2482 1421 2487 ’

359 2566 430 2620 Petr.
449 2576 482 2616 ut
500 2584 552 2617 nan
570 2566 607 2617 sit
625 2566 792 2617 diuturnum.
827 2566 886 2619 Mr.

428 2654 457 2705 id
471 2654 569 2724 ipsum]
607 2653 638 2705 la
656 2653 730 2706 libris
748 2649 927 2724 vulgatis'leg.
947 2655 977 2705 irl
994 2656 1082 2724 ipsum
1100 2654 1173 2726 quod
1190 2652 1285 2717 trabes,
1302 2671 1332 2702 ne
1345 2664 1380 2700 naa

358 2744 516 2795 diuturnum
528 2743 563 2793 sit
577 2743 718 2812 futurum.
738 2741 846 2797 Scilicet
858 2765 872 2797 a
884 2744 972 2797 sciolis
984 2742 1124 2814 explanare
1138 2741 1293 2794 volentibus.
1308 2740 1379 2791 l’acc

426 2841 454 2882 te
479 2832 665 2897 conscientiae]
699 2835 753 2896 „Te
778 2833 955 2883 conscientiae
979 2841 1081 2895 tuae,
1106 2831 1185 2882 tres.“
1222 2828 1295 2881 ΑΜ.
1317 2824 1378 2879 Mra.

357 2918 445 2987 „Cum
459 2919 576 2973 efficacia
597 2920 706 2990 ponitur
723 2918 835 2971 Pluralis
853 2921 1043 2975 conscientiae,
1067 2918 1128 2989 quia
1148 2915 1227 2970 habet
1251 2916 1378 2969 adiunctum
1419 2903 1421 2952 ἶ

357 3008 495 3080 pluralem¹
516 3007 730 3074 rnaleficiorurn.“
744 3008 782 3058 W
791 3028 807 3077 y
816 3017 849 3060 tt.
888 3007 929 3059 De
939 3006 1089 3060 pluralibus
1104 3006 1246 3058 nominum
1260 3007 1379 3058 abstracta

358 3115 418 3147 rum
435 3095 485 3148 vid.
504 3092 534 3147 C.
546 3093 580 3145 G.
597 3093 630 3145 la
640 3112 677 3145 co
687 3093 712 3145 b.
732 3094 835 3147 Prolus.
850 3096 971 3147 Portens.
993 3098 1076 3148 1841:
1096 3097 1137 3149 De
1148 3096 1204 3148 Usu
1225 3094 1325 3148 numeri
1337 3090 1378 3162 plu·

357 3181 418 3234 ralis
436 3181 506 3251 apud
528 3181 623 3233 Poetae
641 3180 755 3233 Latinas.
773 3201 800 3252 p.
820 3184 930 3234 1-18.
973 3180 1019 3235 Sic
1046 3183 1137 3253 plane,
1170 3194 1200 3235 ut
1225 3179 1377 3239 australem,

355 3272 461 3324 locutus
479 3280 517 3323 est
535 3268 591 3323 Cic.
611 3289 660 3340 pro
679 3269 755 3322 Rosc.
773 3268 834 3323 Arn.
855 3274 900 3335 24,
918 3273 967 3323 tt:
991 3289 1071 3321 suuni
1089 3288 1217 3341 quemque
1237 3269 1320 3321 scelus
1335 3263 1378 3334 agi·

355 3370 468 3411 tat-:
500 3378 565 3411 auae
596 3357 683 3409 malae
714 3359 890 3427 cagitationes
919 3358 1223 3427 conscientiaeque
1259 3358 1377 3407 terrent·

355 3445 489 3517 Singulari
516 3444 719 3499 numero'dixit
744 3444 812 3499 Phil.
830 3447 865 3512 V,
884 3449 909 3511 6,
930 3448 978 3499 15:
993 3446 1135 3500 ,scelerum
1160 3446 1316 3515 magnitudo
1336 3457 1378 3492 con·

355 3536 467 3586 orientia
486 3535 677 3602 maleficiorum
697 3562 740 3582 -·
776 3531 834 3586 ΜΓ.

425 3630 452 3671 te
472 3621 645 3672 conscientiae
663 3621 807 3672 stimulant
821 3622 866 3687 —]
887 3620 1021 3685 „Auctore
1041 3622 1172 3675 Cicerone
1191 3622 1220 3675 in
1239 3624 1268 3676 L.
1277 3623 1376 3676 Pisonem

357 3711 411 3776 [18‚
429 3709 503 3775 43.],
522 3710 681 3777 supplicium
703 3720 761 3775 eet,
786 3710 858 3780 quad
880 3711 998 3762 accidere
1023 3711 1121 3761 nerriini
1145 3722 1252 3779 potest,
1278 3711 1328 3763 nisi
1346 3724 1377 3757 nr

356 3797 440 3846 uenti:
458 3805 583 3864 suscepta
594 3797 696 3866 fraus.
715 3798 844 3866 impedita
857 3808 885 3849 et
903 3817 1030 3867 oppressa
1048 3818 1120 3852 inens
1138 3802 1305 3863 conscientia,
1323 3798 1378 3849 bant·

356 3900 415 3933 rum
433 3883 547 3933 amnium
565 3883 667 3941 odium,
686 3893 752 3935 nata
770 3885 844 3935 iusta
864 3896 990 3950 renatus,
1009 3887 1117 3939 amissio
1135 3887 1288 3958 dignitatis.
1328 3884 1378 3937 tter

357 3968 446 4039 paullo
465 3980 524 4039 post
542 3973 597 4039 [zu
615 3974 676 4039 46]:
698 3972 789 4023 Nolite
807 3974 876 4022 enim
891 3983 1003 4041 putare,
1021 3977 1054 4030 P.
1075 3978 1116 4038 0..
1138 3975 1217 4026 utin
1235 3994 1312 4027 scena
1327 3970 1378 4026 cite·

356 4058 406 4122 tis,
424 4058 540 4109 homines
558 4060 748 4113 consceleratae
768 4062 885 4129 impulsu
905 4062 1012 4119 dearum
1038 4064 1133 4113 terreri
1151 4064 1298 4116 Furiarum
1315 4058 1379 4113 rutis

355 4144 520 4200 ardentibus.
556 4150 614 4197 Sua
639 4167 766 4220 quemque
778 4150 873 4219 fraus,
893 4170 973 4202 ruam
985 4150 1109 4221 facinus,
1127 4170 1206 4203 auum
1225 4153 1325 4214 scelus,
1346 4162 1381 4201 ut

356 4235 472 4286 audacia
491 4234 522 4284 de
540 4236 660 4286 uanitate
679 4254 711 4286 au
735 4248 820 4290 mente
844 4239 980 4291 deturbat.
1026 4242 1088 4290 Hae
1105 4250 1172 4291 aunt
1197 4240 1335 4309 impiarum
1346 4236 1383 4307 su·

356 4324 426 4388 riae,
444 4324 496 4374 liae
506 4324 650 4391 flammae,
669 4324 719 4374 liae
732 4325 822 4395 faces.
860 4325 1047 4380 Conscientiae
1063 4326 1187 4379 stimulus
1208 4338 1336 4398 quantum
1351 4324 1386 4376 la·

356 4409 454 4460 minem
474 4409 608 4479 quiescere
627 4430 682 4464 non
701 4411 783 4477 sinat,
813 4424 944 4483 quantum
974 4415 1029 4467 eius
1048 4426 1165 4467 mentem
1185 4427 1274 4480 vexet,
1298 4414 1388 4467 Macra

358 4494 415 4547 bius
434 4517 482 4566 per
508 4497 623 4551 fabulam
644 4518 701 4550 earn
721 4500 753 4553 de
772 4500 851 4573 Tityo
870 4490 994 4573 ¹gigante,
1020 4523 1088 4575 quae
1115 4515 1153 4557 est
1172 4505 1244 4575 apud
1265 4505 1391 4576 Virgilian
1420 4573 1421 4580 ἵ
