3517 5450
1142 682 1155 705 .

590 743 783 791 rsasuoxou
812 744 842 790 v.
874 745 943 794 τοι».
960 748 995 804 u.
1242 724 1312 798 251

270 902 338 972 quasi
358 899 455 973 pusilla
476 901 588 971 pecunia
610 903 662 954 sire
681 902 873 972 patrimonium
893 904 1028 977 pusillum.
1075 908 1176 960 Auctor
1201 920 1239 961 est
1264 908 1315 960 Ul-

269 989 361 1060 pianus
379 989 450 1041 libro
469 988 642 1060 Digestorum
661 990 719 1044 XV.
762 991 803 1044 De
829 992 935 1063 peculio
954 993 1012 1047 Ser.
1046 994 1205 1066 Pompeius:
1231 1001 1317 1048 Pecu-

268 1076 329 1128 lium
348 1096 487 1129 servorum
512 1096 529 1129 α
553 1097 647 1147 pecore
666 1079 783 1146 dictum,
811 1092 842 1132 ut
865 1083 979 1150 pecunia
995 1093 1108 1153 patrum
1121 1082 1250 1154 familias
1268 1096 1319 1136 aut

267 1164 393 1217 nobilium
413 1166 527 1234 [μων.
551 1166 592 1219 ed.
618 1166 774 1234 Santandr.]
817 1169 859 1222 De
878 1169 983 1242 peculio
1004 1169 1080 1223 Valla
1105 1169 1150 1223 lib.
1169 1171 1213 1223 Vl.
1242 1173 1318 1243 plura

266 1255 369 1319 scribit,
395 1253 443 1306 ubi
470 1253 558 1307 locum
584 1253 656 1307 hunc
684 1255 775 1308 citat.“
799 1285 834 1295 -
871 1258 1029 1324 „Peculium
1054 1258 1199 1311 Morientus
1226 1263 1318 1314 doulo-

267 1345 378 1413 ιερδίιιι,
399 1342 463 1396 sicto
483 1342 620 1409 vocabulo,
639 1343 763 1398 reddidit.
801 1345 970 1418 Theophilus·
982 1347 1010 1398 in
1029 1347 1111 1401 lnstit.
1132 1348 1177 1402 lib.
1193 1349 1223 1401 ΙΙ.
1243 1349 1281 1404 tit.
1293 1354 1318 1404 9.

267 1443 404 1483 castrense
428 1431 564 1501 peculium
589 1435 743 1501 saorplroiu
768 1430 936 1486 πεκούλια
968 1433 1103 1502 nominat,
1142 1447 1167 1489 et
1191 1436 1262 1490 Plut.
1289 1438 1316 1489 in

266 1519 422 1573 Publicolae
448 1519 514 1585 vita,
543 1518 615 1590 leges
639 1519 695 1571 eius
722 1517 825 1590 aliquot
850 1521 984 1587 referens,
1017 1521 1128 1575 mulctas
1153 1523 1319 1593 pecuniarias

267 1609 344 1661 luisse
364 1608 402 1660 ait
420 1607 550 1678 pecudes,
568 1618 629 1660 ante
645 1607 766 1661 videlicet
784 1626 960 1661 nummorum
977 1628 1072 1680 usum,
1099 1609 1217 1681 indeque
1236 1611 1319 1680 patri·

268 1697 356 1749 monia
375 1696 484 1764 peculia
506 1714 561 1748 esse
586 1694 670 1750 dicta:
697 1692 739 1747 dii
765 1701 809 1747 nul
833 1691 884 1755 τάς
909 1693 1012 1764 οὐσίας,
1038 1694 1101 1768 άχρι
1124 1700 1170 1749 eis
1192 1695 1243 1749 άπὸ
1267 1702 1319 1750 τοῖν

266 1783 406 1853 προβάτων
425 1782 589 1834 πεκούλια
608 1785 730 1848 καλοῦσι,
751 1786 864 1834 καὶτῶν
883 1783 1046 1846 νομισμάτων
1065 1797 1120 1842 τοῖς
1133 1784 1319 1845 παλαιοτάτοις

265 1872 326 1935 βοοῖν
345 1867 537 1938 ἐπεχάραττον,
565 1869 586 1938 ἤ
601 1867 748 1940 πρόβατον,
775 1870 862 1939 ri'oio.
903 1870 976 1924 Haec
1003 1872 1151 1925 testimonia
1177 1886 1318 1945 propterea

266 1960 332 2026 cito,
352 1956 428 2028 quod
446 1955 549 2028 antiqui
568 1955 665 2011 Graeci
684 1977 783 2010 nomen
803 1957 891 2025 aliud,
919 1978 1000 2031 quarn
1028 1958 1156 2026 latinum,
1184 1961 1318 2031 ignorasse

265 2047 401 2110 ridentur,
429 2063 489 2098 curn
509 2063 539 2098 re
557 2045 612 2116 ipsa
633 2045 747 2099 caruisse
764 2046 933 2099 videantur.“
957 2047 1050 2118 Xyst.
1069 2045 1183 2100 Betul.
1221 2049 1320 2117 [Locus

266 2133 400 2188 Plutarchi
420 2145 459 2185 est
484 2132 511 2185 in
529 2132 632 2203 Poplic.
658 2152 716 2203 cap.
737 2132 792 2198 Xl.]
841 2132 884 2184 Ad
911 2133 1067 2186 sententiam
1094 2135 1165 2188 vocis
1185 2136 1319 2204 peculium

266 2223 314 2274 vid.
334 2218 470 2273 Dirlrsenii
489 2218 616 2272 Manuale
635 2219 740 2272 Latinit.
759 2219 780 2271 F
782 2219 887 2274 antium
908 2220 962 2276 lur.
982 2219 1037 2275 Cir.
1057 2222 1163 2276 Romm.
1183 2244 1209 2295 p.
1218 2227 1316 2295 tuusq.

266 2308 322 2362 Mr.
360 2307 483 2375 „Festive
502 2307 660 2378 pecuniam,
680 2327 761 2378 quam
780 2319 911 2380 appetunt
929 2309 979 2376 isti,
997 2310 1130 2379 peculium
1153 2324 1235 2379 vocat,
1256 2313 1317 2384 quia

266 2399 288 2450 id
308 2409 347 2451 est
368 2398 477 2468 proprie
494 2399 659 2450 serrorum.“
677 2397 755 2450 Ern.
796 2397 897 2451 Similis
916 2399 1003 2452 irrisio
1021 2398 1089 2452 inest
1107 2399 1135 2451 in
1154 2399 1199 2452 illo
1218 2402 1319 2454 Horatii

267 2505 340 2539 rersu
360 2484 418 2538 Art.
437 2485 513 2538 l‘oet.
537 2487 603 2540 3302
630 2488 706 2535 Haec
730 2486 832 2538 animos
856 2504 956 2556 aerugo
980 2496 1007 2536 et
1031 2505 1097 2537 cura
1119 2488 1238 2555 peculi
1260 2509 1319 2539 curn

266 2574 344 2626 semel
361 2574 501 2636 imbuerit,
529 2592 667 2642 speramus
690 2574 809 2625 carmina
831 2576 906 2646 fingi
922 2592 999 2643 posse
1017 2572 1074 2624 -?
1104 2573 1233 2646 Excerpta
1253 2576 1320 2647 Eyb.

267 2662 365 2716 habent
382 2662 470 2733 pecul.
488 2681 547 2732 cup.
585 2661 644 2713 Mr.

337 2750 488 2820 cupuditate
503 2750 632 2820 peculiil]
670 2751 743 2814 „Hoc
768 2762 807 2804 est
837 2751 1006 2822 patrimonii,
1034 2752 1188 2806 facultatum
1217 2772 1320 2823 augen-

267 2840 372 2891 darum.
410 2837 497 2892 Vocat
514 2849 604 2892 autem
624 2840 774 2910 peculium,
800 2840 861 2911 quia
890 2851 928 2893 est
954 2841 1082 2911 pecunia,
1110 2861 1191 2912 quam
1216 2842 1320 2896 manci-

267 2930 340 2998 pium
360 2925 485 2990 domino‚
512 2938 558 2980 aut
581 2927 650 2980 silius
674 2927 788 2980 familias
805 2938 879 2999 patre
902 2927 1071 2999 indulgente,
1097 2929 1220 3000 possidet.
1267 2929 1321 2983 llos

267 3036 329 3070 vero
348 3015 513 3086 heredipetas
536 3014 834 3088 Cicero-pessimorum
857 3036 996 3071 servorum
1024 3016 1052 3069 in
1081 3035 1195 3069 numero
1214 3015 1320 3070 habet.“

267 3104 450 3158 Graevius.
994 3097 996 3101 ’

337 3191 441 3244 nullam
473 3191 647 3243 conditionem
677 3203 804 3244 recusant
838 3193 997 3245 durissimae
1034 3192 1206 3261 servitutisl]
1251 3193 1318 3246 Cod.

266 3279 337 3331 Gud.
357 3280 390 3331 A.
410 3278 616 3330 dirissimae
634 3279 784 3332 servitutis.
821 3277 981 3332 Observasse
996 3280 1060 3331 mihi
1079 3281 1184 3345 videor,
1209 3283 1318 3334 Cicero-

266 3386 327 3419 nem
347 3365 477 3419 adiectiro
495 3366 572 3417 dirus
589 3366 645 3418 fere
665 3373 719 3418 non
738 3366 814 3432 aliter
833 3367 889 3433 uti,
915 3385 995 3438 quam
1015 3384 1077 3419 cum
1096 3365 1129 3417 de
1147 3367 1276 3436 portentis
1296 3379 1321 3421 et

266 3455 387 3507 universe
406 3454 438 3506 de
466 3454 546 3507 rebus
573 3454 606 3505 ad
625 3452 814 3506 divinationem
842 3453 1036 3524 pertinentibus
1064 3451 1200 3523 loquitur,
1226 3453 1265 3505 vel
1290 3453 1318 3506 in

266 3542 392 3606 versibus,
412 3541 456 3612 qui
476 3542 508 3594 ad
529 3541 640 3595 eandem
666 3560 724 3593 rem
748 3552 875 3613 spectant.
896 3570 930 3581 -
967 3540 1009 3592 Ad
1029 3560 1051 3591 v.
1072 3531 1241 3592 Hereditatis
1260 3559 1320 3609 spes

266 3631 327 3685 ΑΜ.
346 3628 525 3697 Mans-„Sic
544 3649 639 3683 ornnes
656 3607 715 3682 mei.
754 3628 839 3682 Alias:
864 3629 931 3701 quid
947 3627 1105 3680 hereditatis
1122 3629 1209 3695 spes.¹‘
1246 3626 1317 3693 Quid

265 3719 316 3773 hoc
336 3718 385 3771 sibi
405 3718 465 3772 velit
482 3718 597 3784 „alias“,
625 3738 680 3772 non
699 3717 784 3771 video.
809 3718 925 3790 ·Neque
945 3717 972 3769 in
992 3716 1057 3769 meis
1074 3716 1148 3769 libris
1165 3723 1203 3768 sat
1222 3715 1319 3781 multis,

264 3826 353 3880 neque
367 3808 395 3859 in
413 3806 458 3872 iis,
486 3826 554 3878 quos
572 3807 723 3860 habuerunt
741 3807 855 3860 editores
873 3806 932 3869 alii,
955 3805 1025 3858 illius
1043 3804 1110 3876 quid
1138 3815 1198 3857 ante
1217 3806 1320 3855 lteretli-

263 3896 334 3946 totis
351 3905 463 3965 apparet
480 3894 626 3965 vestigium.
663 3894 709 3947 Est
727 3906 815 3947 autem
834 3894 862 3946 in
883 3891 949 3946 Cnds
969 3892 1062 3945 Duish.
1078 3893 1237 3946 hereditatis
1254 3912 1320 3962 spe,

264 3996 289 4036 et
307 3983 346 4036 sic
364 3980 510 4035 coniecisse
529 3982 565 4035 ait
583 3981 756 4035 Gernhardus
775 3981 942 4046 Bentleium,
962 3981 1073 4033 addens:
1093 3993 1138 4047 „at
1156 3981 1257 4034 nemini
1271 3981 1319 4031 'sa-
1352 3993 1354 3997 ·

264 4072 314 4124 cile
335 4070 522 4141 persuaserit.“
559 4070 654 4124 Addo:
672 4072 741 4138 „nisi
762 4072 795 4137 ei,
814 4070 860 4141 qui
878 4065 1049 4122 soloecismos
1066 4068 1094 4121 in
1106 4068 1236 4122 Cicerone
1249 4067 1318 4120 ferre

263 4160 377 4229 potest.“
392 4206 396 4213 ,
414 4156 542 4210 Graevius
561 4158 593 4212 ad
613 4158 677 4212 haec
694 4161 786 4213 rerba:
805 4158 878 4224 „Hos
898 4157 1062 4229 heredipetas
1081 4158 1212 4227 exagitant
1229 4156 1316 4224 lepide

262 4244 407 4312 luvenalis,
427 4244 554 4300 Martialis
573 4258 598 4300 ct
617 4248 778 4301 Lucienus.“
822 4246 903 4300 Addit
921 4244 1022 4298 Gernh.
1048 4243 1149 4297 illustre
1167 4242 1315 4313 exemplum

262 4333 335 4404 apud
354 4333 445 4386 Horat.
465 4332 551 4387 Serus.
571 4334 603 4401 ll,
623 4340 647 4400 5,
668 4339 710 4389 tt.
761 4335 831 4387 Tum
859 4332 925 4389 Cod.
954 4333 1048 4386 Duisb.
1074 4331 1171 4385 omittit
1198 4332 1226 4382 in
1254 4342 1315 4384 aute

263 4422 411 4476 serviendo.
465 4418 532 4474 Cod.
556 4422 662 4475 Suerin.
689 4442 765 4495 quem
795 4426 906 4475 mutui
931 4422 987 4476 orbi
1014 4420 1085 4472 senis
1108 4421 1141 4470 et
1167 4418 1316 4487 locupletis.

263 4510 331 4563 cod.
351 4509 432 4563 Drsd.
452 4512 475 4562 5.
495 4509 564 4562 orbis
584 4530 633 4582 pro
653 4512 708 4564 orbi
717 4532 726 4573 ,·
746 4510 825 4564 Drsd.
845 4514 870 4565 3.
891 4510 1064 4568 observatur,¹
1091 4506 1184 4560 Duisb.
1204 4517 1315 4567 servat,-
