3517 5450
568 756 763 803 rsstsoxou
783 757 826 804 vr.
854 759 969 806 men.
996 761 1044 808 ιιι.
1253 743 1328 817 307

269 918 384 971 Planlat.
423 918 510 970 Noae:
539 914 600 970 ὁδὶ
620 915 697 979 sopit
716 915 747 969 ori
772 916 892 976 πλούσιος
919 914 986 970 ἄλλο’
1004 922 1172 983 atlanteum
1192 930 1217 977 is
1238 926 1325 989 ὀφθό-

269 1027 322 1066 νοις
343 1011 386 1058 καὶ
405 1013 535 1076 γνησίοις,
561 1003 592 1058 ου’
606 1007 690 1076 χρόνῳ
716 1009 929 1072 παλαιουμένοις,
949 1013 1122 1070 κακουμένοις
1146 1016 1174 1064 δὲ
1194 1019 1238 1064 καὶ
1257 1012 1325 1085 ἡβῶ-

269 1115 308 1147 σαν
328 1092 382 1157 risi,
400 1100 506 1164 τρυφῶν
525 1092 638 1160 ἀγαθοῖς
657 1095 752 1155 μόνοις.
790 1094 848 1147 ΜΓ.

340 1166 420 1218 'tutta
435 1167 584 1235 possessio,
601 1166 679 1219 nulla
698 1167 740 1219 vis
758 1168 822 1218 auri
839 1167 886 1233 -]
914 1169 996 1238 Borg.
1015 1167 1106 1220 laudat
1123 1172 1201 1224 eluet.
1220 1174 1253 1226 ad
1271 1175 1326 1229 lle·

270 1273 346 1309 renn.
369 1254 416 1321 lV,
437 1257 484 1308 14:
511 1257 582 1306 Nam
604 1255 628 1307 si
654 1254 725 1307 voles
750 1252 861 1306 divitias
885 1271 945 1305 cum
963 1255 1066 1306 virtute
1084 1275 1251 1326 comparare,
1279 1264 1326 1313 vis

268 1344 339 1397 satis
371 1343 482 1395 idoneae
513 1342 563 1394 tibi
590 1342 755 1394 videbuntur
780 1341 908 1406 divitiae,
938 1359 1006 1411 quae
1031 1344 1144 1395 virtutis
1165 1347 1325 1420 pedisequus

269 1434 333 1486 sint.
383 1430 426 1483 At
451 1450 473 1484 v.
491 1431 570 1482 nulla
595 1432 636 1483 vis
661 1430 724 1482 auri
741 1438 769 1480 et
795 1431 903 1499 argenti
927 1429 999 1483 conl.
1024 1449 1104 1501 supra
1129 1430 1223 1486 Parati.
1243 1433 1263 1500 l,
1285 1442 1323 1490 2.:

269 1520 377 1587 Quaero
398 1547 433 1558 -
453 1536 471 1569 a
497 1517 585 1576 vobis,
614 1536 679 1570 num
705 1516 789 1569 ullam
816 1517 1004 1587 cogitationem
1029 1518 1154 1572 habuisse
1183 1521 1325 1576 videantur

269 1608 342 1656 ii-
362 1615 415 1657 aut
434 1607 517 1658 auri
536 1616 572 1656 et
591 1605 738 1676 argenti
755 1603 793 1679 acl
810 1605 958 1657 avaritiam
979 1617 1029 1660 cet.
1066 1607 1125 1660 ΜΓ.

341 1713 396 1745 non
413 1693 572 1764 intelligunt
591 1693 736 1760 homiues,]
769 1689 835 1744 cod.
855 1689 927 1744 Gud.
946 1694 980 1746 A.
1005 1694 1102 1749 omittit
1125 1715 1195 1757 norm
1225 1695 1275 1751 Ox.
1294 1698 1324 1752 E.

270 1801 361 1836 vocem
382 1781 513 1845 homines,
532 1791 646 1853 uterque
667 1799 726 1833 mox
746 1781 823 1832 enim.
859 1777 890 1831 ln
911 1779 982 1836 Gud.
1004 1780 1035 1833 B.
1056 1782 1127 1836 deest
1146 1802 1236 1856 quam.
1281 1785 1323 1838 Ad

268 1869 427 1923 sententiam
446 1869 468 1920 F
476 1887 520 1923 rc.
540 1867 699 1940 Sylvius:
718 1868 811 1935 „idem
831 1868 936 1938 scripsit
954 1867 1050 1922 Cicero
1069 1871 1097 1923 in
1116 1870 1186 1924 libro
1205 1872 1238 1926 de
1256 1873 1323 1946 [lep.

269 1970 380 2031 quarto,
403 1969 432 2012 ut
449 1968 488 2011 est
506 1977 549 2028 sp.
587 1957 658 2010 Non.
695 1954 872 2008 Marcellum:
892 1956 1036 2024 Optimum,
1055 1957 1156 2029 inquit,
1176 1969 1203 2010 et
1221 1962 1249 2010 in
1265 1962 1323 2028 pri-

268 2048 343 2100 vatis
355 2045 479 2116 familiis
497 2055 525 2098 et
544 2045 572 2096 in
597 2064 625 2116 re
649 2043 760 2113 publica
788 2044 907 2115 vectigal
931 2043 999 2094 duco
1026 2063 1082 2096 esse
1107 2047 1323 2113 parsimoniam.“

269 2135 330 2188 Vid.
352 2153 427 2186 nunc
445 2132 494 2187 Ed.
514 2144 597 2187 nostr.
618 2132 677 2188 Cic.
696 2133 729 2186 de
747 2132 814 2203 Rep.
832 2129 880 2197 lV,
898 2136 923 2184 ἵ.
955 2152 982 2203 p.
1001 2135 1063 2185 427.
1082 2133 1145 2204 ibiq.
1171 2153 1233 2187 ann.
1252 2135 1322 2206 Ang.

268 2223 334 2276 Maii
354 2234 379 2276 et
398 2233 480 2276 nostr.
517 2221 586 2275 stt.
604 2220 760 2274 Mamertini
780 2218 855 2273 Grat.
874 2220 932 2272 Act.
957 2219 1051 2273 lulian.
1072 2221 1105 2284 X,
1125 2223 1150 2275 3.
1175 2220 1216 2289 (in
1236 2221 1324 2275 Pane·

269 2313 371 2384 gyricc.
400 2312 486 2366 Vettz
515 2329 577 2365 cum
602 2329 667 2364 ann.
693 2308 724 2363 C.
743 2307 777 2362 G.
796 2307 940 2363 Schwarzii
967 2308 1006 2361 ed.
1038 2305 1083 2362 W.
1108 2308 1213 2379 laeger.
1241 2310 1272 2362 T.
1291 2308 1323 2362 ll.

270 2421 298 2472 p.
313 2399 394 2468 150):
414 2401 567 2451 Maximum
585 2398 636 2450 tibi
652 2397 762 2468 praebet
779 2398 945 2468 parsimonia
966 2407 1026 2461 tua,
1044 2398 1181 2466 Auguste,
1200 2398 1324 2468 vectigal.

269 2490 372 2542 Annot.
391 2486 662 2558 Wyttenbaclsii
680 2487 745 2540 haec
763 2498 815 2540 ests
834 2484 900 2552 „Est
921 2483 1091 2556 proverbium
1112 2482 1220 2538 Catonis
1238 2485 1323 2536 maio·

270 2577 321 2641 ris,
341 2575 414 2646 quod
428 2574 515 2646 ipsum
535 2593 550 2627 a
570 2572 681 2628 Graecis
698 2575 804 2640 sumsit,
825 2575 970 2625 maximum
989 2572 1108 2643 vectigal
1124 2573 1153 2639 (i.
1161 2591 1183 2624 e.
1197 2571 1324 2640 reditum)

267 2681 326 2715 esse
342 2663 563 2733 parsimoniam.“
582 2662 616 2715 cf.
634 2662 702 2715 Lion
713 2661 861 2715 Catoniana
873 2681 899 2733 p.
907 2663 969 2714 106.
1003 2650 1105 2713 'Retulit
1123 2660 1193 2712 idem
1214 2680 1323 2732 prover-

268 2753 344 2806 bium
356 2751 482 2804 Erssmus
494 2751 522 2804 in
533 2750 650 2821 Adagiis,
671 2770 697 2822 p.
705 2755 765 2805 662.
796 2748 838 2802 Ad
853 2749 1004 2802 dictionem‘
1013 2749 1117 2802 confert
1128 2748 1209 2819 Borg.
1217 2748 1323 2801 Sallust.

268 2839 349 2894 Catil.
366 2842 417 2894 13:
449 2838 570 2891 omnibus
589 2839 672 2891 modis
690 2838 858 2911 quaestui
876 2838 960 2908 atque
978 2839 1111 2889 sumtui
1130 2837 1236 2889 deditus
1255 2849 1324 2889 erat.

268 2926 325 2981 Cic.
336 2928 363 2979 in
373 2926 450 2980 Catil.
461 2924 520 2994 1‚6:
539 2926 732 2981 Praetermitto
752 2927 848 2978 ruinas
860 2925 1044 2996 fortunarum
1062 2935 1173 2976 tuarum
1180 2944 1190 2983 ‚·
1211 2952 1245 2965 -
1255 2945 1262 2974 :
1268 2944 1298 3004 po
1307 2927 1326 2974 (l

267 3017 340 3067 itta
364 3015 481 3075 venim-
512 3014 587 3068 Brut.
607 3017 655 3068 86:
677 3016 778 3067 Omitto
797 3024 914 3066 ceteros:
933 3014 1035 3064 venio
1055 3014 1183 3067 adens.
1222 3012 1322 3066 Vocem

266 3106 323 3155 iam
338 3102 436 3156 omittit
453 3102 520 3155 eod.
539 3102 616 3155 Drsd.
634 3107 661 3158 5.
681 3122 743 3156 cum
763 3103 868 3155 duobus
887 3100 957 3155 Atti.
994 3100 1071 3155 Unus
1089 3102 1206 3155 eiusdem
1228 3102 1323 3155 omittit

267 3193 351 3255 enim,
374 3209 437 3245 cum
456 3189 572 3244 Guts.
609 3189 640 3243 ln
659 3183 734 3264 seqq.
753 3192 810 3244 suis
828 3189 923 3243 excidit
942 3190 970 3241 in
988 3188 1038 3243 Ed.
1058 3189 1141 3243 Sulis.
1159 3191 1240 3244 Petri.
1266 3189 1324 3243 Mr.

344 3278 427 3331 Venio
445 3280 514 3330 enim
531 3279 595 3346 οἱα]
633 3279 757 3342 „Transit
775 3278 808 3331 arl
827 3288 1011 3348 sumptuosos,
1039 3298 1107 3349 quos
1125 3279 1240 3332 ostendit
1258 3280 1324 3332 divi-

268 3379 306 3421 tes
325 3385 382 3421 non
400 3386 470 3431 esse,
489 3366 714 3439 quandoquidem
734 3367 785 3419 illis
803 3384 909 3436 semper
927 3365 999 3418 deest
1017 3364 1146 3436 aliquid.“
1167 3366 1264 3419 Face.

339 3456 477 3523 sexcenta]
515 3454 612 3521 „Vella
634 3453 703 3508 libro
729 3454 806 3507 tertio
827 3450 1055 3523 [Elegantiarum,
1085 3472 1143 3524 cap.
1163 3458 1188 3507 5.
1213 3453 1258 3507 lib.
1278 3453 1322 3507 Ill.

269 3565 294 3615 p.
314 3546 377 3597 219.
397 3544 439 3596 ed.
458 3543 554 3597 colon.
576 3544 668 3610 tiss]
691 3554 766 3613 putat
783 3540 954 3595 scribendum
972 3558 1098 3604 sexcena,
1117 3560 1167 3612 ego
1186 3561 1248 3594 vero
1262 3561 1324 3592 sex-

267 3634 409 3685 centena.“
436 3630 458 3683 F
467 3650 509 3684 rc.
534 3630 553 3686 S
561 3631 627 3702 yle.
686 3635 850 3698 „Sexcenta‚
890 3630 983 3683 decem
1009 3641 1118 3699 septem.
1168 3633 1322 3696 Sexcentas,

267 3738 346 3773 unus.
363 3718 438 3771 Ald.
456 3718 540 3772 Man.
576 3718 625 3786 „lu
645 3718 1184 3790 omnibusscriptumreperisssexcenta.
1222 3720 1322 3772 Verum

267 3826 330 3860 cum
350 3806 461 3861 Crassus
479 3819 547 3862 esset
565 3807 715 3876 Quiritium
733 3808 777 3877 (ut
794 3808 885 3861 scribit
902 3807 1005 3860 Plinius
1023 3806 1092 3859 libro
1111 3806 1243 3860 tricesimo
1269 3820 1324 3861 ter-

266 3894 320 3962 tio,
340 3914 401 3965 esp.
421 3895 478 3964 10.)
500 3906 560 3967 post
585 3894 688 3966 Syllam
714 3894 871 3959 ditissimus,
896 3914 927 3948 ae
951 3895 1096 3966 possideret
1121 3895 1148 3947 in
1178 3899 1248 3968 agris
1272 3898 1325 3950 suis

266 3983 417 4037 sestertium
442 3984 533 4054 viginti
562 3983 656 4046 millia¹
683 3983 760 4037 facile
788 3996 826 4038 est
844 3984 932 4036 videre
956 3983 1047 4037 locum
1073 4003 1128 4037 esse
1153 3997 1322 4056 corruptum:

267 4091 318 4127 nec
346 4070 450 4124 fallitur
476 4072 558 4125 Laur.
586 4071 676 4133 Valla,
713 4071 760 4143 qui
784 4072 829 4124 lib.
848 4069 895 4125 lll.
914 4091 937 4124 c.
955 4076 986 4128 52
1013 4071 1072 4142 Ego
1099 4084 1204 4137 tamen,
1229 4072 1323 4141 inquit,

266 4170 333 4229 puto
353 4158 527 4212 scribendum
548 4178 603 4214 esse
623 4178 749 4228 sexcena,
779 4179 833 4213 non
852 4165 1003 4215 sexcenta.“
1021 4146 1180 4213 M'orisot.
1223 4159 1323 4225 [Verba

266 4247 362 4300 vanae
381 4258 456 4300 sunt:
485 4246 566 4313 „Non
592 4247 655 4300 dixit
683 4260 728 4301 aut
753 4259 878 4301 sexcenta
898 4260 924 4301 et
941 4258 1061 4311 centum,
1088 4259 1134 4300 aut
1160 4264 1271 4298 sexcena
1300 4259 1325 4300 et

266 4345 398 4398 centena,
418 4354 487 4405 quae
507 4346 595 4389 tamen
613 4336 715 4389 diversa
735 4348 810 4402 sunt,
833 4347 862 4389 ut
883 4336 1068 4405 intelligamus,
1088 4336 1121 4386 ab
1140 4333 1186 4386 illo
1204 4346 1324 4388 sexcenta

266 4422 327 4495 capi
349 4441 405 4475 uno
424 4442 512 4488 anno,
534 4444 588 4478 non
607 4423 720 4494 singulis
738 4424 823 4489 annis,
841 4426 874 4477 ab
895 4423 947 4477 hoc
964 4433 1075 4478 centena
1096 4441 1150 4474 non
1170 4440 1323 4488 urrunnu,

264 4511 308 4563 sed
331 4510 446 4580 singulis
463 4511 548 4568 annis.
588 4511 644 4583 Ego
666 4524 754 4566 tamen
775 4517 863 4584 put0‘⁴
883 4514 942 4580 ete]
980 4511 1087 4581 Sequor
1105 4509 1208 4563 Veliam
1222 4521 1248 4563 et
1263 4511 1324 4567 Μο-

1011 4596 1085 4669 20*
