<?xml version="1.0" encoding="UTF-8"?>
<!DOCTYPE html PUBLIC "-//W3C//DTD XHTML 1.0 Transitional//EN"
    "http://www.w3.org/TR/xhtml1/DTD/xhtml1-transitional.dtd">
<html xmlns="http://www.w3.org/1999/xhtml" xml:lang="en" lang="en">
 <head>
  <title>
</title>
<meta http-equiv="Content-Type" content="text/html;charset=utf-8" />
  <meta name='ocr-system' content='tesseract 3.04.00' />
  <meta name='ocr-capabilities' content='ocr_page ocr_carea ocr_par ocr_line ocrx_word'/>
</head>
<body>
  <div class='ocr_page' id='page_1' title='image "./mtulliiciceroni15cicegoog_0329.png"; bbox 0 0 3517 5450; ppageno 0'>
   <div class='ocr_carea' id='block_1_1' title="bbox 661 715 1419 818">
    <p class='ocr_par' dir='ltr' id='par_1_1' title="bbox 661 715 1419 818">
     <span class='ocr_line' id='line_1_1' title="bbox 661 715 1419 818; baseline 0.003 -29"><span class='ocrx_word' id='word_1_1' title='bbox 661 808 667 818; x_wconf 35' lang='grc' dir='ltr'><strong><em>Ι</em></strong></span> <span class='ocrx_word' id='word_1_2' title='bbox 692 739 889 789; x_wconf 77' lang='lat' dir='ltr'>esmuoxou</span> <span class='ocrx_word' id='word_1_3' title='bbox 911 742 954 787; x_wconf 84' lang='lat' dir='ltr'>vr.</span> <span class='ocrx_word' id='word_1_4' title='bbox 983 741 1052 788; x_wconf 79' lang='lat' dir='ltr'>cte.</span> <span class='ocrx_word' id='word_1_5' title='bbox 1074 741 1096 788; x_wconf 86' lang='lat' dir='ltr'>t.</span> <span class='ocrx_word' id='word_1_6' title='bbox 1346 715 1419 792; x_wconf 81' lang='lat'>283</span> 
     </span>
    </p>
   </div>
   <div class='ocr_carea' id='block_1_2' title="bbox 350 901 1446 4590">
    <p class='ocr_par' dir='ltr' id='par_1_2' title="bbox 365 901 1422 1320">
     <span class='ocr_line' id='line_1_2' title="bbox 366 901 1420 975; baseline -0.002 -14"><span class='ocrx_word' id='word_1_7' title='bbox 366 916 527 968; x_wconf 83' lang='lat' dir='ltr'>sustentare;</span> <span class='ocrx_word' id='word_1_8' title='bbox 547 913 576 956; x_wconf 91' lang='lat' dir='ltr'>ut</span> <span class='ocrx_word' id='word_1_9' title='bbox 595 901 693 955; x_wconf 89' lang='lat' dir='ltr'>dieitur</span> <span class='ocrx_word' id='word_1_10' title='bbox 712 901 783 954; x_wconf 86' lang='lat' dir='ltr'>alere</span> <span class='ocrx_word' id='word_1_11' title='bbox 801 920 900 957; x_wconf 74' lang='lat' dir='ltr'>servos,</span> <span class='ocrx_word' id='word_1_12' title='bbox 917 919 1007 971; x_wconf 84' lang='lat' dir='ltr'>equos,</span> <span class='ocrx_word' id='word_1_13' title='bbox 1027 902 1105 956; x_wconf 88' lang='lat' dir='ltr'>etiam</span> <span class='ocrx_word' id='word_1_14' title='bbox 1125 923 1175 975; x_wconf 87' lang='lat' dir='ltr'>pro</span> <span class='ocrx_word' id='word_1_15' title='bbox 1194 904 1299 958; x_wconf 73' lang='lat' dir='ltr'>tabere.</span> <span class='ocrx_word' id='word_1_16' title='bbox 1338 904 1420 973; x_wconf 87' lang='lat' dir='ltr'>Quod</span> 
     </span>
     <span class='ocr_line' id='line_1_3' title="bbox 367 987 1422 1065; baseline 0.001 -16"><span class='ocrx_word' id='word_1_17' title='bbox 367 993 470 1065; x_wconf 85' lang='lat' dir='ltr'>scripsit</span> <span class='ocrx_word' id='word_1_18' title='bbox 485 991 604 1062; x_wconf 80' lang='lat' dir='ltr'>fructus</span> <span class='ocrx_word' id='word_1_19' title='bbox 623 989 685 1042; x_wconf 88' lang='lat' dir='ltr'>alibi</span> <span class='ocrx_word' id='word_1_20' title='bbox 706 989 833 1044; x_wconf 90' lang='lat' dir='ltr'>dicuntur</span> <span class='ocrx_word' id='word_1_21' title='bbox 856 987 957 1044; x_wconf 83' lang='lat' dir='ltr'>reditus</span> <span class='ocrx_word' id='word_1_22' title='bbox 982 990 1104 1063; x_wconf 78' lang='lat' dir='ltr'>adeoque</span> <span class='ocrx_word' id='word_1_23' title='bbox 1129 993 1293 1064; x_wconf 74' lang='lat' dir='ltr'>vectigalia.“</span> <span class='ocrx_word' id='word_1_24' title='bbox 1320 990 1356 1046; x_wconf 86' lang='lat' dir='ltr'>W</span> <span class='ocrx_word' id='word_1_25' title='bbox 1364 1006 1422 1065; x_wconf 86' lang='lat' dir='ltr'>ytt.</span> 
     </span>
     <span class='ocr_line' id='line_1_4' title="bbox 365 1077 1422 1149; baseline 0.004 -17"><span class='ocrx_word' id='word_1_26' title='bbox 365 1085 449 1149; x_wconf 79' lang='lat' dir='ltr'>„Esse</span> <span class='ocrx_word' id='word_1_27' title='bbox 468 1078 545 1132; x_wconf 89' lang='lat' dir='ltr'>abest</span> <span class='ocrx_word' id='word_1_28' title='bbox 562 1078 595 1131; x_wconf 94' lang='lat' dir='ltr'>ab</span> <span class='ocrx_word' id='word_1_29' title='bbox 617 1097 680 1132; x_wconf 88' lang='lat' dir='ltr'>uno.</span> <span class='ocrx_word' id='word_1_30' title='bbox 710 1077 796 1130; x_wconf 83' lang='lat' dir='ltr'>Alias:</span> <span class='ocrx_word' id='word_1_31' title='bbox 816 1077 945 1129; x_wconf 84' lang='lat' dir='ltr'>neminem</span> <span class='ocrx_word' id='word_1_32' title='bbox 962 1077 1099 1132; x_wconf 82' lang='lat' dir='ltr'>bominum</span> <span class='ocrx_word' id='word_1_33' title='bbox 1117 1098 1173 1133; x_wconf 81' lang='lat' dir='ltr'>esse</span> <span class='ocrx_word' id='word_1_34' title='bbox 1192 1081 1331 1136; x_wconf 82' lang='lat' dir='ltr'>divitem.“</span> <span class='ocrx_word' id='word_1_35' title='bbox 1349 1082 1422 1135; x_wconf 85' lang='lat' dir='ltr'>Ald.</span> 
     </span>
     <span class='ocr_line' id='line_1_5' title="bbox 366 1164 1422 1241; baseline 0.001 -19"><span class='ocrx_word' id='word_1_36' title='bbox 366 1168 554 1222; x_wconf 81' lang='lat' dir='ltr'>Manutius.</span> <span class='ocrx_word' id='word_1_37' title='bbox 590 1165 644 1218; x_wconf 92' lang='lat' dir='ltr'>Ubi</span> <span class='ocrx_word' id='word_1_38' title='bbox 664 1166 701 1219; x_wconf 88' lang='lat' dir='ltr'>sic</span> <span class='ocrx_word' id='word_1_39' title='bbox 719 1165 849 1236; x_wconf 88' lang='lat' dir='ltr'>scriptum</span> <span class='ocrx_word' id='word_1_40' title='bbox 866 1164 914 1230; x_wconf 88' lang='lat' dir='ltr'>sit,</span> <span class='ocrx_word' id='word_1_41' title='bbox 933 1166 1035 1221; x_wconf 85' lang='lat' dir='ltr'>nescio.</span> <span class='ocrx_word' id='word_1_42' title='bbox 1078 1166 1189 1221; x_wconf 86' lang='lat' dir='ltr'>Librum</span> <span class='ocrx_word' id='word_1_43' title='bbox 1209 1168 1349 1240; x_wconf 84' lang='lat' dir='ltr'>equidem,</span> <span class='ocrx_word' id='word_1_44' title='bbox 1375 1171 1422 1241; x_wconf 90' lang='lat' dir='ltr'>qui</span> 
     </span>
     <span class='ocr_line' id='line_1_6' title="bbox 365 1251 846 1320; baseline -0.017 -10"><span class='ocrx_word' id='word_1_45' title='bbox 365 1258 398 1311; x_wconf 88' lang='lat' dir='ltr'>sic</span> <span class='ocrx_word' id='word_1_46' title='bbox 416 1255 543 1320; x_wconf 87' lang='lat' dir='ltr'>baberet,</span> <span class='ocrx_word' id='word_1_47' title='bbox 563 1252 614 1305; x_wconf 84' lang='lat' dir='ltr'>ridi</span> <span class='ocrx_word' id='word_1_48' title='bbox 634 1252 747 1306; x_wconf 87' lang='lat' dir='ltr'>nullum.</span> <span class='ocrx_word' id='word_1_49' title='bbox 785 1251 846 1303; x_wconf 63' lang='grc' dir='ltr'>ΜΓ.</span> 
     </span>
    </p>

    <p class='ocr_par' dir='ltr' id='par_1_3' title="bbox 359 1339 1437 2454">
     <span class='ocr_line' id='line_1_7' title="bbox 432 1339 1423 1417; baseline 0 -21"><span class='ocrx_word' id='word_1_50' title='bbox 432 1347 506 1417; x_wconf 82' lang='lat' dir='ltr'>quod</span> <span class='ocrx_word' id='word_1_51' title='bbox 521 1342 640 1413; x_wconf 82' lang='lat' dir='ltr'>populus</span> <span class='ocrx_word' id='word_1_52' title='bbox 656 1345 794 1394; x_wconf 83' lang='lat' dir='ltr'>Romanus</span> <span class='ocrx_word' id='word_1_53' title='bbox 812 1339 901 1394; x_wconf 78' lang='lat' dir='ltr'>tontis</span> <span class='ocrx_word' id='word_1_54' title='bbox 918 1340 1160 1412; x_wconf 76' lang='lat' dir='ltr'>vectigalibuaiam</span> <span class='ocrx_word' id='word_1_55' title='bbox 1176 1343 1281 1412; x_wconf 84' lang='lat' dir='ltr'>pridem</span> <span class='ocrx_word' id='word_1_56' title='bbox 1300 1344 1345 1396; x_wconf 78' lang='lat' dir='ltr'>vix</span> <span class='ocrx_word' id='word_1_57' title='bbox 1356 1355 1423 1414; x_wconf 85' lang='lat' dir='ltr'>pot-</span> 
     </span>
     <span class='ocr_line' id='line_1_8' title="bbox 364 1428 1421 1501; baseline 0.004 -18"><span class='ocrx_word' id='word_1_58' title='bbox 364 1432 413 1499; x_wconf 77' lang='lat' dir='ltr'>est]</span> <span class='ocrx_word' id='word_1_59' title='bbox 459 1430 547 1498; x_wconf 81' lang='lat' dir='ltr'>„Nem</span> <span class='ocrx_word' id='word_1_60' title='bbox 569 1429 687 1501; x_wconf 89' lang='lat' dir='ltr'>populus</span> <span class='ocrx_word' id='word_1_61' title='bbox 711 1428 850 1481; x_wconf 86' lang='lat' dir='ltr'>Romanus</span> <span class='ocrx_word' id='word_1_62' title='bbox 877 1446 933 1481; x_wconf 88' lang='lat' dir='ltr'>non</span> <span class='ocrx_word' id='word_1_63' title='bbox 957 1439 1045 1483; x_wconf 89' lang='lat' dir='ltr'>totum</span> <span class='ocrx_word' id='word_1_64' title='bbox 1073 1431 1220 1485; x_wconf 77' lang='lat' dir='ltr'>exercitum</span> <span class='ocrx_word' id='word_1_65' title='bbox 1247 1430 1351 1498; x_wconf 87' lang='lat' dir='ltr'>alebat,</span> <span class='ocrx_word' id='word_1_66' title='bbox 1376 1435 1421 1487; x_wconf 86' lang='lat' dir='ltr'>sed</span> 
     </span>
     <span class='ocr_line' id='line_1_9' title="bbox 363 1515 1423 1592; baseline 0 -17"><span class='ocrx_word' id='word_1_67' title='bbox 363 1520 552 1575; x_wconf 90' lang='lat' dir='ltr'>tautummodo</span> <span class='ocrx_word' id='word_1_68' title='bbox 571 1519 709 1572; x_wconf 85' lang='lat' dir='ltr'>dimidiam</span> <span class='ocrx_word' id='word_1_69' title='bbox 730 1528 833 1589; x_wconf 88' lang='lat' dir='ltr'>partem</span> <span class='ocrx_word' id='word_1_70' title='bbox 851 1515 1006 1587; x_wconf 84' lang='lat' dir='ltr'>legionum,</span> <span class='ocrx_word' id='word_1_71' title='bbox 1034 1518 1097 1572; x_wconf 85' lang='lat' dir='ltr'>item</span> <span class='ocrx_word' id='word_1_72' title='bbox 1123 1520 1226 1590; x_wconf 89' lang='lat' dir='ltr'>equites</span> <span class='ocrx_word' id='word_1_73' title='bbox 1252 1520 1423 1592; x_wconf 79' lang='lat' dir='ltr'>legionarios,</span> 
     </span>
     <span class='ocr_line' id='line_1_10' title="bbox 363 1605 1421 1678; baseline 0.004 -17"><span class='ocrx_word' id='word_1_74' title='bbox 363 1609 453 1663; x_wconf 80' lang='lat' dir='ltr'>fabros</span> <span class='ocrx_word' id='word_1_75' title='bbox 471 1620 498 1662; x_wconf 87' lang='lat' dir='ltr'>et</span> <span class='ocrx_word' id='word_1_76' title='bbox 517 1607 661 1662; x_wconf 76' lang='lat' dir='ltr'>tubicines:</span> <span class='ocrx_word' id='word_1_77' title='bbox 682 1605 802 1678; x_wconf 87' lang='lat' dir='ltr'>reliquus</span> <span class='ocrx_word' id='word_1_78' title='bbox 821 1605 951 1658; x_wconf 79' lang='lat' dir='ltr'>exercitus</span> <span class='ocrx_word' id='word_1_79' title='bbox 970 1606 1084 1660; x_wconf 88' lang='lat' dir='ltr'>dabatur</span> <span class='ocrx_word' id='word_1_80' title='bbox 1101 1619 1127 1662; x_wconf 88' lang='lat' dir='ltr'>et</span> <span class='ocrx_word' id='word_1_81' title='bbox 1146 1608 1267 1664; x_wconf 89' lang='lat' dir='ltr'>alebatur</span> <span class='ocrx_word' id='word_1_82' title='bbox 1284 1631 1299 1663; x_wconf 89' lang='lat' dir='ltr'>a</span> <span class='ocrx_word' id='word_1_83' title='bbox 1318 1613 1421 1665; x_wconf 86' lang='lat' dir='ltr'>sociis.“</span> 
     </span>
     <span class='ocr_line' id='line_1_11' title="bbox 363 1693 1422 1768; baseline 0.007 -21"><span class='ocrx_word' id='word_1_84' title='bbox 363 1698 468 1768; x_wconf 89' lang='lat' dir='ltr'>Wytt.</span> <span class='ocrx_word' id='word_1_85' title='bbox 515 1695 569 1764; x_wconf 89' lang='lat' dir='ltr'>Qui</span> <span class='ocrx_word' id='word_1_86' title='bbox 589 1695 641 1748; x_wconf 87' lang='lat' dir='ltr'>bue</span> <span class='ocrx_word' id='word_1_87' title='bbox 659 1694 762 1748; x_wconf 84' lang='lat' dir='ltr'>faciunt</span> <span class='ocrx_word' id='word_1_88' title='bbox 781 1693 925 1765; x_wconf 78' lang='lat' dir='ltr'>scriptores</span> <span class='ocrx_word' id='word_1_89' title='bbox 953 1695 1060 1749; x_wconf 83' lang='lat' dir='ltr'><strong>abunde</strong></span> <span class='ocrx_word' id='word_1_90' title='bbox 1087 1695 1231 1750; x_wconf 89' lang='lat' dir='ltr'>laudantur</span> <span class='ocrx_word' id='word_1_91' title='bbox 1255 1697 1422 1754; x_wconf 86' lang='lat' dir='ltr'>aCreuzero</span> 
     </span>
     <span class='ocr_line' id='line_1_12' title="bbox 362 1782 1422 1857; baseline 0.006 -20"><span class='ocrx_word' id='word_1_92' title='bbox 362 1785 389 1838; x_wconf 91' lang='lat' dir='ltr'>in</span> <span class='ocrx_word' id='word_1_93' title='bbox 406 1784 488 1849; x_wconf 91' lang='lat' dir='ltr'>libro,</span> <span class='ocrx_word' id='word_1_94' title='bbox 510 1802 590 1855; x_wconf 92' lang='lat' dir='ltr'>quem</span> <span class='ocrx_word' id='word_1_95' title='bbox 609 1783 745 1854; x_wconf 71' lang='lat' dir='ltr'>inscripsit</span> <span class='ocrx_word' id='word_1_96' title='bbox 763 1782 857 1836; x_wconf 82' lang='lat' dir='ltr'>Abriss</span> <span class='ocrx_word' id='word_1_97' title='bbox 874 1783 900 1836; x_wconf 92' lang='lat' dir='ltr'>d.</span> <span class='ocrx_word' id='word_1_98' title='bbox 918 1783 998 1836; x_wconf 77' lang='lat' dir='ltr'>lilim.</span> <span class='ocrx_word' id='word_1_99' title='bbox 1017 1784 1160 1857; x_wconf 80' lang='lat' dir='ltr'>Antiquiu.</span> <span class='ocrx_word' id='word_1_100' title='bbox 1178 1785 1228 1839; x_wconf 88' lang='lat' dir='ltr'>Ed.</span> <span class='ocrx_word' id='word_1_101' title='bbox 1239 1792 1263 1839; x_wconf 86' lang='grc'>2.</span> <span class='ocrx_word' id='word_1_102' title='bbox 1283 1807 1309 1857; x_wconf 84' lang='grc' dir='ltr'>ρ.</span> <span class='ocrx_word' id='word_1_103' title='bbox 1327 1790 1422 1843; x_wconf 81' lang='grc'><strong>393-</strong></span> 
     </span>
     <span class='ocr_line' id='line_1_13' title="bbox 362 1870 1422 1946; baseline 0.002 -20"><span class='ocrx_word' id='word_1_104' title='bbox 362 1874 422 1928; x_wconf 76' lang='lat' dir='ltr'>stt.</span> <span class='ocrx_word' id='word_1_105' title='bbox 440 1871 541 1926; x_wconf 88' lang='lat' dir='ltr'>iudicio</span> <span class='ocrx_word' id='word_1_106' title='bbox 561 1871 640 1925; x_wconf 86' lang='lat' dir='ltr'>etiam</span> <span class='ocrx_word' id='word_1_107' title='bbox 659 1871 827 1942; x_wconf 85' lang='lat' dir='ltr'>interposito.</span> <span class='ocrx_word' id='word_1_108' title='bbox 872 1870 916 1924; x_wconf 86' lang='lat' dir='ltr'>Ad</span> <span class='ocrx_word' id='word_1_109' title='bbox 941 1872 1021 1925; x_wconf 87' lang='lat' dir='ltr'>verba</span> <span class='ocrx_word' id='word_1_110' title='bbox 1049 1883 1075 1925; x_wconf 89' lang='lat' dir='ltr'>et</span> <span class='ocrx_word' id='word_1_111' title='bbox 1101 1873 1134 1926; x_wconf 86' lang='lat' dir='ltr'>ad</span> <span class='ocrx_word' id='word_1_112' title='bbox 1163 1893 1220 1926; x_wconf 91' lang='lat' dir='ltr'>rem</span> <span class='ocrx_word' id='word_1_113' title='bbox 1239 1874 1321 1946; x_wconf 78' lang='lat' dir='ltr'>Borg.</span> <span class='ocrx_word' id='word_1_114' title='bbox 1340 1875 1422 1931; x_wconf 86' lang='lat' dir='ltr'>baec:</span> 
     </span>
     <span class='ocr_line' id='line_1_14' title="bbox 362 1958 1422 2034; baseline 0.006 -23"><span class='ocrx_word' id='word_1_115' title='bbox 362 1959 416 2012; x_wconf 86' lang='lat' dir='ltr'>Cic.</span> <span class='ocrx_word' id='word_1_116' title='bbox 438 1979 490 2030; x_wconf 91' lang='lat' dir='ltr'>pro</span> <span class='ocrx_word' id='word_1_117' title='bbox 514 1977 577 2030; x_wconf 83' lang='lat' dir='ltr'>rege</span> <span class='ocrx_word' id='word_1_118' title='bbox 602 1958 691 2012; x_wconf 88' lang='lat' dir='ltr'>Deiot.</span> <span class='ocrx_word' id='word_1_119' title='bbox 710 1962 741 2012; x_wconf 89' lang='lat'>8:</span> <span class='ocrx_word' id='word_1_120' title='bbox 767 1958 861 2010; x_wconf 80' lang='lat' dir='ltr'>Antea</span> <span class='ocrx_word' id='word_1_121' title='bbox 886 1958 992 2029; x_wconf 85' lang='lat' dir='ltr'>quidem</span> <span class='ocrx_word' id='word_1_122' title='bbox 1012 1960 1162 2014; x_wconf 83' lang='lat' dir='ltr'>Deiotarus</span> <span class='ocrx_word' id='word_1_123' title='bbox 1187 1963 1300 2015; x_wconf 86' lang='lat' dir='ltr'>maiores</span> <span class='ocrx_word' id='word_1_124' title='bbox 1331 1965 1422 2034; x_wconf 81' lang='lat' dir='ltr'>copias</span> 
     </span>
     <span class='ocr_line' id='line_1_15' title="bbox 361 2047 1420 2122; baseline 0.007 -24"><span class='ocrx_word' id='word_1_125' title='bbox 361 2048 456 2100; x_wconf 87' lang='lat' dir='ltr'>olere</span> <span class='ocrx_word' id='word_1_126' title='bbox 472 2057 598 2117; x_wconf 84' lang='lat' dir='ltr'>poterat:</span> <span class='ocrx_word' id='word_1_127' title='bbox 616 2066 688 2100; x_wconf 83' lang='lat' dir='ltr'>nuno</span> <span class='ocrx_word' id='word_1_128' title='bbox 706 2047 820 2117; x_wconf 79' lang='lat' dir='ltr'>exiguas</span> <span class='ocrx_word' id='word_1_129' title='bbox 838 2047 899 2099; x_wconf 73' lang='lat' dir='ltr'>rix</span> <span class='ocrx_word' id='word_1_130' title='bbox 914 2049 1012 2099; x_wconf 84' lang='lat' dir='ltr'>tueri</span> <span class='ocrx_word' id='word_1_131' title='bbox 1027 2059 1127 2117; x_wconf 87' lang='lat' dir='ltr'>potest.</span> <span class='ocrx_word' id='word_1_132' title='bbox 1146 2078 1179 2090; x_wconf 92' lang='lat'><em>-</em></span> <span class='ocrx_word' id='word_1_133' title='bbox 1220 2052 1373 2122; x_wconf 76' lang='lat' dir='ltr'>Vectigalia</span> <span class='ocrx_word' id='word_1_134' title='bbox 1392 2052 1420 2105; x_wconf 90' lang='lat' dir='ltr'>iu</span> 
     </span>
     <span class='ocr_line' id='line_1_16' title="bbox 360 2133 1420 2208; baseline 0.003 -20"><span class='ocrx_word' id='word_1_135' title='bbox 360 2136 506 2207; x_wconf 81' lang='lat' dir='ltr'>provinciis</span> <span class='ocrx_word' id='word_1_136' title='bbox 535 2135 658 2189; x_wconf 81' lang='lat' dir='ltr'>redibant</span> <span class='ocrx_word' id='word_1_137' title='bbox 686 2134 725 2187; x_wconf 84' lang='lat' dir='ltr'>vel</span> <span class='ocrx_word' id='word_1_138' title='bbox 751 2155 780 2187; x_wconf 85' lang='lat' dir='ltr'>ex</span> <span class='ocrx_word' id='word_1_139' title='bbox 805 2134 945 2204; x_wconf 85' lang='lat' dir='ltr'>scriptura</span> <span class='ocrx_word' id='word_1_140' title='bbox 963 2133 1003 2188; x_wconf 85' lang='lat' dir='ltr'>vel</span> <span class='ocrx_word' id='word_1_141' title='bbox 1022 2154 1052 2188; x_wconf 82' lang='lat' dir='ltr'>er</span> <span class='ocrx_word' id='word_1_142' title='bbox 1071 2137 1204 2204; x_wconf 80' lang='lat' dir='ltr'>decumis,</span> <span class='ocrx_word' id='word_1_143' title='bbox 1223 2137 1262 2189; x_wconf 85' lang='lat' dir='ltr'>rel</span> <span class='ocrx_word' id='word_1_144' title='bbox 1283 2157 1312 2190; x_wconf 81' lang='lat' dir='ltr'>ex</span> <span class='ocrx_word' id='word_1_145' title='bbox 1329 2151 1420 2208; x_wconf 82' lang='lat' dir='ltr'>portu.</span> 
     </span>
     <span class='ocr_line' id='line_1_17' title="bbox 361 2222 1437 2296; baseline 0.003 -23"><span class='ocrx_word' id='word_1_146' title='bbox 361 2224 420 2277; x_wconf 92' lang='lat' dir='ltr'>Vid.</span> <span class='ocrx_word' id='word_1_147' title='bbox 440 2223 492 2278; x_wconf 88' lang='lat' dir='ltr'>Or.</span> <span class='ocrx_word' id='word_1_148' title='bbox 509 2242 559 2294; x_wconf 92' lang='lat' dir='ltr'>pro</span> <span class='ocrx_word' id='word_1_149' title='bbox 578 2222 649 2293; x_wconf 80' lang='lat' dir='ltr'>Lege</span> <span class='ocrx_word' id='word_1_150' title='bbox 668 2222 743 2277; x_wconf 88' lang='lat' dir='ltr'>Man.</span> <span class='ocrx_word' id='word_1_151' title='bbox 762 2227 788 2288; x_wconf 79' lang='grc'>6,</span> <span class='ocrx_word' id='word_1_152' title='bbox 808 2226 841 2277; x_wconf 84' lang='grc'><strong>15</strong></span> <span class='ocrx_word' id='word_1_153' title='bbox 861 2223 927 2293; x_wconf 87' lang='lat' dir='ltr'>ibiq.</span> <span class='ocrx_word' id='word_1_154' title='bbox 947 2222 1095 2295; x_wconf 86' lang='lat' dir='ltr'>interprr.“</span> <span class='ocrx_word' id='word_1_155' title='bbox 1132 2223 1205 2291; x_wconf 85' lang='lat' dir='ltr'>Quid</span> <span class='ocrx_word' id='word_1_156' title='bbox 1224 2224 1256 2278; x_wconf 90' lang='lat' dir='ltr'>sit</span> <span class='ocrx_word' id='word_1_157' title='bbox 1274 2227 1437 2296; x_wconf 70' lang='lat' dir='ltr'>scriptura,¹</span> 
     </span>
     <span class='ocr_line' id='line_1_18' title="bbox 359 2310 1421 2386; baseline 0.001 -20"><span class='ocrx_word' id='word_1_158' title='bbox 359 2332 430 2386; x_wconf 88' lang='lat' dir='ltr'>quae</span> <span class='ocrx_word' id='word_1_159' title='bbox 447 2311 548 2364; x_wconf 85' lang='lat' dir='ltr'>ibidem</span> <span class='ocrx_word' id='word_1_160' title='bbox 568 2310 740 2382; x_wconf 85' lang='lat' dir='ltr'>distinguitur</span> <span class='ocrx_word' id='word_1_161' title='bbox 765 2331 779 2365; x_wconf 87' lang='lat' dir='ltr'>a</span> <span class='ocrx_word' id='word_1_162' title='bbox 799 2312 921 2366; x_wconf 88' lang='lat' dir='ltr'>decumis</span> <span class='ocrx_word' id='word_1_163' title='bbox 939 2323 965 2367; x_wconf 87' lang='lat' dir='ltr'>et</span> <span class='ocrx_word' id='word_1_164' title='bbox 990 2312 1128 2383; x_wconf 91' lang='lat' dir='ltr'>portorio,</span> <span class='ocrx_word' id='word_1_165' title='bbox 1147 2314 1198 2367; x_wconf 81' lang='lat' dir='ltr'>rid.</span> <span class='ocrx_word' id='word_1_166' title='bbox 1218 2314 1245 2367; x_wconf 90' lang='lat' dir='ltr'>iu</span> <span class='ocrx_word' id='word_1_167' title='bbox 1264 2313 1330 2368; x_wconf 83' lang='lat' dir='ltr'>Eru.</span> <span class='ocrx_word' id='word_1_168' title='bbox 1350 2312 1421 2367; x_wconf 85' lang='lat' dir='ltr'>Clav.</span> 
     </span>
     <span class='ocr_line' id='line_1_19' title="bbox 359 2399 601 2454; baseline -0.017 0"><span class='ocrx_word' id='word_1_169' title='bbox 359 2399 415 2454; x_wconf 85' lang='lat' dir='ltr'>Cic.</span> <span class='ocrx_word' id='word_1_170' title='bbox 435 2399 459 2452; x_wconf 91' lang='lat' dir='ltr'>b.</span> <span class='ocrx_word' id='word_1_171' title='bbox 479 2420 503 2454; x_wconf 83' lang='lat' dir='ltr'>v.</span> <span class='ocrx_word' id='word_1_172' title='bbox 541 2399 601 2451; x_wconf 86' lang='lat' dir='ltr'>Mr.</span> 
     </span>
    </p>

    <p class='ocr_par' dir='ltr' id='par_1_4' title="bbox 354 2485 1421 3975">
     <span class='ocr_line' id='line_1_20' title="bbox 397 2485 1421 2561; baseline 0.003 -21"><span class='ocrx_word' id='word_1_173' title='bbox 397 2544 399 2546; x_wconf 56' lang='grc'>,</span> <span class='ocrx_word' id='word_1_174' title='bbox 432 2488 511 2559; x_wconf 81' lang='lat' dir='ltr'>Quod</span> <span class='ocrx_word' id='word_1_175' title='bbox 525 2489 643 2559; x_wconf 82' lang='lat' dir='ltr'>populus</span> <span class='ocrx_word' id='word_1_176' title='bbox 660 2491 799 2541; x_wconf 83' lang='lat' dir='ltr'>Romanus</span> <span class='ocrx_word' id='word_1_177' title='bbox 818 2489 879 2555; x_wconf 67' lang='lat' dir='ltr'>ret]</span> <span class='ocrx_word' id='word_1_178' title='bbox 900 2485 987 2543; x_wconf 87' lang='lat' dir='ltr'>Codd.</span> <span class='ocrx_word' id='word_1_179' title='bbox 1005 2487 1087 2542; x_wconf 88' lang='lat' dir='ltr'>Drsd.</span> <span class='ocrx_word' id='word_1_180' title='bbox 1105 2491 1131 2544; x_wconf 78' lang='lat'>8.</span> <span class='ocrx_word' id='word_1_181' title='bbox 1151 2487 1216 2543; x_wconf 74' lang='lat' dir='ltr'>Otr.</span> <span class='ocrx_word' id='word_1_182' title='bbox 1235 2489 1266 2544; x_wconf 85' lang='grc' dir='ltr'>Ε.</span> <span class='ocrx_word' id='word_1_183' title='bbox 1283 2490 1303 2544; x_wconf 92' lang='grc'><strong>1.</strong></span> <span class='ocrx_word' id='word_1_184' title='bbox 1321 2492 1421 2561; x_wconf 86' lang='lat' dir='ltr'>populo</span> 
     </span>
     <span class='ocr_line' id='line_1_21' title="bbox 357 2575 1420 2648; baseline 0.004 -20"><span class='ocrx_word' id='word_1_185' title='bbox 357 2580 496 2628; x_wconf 85' lang='lat' dir='ltr'>Romano:</span> <span class='ocrx_word' id='word_1_186' title='bbox 521 2576 628 2648; x_wconf 87' lang='lat' dir='ltr'>ineptus</span> <span class='ocrx_word' id='word_1_187' title='bbox 647 2576 774 2629; x_wconf 90' lang='lat' dir='ltr'>nimirum</span> <span class='ocrx_word' id='word_1_188' title='bbox 793 2577 918 2630; x_wconf 89' lang='lat' dir='ltr'>librarius</span> <span class='ocrx_word' id='word_1_189' title='bbox 936 2578 972 2631; x_wconf 86' lang='lat' dir='ltr'>ita</span> <span class='ocrx_word' id='word_1_190' title='bbox 992 2575 1098 2648; x_wconf 71' lang='lat' dir='ltr'>legebat</span> <span class='ocrx_word' id='word_1_191' title='bbox 1122 2577 1312 2647; x_wconf 85' lang='lat' dir='ltr'>compendium</span> <span class='ocrx_word' id='word_1_192' title='bbox 1339 2578 1420 2632; x_wconf 89' lang='lat' dir='ltr'>usita-</span> 
     </span>
     <span class='ocr_line' id='line_1_22' title="bbox 358 2663 1417 2739; baseline 0.004 -23"><span class='ocrx_word' id='word_1_193' title='bbox 358 2674 416 2716; x_wconf 85' lang='lat' dir='ltr'>tum</span> <span class='ocrx_word' id='word_1_194' title='bbox 436 2668 493 2715; x_wconf 81' lang='lat' dir='ltr'>Po.</span> <span class='ocrx_word' id='word_1_195' title='bbox 510 2667 570 2719; x_wconf 69' lang='lat'>120.</span> <span class='ocrx_word' id='word_1_196' title='bbox 604 2665 636 2718; x_wconf 92' lang='lat' dir='ltr'>lu</span> <span class='ocrx_word' id='word_1_197' title='bbox 654 2665 735 2729; x_wconf 87' lang='lat' dir='ltr'>Drsd.</span> <span class='ocrx_word' id='word_1_198' title='bbox 752 2670 780 2721; x_wconf 83' lang='lat'>4.</span> <span class='ocrx_word' id='word_1_199' title='bbox 799 2676 838 2719; x_wconf 92' lang='lat' dir='ltr'>est</span> <span class='ocrx_word' id='word_1_200' title='bbox 854 2665 1124 2737; x_wconf 81' lang='lat' dir='ltr'>romanuspopulus.</span> <span class='ocrx_word' id='word_1_201' title='bbox 1162 2663 1183 2719; x_wconf 88' lang='lat' dir='ltr'>li</span> <span class='ocrx_word' id='word_1_202' title='bbox 1202 2665 1278 2732; x_wconf 85' lang='lat' dir='ltr'>libri,</span> <span class='ocrx_word' id='word_1_203' title='bbox 1306 2667 1350 2739; x_wconf 92' lang='lat' dir='ltr'>qui</span> <span class='ocrx_word' id='word_1_204' title='bbox 1368 2666 1417 2720; x_wconf 87' lang='lat' dir='ltr'>ba·</span> 
     </span>
     <span class='ocr_line' id='line_1_23' title="bbox 362 2752 1420 2826; baseline 0.001 -20"><span class='ocrx_word' id='word_1_205' title='bbox 362 2755 427 2806; x_wconf 89' lang='lat' dir='ltr'>bent</span> <span class='ocrx_word' id='word_1_206' title='bbox 444 2754 544 2825; x_wconf 84' lang='lat' dir='ltr'>populo</span> <span class='ocrx_word' id='word_1_207' title='bbox 563 2774 685 2819; x_wconf 83' lang='lat' dir='ltr'>romono,</span> <span class='ocrx_word' id='word_1_208' title='bbox 704 2754 769 2809; x_wconf 79' lang='lat' dir='ltr'>Osx.</span> <span class='ocrx_word' id='word_1_209' title='bbox 778 2754 809 2808; x_wconf 86' lang='lat' dir='ltr'>E.</span> <span class='ocrx_word' id='word_1_210' title='bbox 818 2752 848 2821; x_wconf 86' lang='grc'><strong>1.,</strong></span> <span class='ocrx_word' id='word_1_211' title='bbox 866 2753 947 2809; x_wconf 85' lang='lat' dir='ltr'>Drsd.</span> <span class='ocrx_word' id='word_1_212' title='bbox 960 2757 995 2820; x_wconf 77' lang='grc'>3.,</span> <span class='ocrx_word' id='word_1_213' title='bbox 1015 2754 1044 2807; x_wconf 87' lang='lat' dir='ltr'>iu</span> <span class='ocrx_word' id='word_1_214' title='bbox 1057 2774 1132 2826; x_wconf 86' lang='lat' dir='ltr'>seqq.</span> <span class='ocrx_word' id='word_1_215' title='bbox 1152 2753 1275 2808; x_wconf 82' lang='lat' dir='ltr'>exhibent</span> <span class='ocrx_word' id='word_1_216' title='bbox 1293 2757 1339 2807; x_wconf 81' lang='lat' dir='ltr'>vix</span> <span class='ocrx_word' id='word_1_217' title='bbox 1355 2767 1420 2824; x_wconf 85' lang='lat' dir='ltr'>pot-</span> 
     </span>
     <span class='ocr_line' id='line_1_24' title="bbox 359 2842 1419 2915; baseline 0.003 -22"><span class='ocrx_word' id='word_1_218' title='bbox 359 2854 402 2895; x_wconf 86' lang='lat' dir='ltr'>est</span> <span class='ocrx_word' id='word_1_219' title='bbox 421 2843 643 2915; x_wconf 85' lang='lat' dir='ltr'>contingere,</span> <span class='ocrx_word' id='word_1_220' title='bbox 663 2843 736 2915; x_wconf 92' lang='lat' dir='ltr'>quod</span> <span class='ocrx_word' id='word_1_221' title='bbox 754 2842 856 2896; x_wconf 89' lang='lat' dir='ltr'>addidit</span> <span class='ocrx_word' id='word_1_222' title='bbox 874 2854 1030 2909; x_wconf 88' lang='lat' dir='ltr'>corrector,</span> <span class='ocrx_word' id='word_1_223' title='bbox 1049 2854 1079 2896; x_wconf 91' lang='lat' dir='ltr'>ut</span> <span class='ocrx_word' id='word_1_224' title='bbox 1098 2842 1198 2914; x_wconf 82' lang='lat' dir='ltr'>aliquid</span> <span class='ocrx_word' id='word_1_225' title='bbox 1217 2854 1290 2897; x_wconf 88' lang='lat' dir='ltr'>certe</span> <span class='ocrx_word' id='word_1_226' title='bbox 1308 2842 1419 2915; x_wconf 72' lang='lat' dir='ltr'>intelligi</span> 
     </span>
     <span class='ocr_line' id='line_1_25' title="bbox 358 2929 1419 3004; baseline 0.004 -22"><span class='ocrx_word' id='word_1_227' title='bbox 358 2941 462 3001; x_wconf 87' lang='lat' dir='ltr'>posset,</span> <span class='ocrx_word' id='word_1_228' title='bbox 483 2950 646 3004; x_wconf 88' lang='lat' dir='ltr'>quamquam</span> <span class='ocrx_word' id='word_1_229' title='bbox 667 2950 763 3002; x_wconf 88' lang='lat' dir='ltr'>parum</span> <span class='ocrx_word' id='word_1_230' title='bbox 783 2942 844 3002; x_wconf 88' lang='lat' dir='ltr'>apta</span> <span class='ocrx_word' id='word_1_231' title='bbox 864 2942 903 2984; x_wconf 91' lang='lat' dir='ltr'>est</span> <span class='ocrx_word' id='word_1_232' title='bbox 919 2931 1065 2985; x_wconf 84' lang='lat' dir='ltr'>correctio.</span> <span class='ocrx_word' id='word_1_233' title='bbox 1108 2929 1162 2984; x_wconf 87' lang='lat' dir='ltr'>Sed</span> <span class='ocrx_word' id='word_1_234' title='bbox 1188 2950 1218 2983; x_wconf 84' lang='lat' dir='ltr'>ex</span> <span class='ocrx_word' id='word_1_235' title='bbox 1245 2931 1276 2990; x_wconf 83' lang='lat' dir='ltr'>iis</span> <span class='ocrx_word' id='word_1_236' title='bbox 1301 2951 1419 3004; x_wconf 89' lang='lat' dir='ltr'>quoque,</span> 
     </span>
     <span class='ocr_line' id='line_1_26' title="bbox 357 3017 1418 3090; baseline 0.003 -19"><span class='ocrx_word' id='word_1_237' title='bbox 357 3020 405 3090; x_wconf 89' lang='lat' dir='ltr'>qui</span> <span class='ocrx_word' id='word_1_238' title='bbox 425 3017 523 3072; x_wconf 89' lang='lat' dir='ltr'>babent</span> <span class='ocrx_word' id='word_1_239' title='bbox 539 3020 655 3089; x_wconf 85' lang='lat' dir='ltr'>populus</span> <span class='ocrx_word' id='word_1_240' title='bbox 675 3023 829 3086; x_wconf 80' lang='lat' dir='ltr'>Romanus,</span> <span class='ocrx_word' id='word_1_241' title='bbox 855 3019 943 3073; x_wconf 82' lang='lat' dir='ltr'>Codd.</span> <span class='ocrx_word' id='word_1_242' title='bbox 961 3019 1042 3072; x_wconf 86' lang='lat' dir='ltr'>Drsd.</span> <span class='ocrx_word' id='word_1_243' title='bbox 1062 3022 1088 3072; x_wconf 91' lang='grc'><strong>1.</strong></span> <span class='ocrx_word' id='word_1_244' title='bbox 1106 3023 1132 3073; x_wconf 91' lang='grc'>4.</span> <span class='ocrx_word' id='word_1_245' title='bbox 1161 3018 1269 3074; x_wconf 88' lang='lat' dir='ltr'>Suerin.</span> <span class='ocrx_word' id='word_1_246' title='bbox 1299 3020 1418 3074; x_wconf 92' lang='lat' dir='ltr'>additum</span> 
     </span>
     <span class='ocr_line' id='line_1_27' title="bbox 356 3107 1417 3179; baseline 0.003 -20"><span class='ocrx_word' id='word_1_247' title='bbox 356 3107 457 3161; x_wconf 85' lang='lat' dir='ltr'>babent</span> <span class='ocrx_word' id='word_1_248' title='bbox 475 3108 540 3160; x_wconf 87' lang='lat' dir='ltr'>ittud</span> <span class='ocrx_word' id='word_1_249' title='bbox 559 3109 720 3179; x_wconf 77' lang='lat' dir='ltr'>contingere.</span> <span class='ocrx_word' id='word_1_250' title='bbox 768 3108 823 3162; x_wconf 89' lang='lat' dir='ltr'>Pro</span> <span class='ocrx_word' id='word_1_251' title='bbox 851 3108 941 3161; x_wconf 83' lang='lat' dir='ltr'>tantis</span> <span class='ocrx_word' id='word_1_252' title='bbox 966 3118 1006 3161; x_wconf 87' lang='lat' dir='ltr'>est</span> <span class='ocrx_word' id='word_1_253' title='bbox 1033 3126 1072 3159; x_wconf 85' lang='lat' dir='ltr'>ex</span> <span class='ocrx_word' id='word_1_254' title='bbox 1089 3108 1178 3160; x_wconf 82' lang='lat' dir='ltr'>tantis</span> <span class='ocrx_word' id='word_1_255' title='bbox 1204 3109 1232 3162; x_wconf 87' lang='lat' dir='ltr'>in</span> <span class='ocrx_word' id='word_1_256' title='bbox 1252 3108 1338 3162; x_wconf 85' lang='lat' dir='ltr'>Codd.</span> <span class='ocrx_word' id='word_1_257' title='bbox 1358 3111 1417 3162; x_wconf 82' lang='lat' dir='ltr'>Cra.</span> 
     </span>
     <span class='ocr_line' id='line_1_28' title="bbox 357 3195 1420 3267; baseline 0 -19"><span class='ocrx_word' id='word_1_258' title='bbox 357 3198 475 3249; x_wconf 68' lang='lat' dir='ltr'>tan</span> <span class='ocrx_word' id='word_1_259' title='bbox 496 3207 557 3249; x_wconf 91' lang='lat' dir='ltr'>octo</span> <span class='ocrx_word' id='word_1_260' title='bbox 578 3195 806 3249; x_wconf 62' lang='grc' dir='ltr'><strong>0019111Ιά1.-</strong></span> <span class='ocrx_word' id='word_1_261' title='bbox 844 3195 914 3250; x_wconf 87' lang='lat' dir='ltr'>Cod.</span> <span class='ocrx_word' id='word_1_262' title='bbox 942 3198 1000 3249; x_wconf 81' lang='lat' dir='ltr'>Cra.</span> <span class='ocrx_word' id='word_1_263' title='bbox 1019 3200 1045 3249; x_wconf 91' lang='lat'>1.</span> <span class='ocrx_word' id='word_1_264' title='bbox 1073 3195 1154 3250; x_wconf 80' lang='lat' dir='ltr'>babet</span> <span class='ocrx_word' id='word_1_265' title='bbox 1171 3198 1226 3249; x_wconf 87' lang='lat' dir='ltr'>iam</span> <span class='ocrx_word' id='word_1_266' title='bbox 1245 3199 1291 3250; x_wconf 79' lang='lat' dir='ltr'>vix</span> <span class='ocrx_word' id='word_1_267' title='bbox 1306 3199 1420 3267; x_wconf 85' lang='lat' dir='ltr'>pridem.</span> 
     </span>
     <span class='ocr_line' id='line_1_29' title="bbox 356 3283 1418 3356; baseline 0.003 -19"><span class='ocrx_word' id='word_1_268' title='bbox 356 3286 412 3338; x_wconf 89' lang='lat' dir='ltr'>Pro</span> <span class='ocrx_word' id='word_1_269' title='bbox 429 3295 520 3353; x_wconf 85' lang='lat' dir='ltr'>potest</span> <span class='ocrx_word' id='word_1_270' title='bbox 532 3295 571 3337; x_wconf 89' lang='lat' dir='ltr'>est</span> <span class='ocrx_word' id='word_1_271' title='bbox 579 3285 672 3353; x_wconf 79' lang='lat' dir='ltr'>potuit</span> <span class='ocrx_word' id='word_1_272' title='bbox 682 3285 710 3337; x_wconf 91' lang='lat' dir='ltr'>in</span> <span class='ocrx_word' id='word_1_273' title='bbox 721 3283 807 3337; x_wconf 89' lang='lat' dir='ltr'>Codd.</span> <span class='ocrx_word' id='word_1_274' title='bbox 819 3283 878 3337; x_wconf 78' lang='lat' dir='ltr'>Cre.</span> <span class='ocrx_word' id='word_1_275' title='bbox 887 3288 911 3336; x_wconf 97' lang='grc'>2.</span> <span class='ocrx_word' id='word_1_276' title='bbox 926 3283 1036 3337; x_wconf 85' lang='lat' dir='ltr'>Drsd.4.</span> <span class='ocrx_word' id='word_1_277' title='bbox 1063 3283 1131 3337; x_wconf 86' lang='lat' dir='ltr'>tttud</span> <span class='ocrx_word' id='word_1_278' title='bbox 1151 3303 1189 3335; x_wconf 77' lang='lat' dir='ltr'>ex</span> <span class='ocrx_word' id='word_1_279' title='bbox 1201 3287 1290 3337; x_wconf 85' lang='lat' dir='ltr'>tantia</span> <span class='ocrx_word' id='word_1_280' title='bbox 1303 3298 1418 3356; x_wconf 89' lang='lat' dir='ltr'>occupat</span> 
     </span>
     <span class='ocr_line' id='line_1_30' title="bbox 356 3370 1418 3445; baseline 0.004 -21"><span class='ocrx_word' id='word_1_281' title='bbox 356 3372 455 3425; x_wconf 88' lang='lat' dir='ltr'>multas</span> <span class='ocrx_word' id='word_1_282' title='bbox 474 3371 559 3437; x_wconf 83' lang='lat' dir='ltr'>Edd,</span> <span class='ocrx_word' id='word_1_283' title='bbox 578 3371 634 3425; x_wconf 87' lang='lat' dir='ltr'>imo</span> <span class='ocrx_word' id='word_1_284' title='bbox 653 3391 761 3437; x_wconf 87' lang='lat' dir='ltr'>omnes,</span> <span class='ocrx_word' id='word_1_285' title='bbox 780 3382 842 3424; x_wconf 89' lang='lat' dir='ltr'>aute</span> <span class='ocrx_word' id='word_1_286' title='bbox 860 3370 1025 3435; x_wconf 86' lang='lat' dir='ltr'>Gruterum,</span> <span class='ocrx_word' id='word_1_287' title='bbox 1053 3373 1167 3442; x_wconf 82' lang='lat' dir='ltr'>exceptis</span> <span class='ocrx_word' id='word_1_288' title='bbox 1194 3372 1245 3425; x_wconf 87' lang='lat' dir='ltr'>Ed.</span> <span class='ocrx_word' id='word_1_289' title='bbox 1270 3393 1328 3445; x_wconf 85' lang='lat' dir='ltr'>pre.</span> <span class='ocrx_word' id='word_1_290' title='bbox 1349 3375 1418 3428; x_wconf 90' lang='lat' dir='ltr'>Vict.</span> 
     </span>
     <span class='ocr_line' id='line_1_31' title="bbox 357 3456 1418 3531; baseline 0.002 -19"><span class='ocrx_word' id='word_1_291' title='bbox 357 3472 385 3514; x_wconf 89' lang='lat' dir='ltr'>et</span> <span class='ocrx_word' id='word_1_292' title='bbox 403 3460 473 3513; x_wconf 84' lang='lat' dir='ltr'>Rob.</span> <span class='ocrx_word' id='word_1_293' title='bbox 493 3458 586 3530; x_wconf 89' lang='lat' dir='ltr'>Steph.</span> <span class='ocrx_word' id='word_1_294' title='bbox 623 3459 656 3514; x_wconf 81' lang='lat' dir='ltr'>Et</span> <span class='ocrx_word' id='word_1_295' title='bbox 674 3459 806 3513; x_wconf 88' lang='lat' dir='ltr'>Gruterus</span> <span class='ocrx_word' id='word_1_296' title='bbox 825 3459 935 3531; x_wconf 88' lang='lat' dir='ltr'>quidem</span> <span class='ocrx_word' id='word_1_297' title='bbox 954 3456 1136 3524; x_wconf 85' lang='lat' dir='ltr'>„Particulam</span> <span class='ocrx_word' id='word_1_298' title='bbox 1156 3478 1198 3524; x_wconf 85' lang='lat' dir='ltr'>ex,</span> <span class='ocrx_word' id='word_1_299' title='bbox 1217 3460 1314 3530; x_wconf 89' lang='lat' dir='ltr'>inquit,</span> <span class='ocrx_word' id='word_1_300' title='bbox 1333 3460 1418 3514; x_wconf 90' lang='lat' dir='ltr'>abieci</span> 
     </span>
     <span class='ocr_line' id='line_1_32' title="bbox 356 3547 1418 3619; baseline -0.003 -16"><span class='ocrx_word' id='word_1_301' title='bbox 356 3561 388 3603; x_wconf 90' lang='lat' dir='ltr'>ut</span> <span class='ocrx_word' id='word_1_302' title='bbox 407 3568 463 3601; x_wconf 89' lang='lat' dir='ltr'>non</span> <span class='ocrx_word' id='word_1_303' title='bbox 482 3547 658 3602; x_wconf 84' lang='lat' dir='ltr'>necessariam</span> <span class='ocrx_word' id='word_1_304' title='bbox 677 3569 706 3603; x_wconf 83' lang='lat' dir='ltr'>es</span> <span class='ocrx_word' id='word_1_305' title='bbox 726 3549 779 3602; x_wconf 83' lang='lat' dir='ltr'>side</span> <span class='ocrx_word' id='word_1_306' title='bbox 797 3549 930 3601; x_wconf 90' lang='lat' dir='ltr'>librorum</span> <span class='ocrx_word' id='word_1_307' title='bbox 948 3547 1113 3619; x_wconf 89' lang='lat' dir='ltr'>scriptorum</span> <span class='ocrx_word' id='word_1_308' title='bbox 1133 3558 1203 3601; x_wconf 81' lang='lat' dir='ltr'>etex</span> <span class='ocrx_word' id='word_1_309' title='bbox 1221 3547 1356 3618; x_wconf 87' lang='lat' dir='ltr'>impressis</span> <span class='ocrx_word' id='word_1_310' title='bbox 1374 3567 1418 3600; x_wconf 86' lang='lat' dir='ltr'>ve·</span> 
     </span>
     <span class='ocr_line' id='line_1_33' title="bbox 356 3635 1417 3711; baseline -0.002 -21"><span class='ocrx_word' id='word_1_311' title='bbox 356 3636 493 3690; x_wconf 89' lang='lat' dir='ltr'>tustissimi</span> <span class='ocrx_word' id='word_1_312' title='bbox 513 3636 657 3709; x_wconf 87' lang='lat' dir='ltr'>cuiusque:</span> <span class='ocrx_word' id='word_1_313' title='bbox 685 3658 775 3711; x_wconf 88' lang='lat' dir='ltr'>neque</span> <span class='ocrx_word' id='word_1_314' title='bbox 799 3638 876 3692; x_wconf 87' lang='lat' dir='ltr'>aliter</span> <span class='ocrx_word' id='word_1_315' title='bbox 901 3638 1067 3692; x_wconf 64' lang='lat' dir='ltr'>Victoriue‘t</span> <span class='ocrx_word' id='word_1_316' title='bbox 1111 3635 1164 3690; x_wconf 87' lang='lat' dir='ltr'>Sed</span> <span class='ocrx_word' id='word_1_317' title='bbox 1189 3635 1262 3709; x_wconf 88' lang='lat' dir='ltr'>quod</span> <span class='ocrx_word' id='word_1_318' title='bbox 1287 3656 1318 3688; x_wconf 82' lang='lat' dir='ltr'>er</span> <span class='ocrx_word' id='word_1_319' title='bbox 1344 3636 1417 3689; x_wconf 83' lang='lat' dir='ltr'>nulla</span> 
     </span>
     <span class='ocr_line' id='line_1_34' title="bbox 356 3726 1418 3800; baseline 0 -23"><span class='ocrx_word' id='word_1_320' title='bbox 356 3726 475 3781; x_wconf 81' lang='lat' dir='ltr'>enotavit</span> <span class='ocrx_word' id='word_1_321' title='bbox 501 3726 549 3779; x_wconf 84' lang='lat' dir='ltr'>Ed.</span> <span class='ocrx_word' id='word_1_322' title='bbox 568 3737 654 3781; x_wconf 81' lang='lat' dir='ltr'>vetere</span> <span class='ocrx_word' id='word_1_323' title='bbox 673 3727 741 3794; x_wconf 74' lang='lat' dir='ltr'>On,</span> <span class='ocrx_word' id='word_1_324' title='bbox 768 3747 848 3800; x_wconf 82' lang='lat' dir='ltr'>prava</span> <span class='ocrx_word' id='word_1_325' title='bbox 872 3727 953 3781; x_wconf 87' lang='lat' dir='ltr'>lectio</span> <span class='ocrx_word' id='word_1_326' title='bbox 979 3727 1096 3798; x_wconf 83' lang='lat' dir='ltr'>populo</span> <span class='ocrx_word' id='word_1_327' title='bbox 1125 3730 1257 3777; x_wconf 83' lang='lat' dir='ltr'>Romano</span> <span class='ocrx_word' id='word_1_328' title='bbox 1275 3734 1418 3794; x_wconf 86' lang='lat' dir='ltr'>-potest</span> 
     </span>
     <span class='ocr_line' id='line_1_35' title="bbox 354 3814 1417 3887; baseline 0.005 -23"><span class='ocrx_word' id='word_1_329' title='bbox 354 3815 579 3885; x_wconf 83' lang='lat' dir='ltr'>contingere,</span> <span class='ocrx_word' id='word_1_330' title='bbox 599 3814 721 3869; x_wconf 80' lang='lat' dir='ltr'>exbibent</span> <span class='ocrx_word' id='word_1_331' title='bbox 740 3815 839 3869; x_wconf 86' lang='lat' dir='ltr'>multae</span> <span class='ocrx_word' id='word_1_332' title='bbox 858 3836 873 3867; x_wconf 85' lang='lat' dir='ltr'>e</span> <span class='ocrx_word' id='word_1_333' title='bbox 892 3816 1004 3870; x_wconf 83' lang='lat' dir='ltr'>nostris:</span> <span class='ocrx_word' id='word_1_334' title='bbox 1023 3815 1073 3869; x_wconf 84' lang='lat' dir='ltr'>Ed.</span> <span class='ocrx_word' id='word_1_335' title='bbox 1092 3836 1135 3887; x_wconf 90' lang='lat' dir='ltr'>ap.</span> <span class='ocrx_word' id='word_1_336' title='bbox 1150 3814 1236 3868; x_wconf 87' lang='lat' dir='ltr'>Meus.</span> <span class='ocrx_word' id='word_1_337' title='bbox 1255 3815 1325 3868; x_wconf 90' lang='lat' dir='ltr'>Ven.</span> <span class='ocrx_word' id='word_1_338' title='bbox 1338 3818 1417 3869; x_wconf 89' lang='grc'><strong>1492.</strong></span> 
     </span>
     <span class='ocr_line' id='line_1_36' title="bbox 355 3902 1416 3975; baseline 0.003 -22"><span class='ocrx_word' id='word_1_339' title='bbox 355 3905 437 3956; x_wconf 81' lang='grc'><strong>1514.</strong></span> <span class='ocrx_word' id='word_1_340' title='bbox 455 3902 536 3955; x_wconf 85' lang='lat' dir='ltr'>Hdtb.</span> <span class='ocrx_word' id='word_1_341' title='bbox 550 3902 611 3956; x_wconf 80' lang='lat' dir='ltr'>Asc.</span> <span class='ocrx_word' id='word_1_342' title='bbox 620 3906 698 3957; x_wconf 80' lang='lat'><strong>1511.</strong></span> <span class='ocrx_word' id='word_1_343' title='bbox 710 3903 773 3958; x_wconf 91' lang='lat' dir='ltr'>Par.</span> <span class='ocrx_word' id='word_1_344' title='bbox 783 3907 951 3959; x_wconf 74' lang='lat' dir='ltr'>asumma.</span> <span class='ocrx_word' id='word_1_345' title='bbox 962 3902 1027 3974; x_wconf 77' lang='lat' dir='ltr'>Arg.</span> <span class='ocrx_word' id='word_1_346' title='bbox 1039 3903 1124 3975; x_wconf 73' lang='lat' dir='ltr'>Lugd.</span> <span class='ocrx_word' id='word_1_347' title='bbox 1135 3903 1196 3958; x_wconf 91' lang='lat' dir='ltr'>Par.</span> <span class='ocrx_word' id='word_1_348' title='bbox 1204 3922 1224 3956; x_wconf 88' lang='lat' dir='ltr'>s.</span> <span class='ocrx_word' id='word_1_349' title='bbox 1234 3924 1258 3957; x_wconf 90' lang='lat' dir='ltr'>a.</span> <span class='ocrx_word' id='word_1_350' title='bbox 1269 3902 1336 3957; x_wconf 84' lang='lat' dir='ltr'>Dav.</span> <span class='ocrx_word' id='word_1_351' title='bbox 1356 3903 1385 3955; x_wconf 88' lang='lat' dir='ltr'>M</span> <span class='ocrx_word' id='word_1_352' title='bbox 1394 3924 1416 3956; x_wconf 90' lang='lat' dir='ltr'>r.</span> 
     </span>
    </p>

    <p class='ocr_par' dir='ltr' id='par_1_5' title="bbox 350 3992 1446 4590">
     <span class='ocr_line' id='line_1_37' title="bbox 428 3992 1416 4066; baseline 0 -25"><span class='ocrx_word' id='word_1_353' title='bbox 428 3993 502 4060; x_wconf 81' lang='lat' dir='ltr'>Ergo</span> <span class='ocrx_word' id='word_1_354' title='bbox 520 3992 570 4042; x_wconf 80' lang='lat' dir='ltr'>lroo</span> <span class='ocrx_word' id='word_1_355' title='bbox 586 3992 724 4062; x_wconf 83' lang='lat' dir='ltr'>proposito</span> <span class='ocrx_word' id='word_1_356' title='bbox 744 4012 884 4066; x_wconf 84' lang='lat' dir='ltr'>nunqnam</span> <span class='ocrx_word' id='word_1_357' title='bbox 900 3994 954 4046; x_wconf 85' lang='lat' dir='ltr'>eris</span> <span class='ocrx_word' id='word_1_358' title='bbox 971 3994 1046 4045; x_wconf 87' lang='lat' dir='ltr'>dives</span> <span class='ocrx_word' id='word_1_359' title='bbox 1065 4003 1141 4057; x_wconf 83' lang='lat' dir='ltr'>crite,</span> <span class='ocrx_word' id='word_1_360' title='bbox 1160 3994 1253 4065; x_wconf 80' lang='lat' dir='ltr'>quam]</span> <span class='ocrx_word' id='word_1_361' title='bbox 1280 3993 1335 4045; x_wconf 91' lang='lat' dir='ltr'>Pro</span> <span class='ocrx_word' id='word_1_362' title='bbox 1353 4010 1416 4060; x_wconf 85' lang='lat' dir='ltr'>ergo</span> 
     </span>
     <span class='ocr_line' id='line_1_38' title="bbox 353 4079 1415 4153; baseline -0.002 -22"><span class='ocrx_word' id='word_1_363' title='bbox 353 4091 392 4133; x_wconf 87' lang='lat' dir='ltr'>est</span> <span class='ocrx_word' id='word_1_364' title='bbox 412 4080 500 4151; x_wconf 83' lang='lat' dir='ltr'>igitur</span> <span class='ocrx_word' id='word_1_365' title='bbox 517 4080 545 4133; x_wconf 92' lang='lat' dir='ltr'>in</span> <span class='ocrx_word' id='word_1_366' title='bbox 566 4080 633 4133; x_wconf 79' lang='lat' dir='ltr'>cod.</span> <span class='ocrx_word' id='word_1_367' title='bbox 651 4082 709 4133; x_wconf 81' lang='lat' dir='ltr'>Cra.</span> <span class='ocrx_word' id='word_1_368' title='bbox 729 4086 754 4137; x_wconf 79' lang='lat'>3.</span> <span class='ocrx_word' id='word_1_369' title='bbox 772 4082 840 4135; x_wconf 85' lang='lat' dir='ltr'>Edd.</span> <span class='ocrx_word' id='word_1_370' title='bbox 860 4101 929 4153; x_wconf 91' lang='lat' dir='ltr'>prc.,</span> <span class='ocrx_word' id='word_1_371' title='bbox 948 4102 991 4153; x_wconf 90' lang='lat' dir='ltr'>ap.</span> <span class='ocrx_word' id='word_1_372' title='bbox 1010 4081 1106 4148; x_wconf 66' lang='lat' dir='ltr'>Meus„</span> <span class='ocrx_word' id='word_1_373' title='bbox 1125 4082 1219 4134; x_wconf 77' lang='lat' dir='ltr'>bamb.</span> <span class='ocrx_word' id='word_1_374' title='bbox 1234 4080 1318 4133; x_wconf 81' lang='lat' dir='ltr'>Sullr.</span> <span class='ocrx_word' id='word_1_375' title='bbox 1333 4079 1415 4143; x_wconf 67' lang='lat' dir='ltr'>Petu,</span> 
     </span>
     <span class='ocr_line' id='line_1_39' title="bbox 353 4167 1414 4242; baseline -0.002 -23"><span class='ocrx_word' id='word_1_376' title='bbox 353 4167 453 4220; x_wconf 86' lang='lat' dir='ltr'>nostris</span> <span class='ocrx_word' id='word_1_377' title='bbox 472 4167 538 4221; x_wconf 85' lang='lat' dir='ltr'>Dav.</span> <span class='ocrx_word' id='word_1_378' title='bbox 558 4169 638 4224; x_wconf 88' lang='lat' dir='ltr'>Hdlb.</span> <span class='ocrx_word' id='word_1_379' title='bbox 666 4169 751 4242; x_wconf 81' lang='lat' dir='ltr'>Lugd.</span> <span class='ocrx_word' id='word_1_380' title='bbox 774 4172 836 4225; x_wconf 87' lang='lat' dir='ltr'>Par.</span> <span class='ocrx_word' id='word_1_381' title='bbox 856 4175 937 4227; x_wconf 69' lang='grc'><strong>1591.</strong></span> <span class='ocrx_word' id='word_1_382' title='bbox 957 4173 1036 4225; x_wconf 77' lang='grc'><strong>1512.</strong></span> <span class='ocrx_word' id='word_1_383' title='bbox 1060 4170 1125 4241; x_wconf 74' lang='lat' dir='ltr'>Arg.</span> <span class='ocrx_word' id='word_1_384' title='bbox 1153 4172 1222 4223; x_wconf 90' lang='lat' dir='ltr'>Ven.</span> <span class='ocrx_word' id='word_1_385' title='bbox 1239 4172 1317 4222; x_wconf 89' lang='grc'><strong>1492.</strong></span> <span class='ocrx_word' id='word_1_386' title='bbox 1335 4169 1414 4221; x_wconf 84' lang='grc'><strong>1514.</strong></span> 
     </span>
     <span class='ocr_line' id='line_1_40' title="bbox 352 4253 1446 4330; baseline -0.013 -10"><span class='ocrx_word' id='word_1_387' title='bbox 352 4253 413 4306; x_wconf 70' lang='lat' dir='ltr'>Ms-</span> <span class='ocrx_word' id='word_1_388' title='bbox 449 4259 528 4319; x_wconf 81' lang='lat' dir='ltr'>„Hoc</span> <span class='ocrx_word' id='word_1_389' title='bbox 545 4260 696 4327; x_wconf 71' lang='lat' dir='ltr'>proposito,</span> <span class='ocrx_word' id='word_1_390' title='bbox 714 4260 732 4312; x_wconf 91' lang='lat' dir='ltr'>i.</span> <span class='ocrx_word' id='word_1_391' title='bbox 752 4279 774 4313; x_wconf 92' lang='lat' dir='ltr'>e.</span> <span class='ocrx_word' id='word_1_392' title='bbox 792 4260 813 4313; x_wconf 85' lang='lat' dir='ltr'>si</span> <span class='ocrx_word' id='word_1_393' title='bbox 832 4259 884 4313; x_wconf 88' lang='lat' dir='ltr'>boc</span> <span class='ocrx_word' id='word_1_394' title='bbox 903 4260 966 4326; x_wconf 91' lang='lat' dir='ltr'>tibi,</span> <span class='ocrx_word' id='word_1_395' title='bbox 986 4259 1095 4326; x_wconf 77' lang='lat' dir='ltr'>Crasse,</span> <span class='ocrx_word' id='word_1_396' title='bbox 1116 4258 1300 4330; x_wconf 83' lang='lat' dir='ltr'>proposueris,</span> <span class='ocrx_word' id='word_1_397' title='bbox 1329 4254 1415 4309; x_wconf 87' lang='lat' dir='ltr'>nemi·</span> <span class='ocrx_word' id='word_1_398' title='bbox 1444 4264 1446 4267; x_wconf 85' lang='lat'>&#39;</span> 
     </span>
     <span class='ocr_line' id='line_1_41' title="bbox 352 4344 1414 4422; baseline 0.004 -29"><span class='ocrx_word' id='word_1_399' title='bbox 352 4360 415 4395; x_wconf 89' lang='lat' dir='ltr'>nem</span> <span class='ocrx_word' id='word_1_400' title='bbox 438 4362 492 4397; x_wconf 87' lang='lat' dir='ltr'>esse</span> <span class='ocrx_word' id='word_1_401' title='bbox 511 4344 634 4413; x_wconf 79' lang='lat' dir='ltr'>divitem,</span> <span class='ocrx_word' id='word_1_402' title='bbox 660 4348 709 4401; x_wconf 88' lang='lat' dir='ltr'>nisi</span> <span class='ocrx_word' id='word_1_403' title='bbox 729 4350 777 4422; x_wconf 89' lang='lat' dir='ltr'>qui</span> <span class='ocrx_word' id='word_1_404' title='bbox 796 4353 867 4405; x_wconf 85' lang='lat' dir='ltr'>etc.“</span> <span class='ocrx_word' id='word_1_405' title='bbox 887 4352 991 4421; x_wconf 85' lang='lat' dir='ltr'>Wytt.</span> <span class='ocrx_word' id='word_1_406' title='bbox 1034 4348 1162 4401; x_wconf 85' lang='lat' dir='ltr'>Similiter</span> <span class='ocrx_word' id='word_1_407' title='bbox 1183 4346 1286 4416; x_wconf 85' lang='lat' dir='ltr'>scripsit</span> <span class='ocrx_word' id='word_1_408' title='bbox 1306 4345 1363 4398; x_wconf 87' lang='lat' dir='ltr'>Cic.</span> <span class='ocrx_word' id='word_1_409' title='bbox 1381 4344 1414 4397; x_wconf 91' lang='lat' dir='ltr'>de</span> 
     </span>
     <span class='ocr_line' id='line_1_42' title="bbox 351 4431 1410 4509; baseline 0 -26"><span class='ocrx_word' id='word_1_410' title='bbox 351 4432 432 4485; x_wconf 85' lang='lat' dir='ltr'>Finn.</span> <span class='ocrx_word' id='word_1_411' title='bbox 461 4431 505 4500; x_wconf 87' lang='lat' dir='ltr'>lV,</span> <span class='ocrx_word' id='word_1_412' title='bbox 526 4437 570 4500; x_wconf 88' lang='grc'><strong>19,</strong></span> <span class='ocrx_word' id='word_1_413' title='bbox 590 4441 638 4490; x_wconf 84' lang='lat'>54:</span> <span class='ocrx_word' id='word_1_414' title='bbox 665 4439 708 4490; x_wconf 77' lang='lat' dir='ltr'>leis</span> <span class='ocrx_word' id='word_1_415' title='bbox 734 4441 879 4509; x_wconf 83' lang='lat' dir='ltr'>propositis</span> <span class='ocrx_word' id='word_1_416' title='bbox 905 4440 994 4491; x_wconf 85' lang='lat' dir='ltr'>tenuit</span> <span class='ocrx_word' id='word_1_417' title='bbox 1021 4455 1133 4505; x_wconf 86' lang='lat' dir='ltr'>prorsus</span> <span class='ocrx_word' id='word_1_418' title='bbox 1158 4433 1358 4505; x_wconf 82' lang='lat' dir='ltr'>consequentia.</span> <span class='ocrx_word' id='word_1_419' title='bbox 1377 4463 1410 4471; x_wconf 89' lang='lat'>-—</span> 
     </span>
     <span class='ocr_line' id='line_1_43' title="bbox 350 4521 1415 4590; baseline 0.001 -18"><span class='ocrx_word' id='word_1_420' title='bbox 350 4521 407 4573; x_wconf 90' lang='lat' dir='ltr'>Pro</span> <span class='ocrx_word' id='word_1_421' title='bbox 427 4522 476 4574; x_wconf 81' lang='lat' dir='ltr'>ltoe</span> <span class='ocrx_word' id='word_1_422' title='bbox 502 4534 540 4577; x_wconf 90' lang='lat' dir='ltr'>est</span> <span class='ocrx_word' id='word_1_423' title='bbox 565 4525 659 4578; x_wconf 83' lang='lat' dir='ltr'>lrorum</span> <span class='ocrx_word' id='word_1_424' title='bbox 686 4527 713 4580; x_wconf 91' lang='lat' dir='ltr'>in</span> <span class='ocrx_word' id='word_1_425' title='bbox 740 4527 790 4581; x_wconf 74' lang='lat' dir='ltr'>Or.</span> <span class='ocrx_word' id='word_1_426' title='bbox 810 4546 839 4590; x_wconf 79' lang='grc' dir='ltr'>ψ.</span> <span class='ocrx_word' id='word_1_427' title='bbox 888 4528 951 4581; x_wconf 85' lang='lat' dir='ltr'>lude</span> <span class='ocrx_word' id='word_1_428' title='bbox 972 4548 986 4581; x_wconf 85' lang='lat' dir='ltr'>a</span> <span class='ocrx_word' id='word_1_429' title='bbox 1006 4526 1124 4579; x_wconf 87' lang='lat' dir='ltr'>Grutero</span> <span class='ocrx_word' id='word_1_430' title='bbox 1150 4522 1177 4575; x_wconf 89' lang='lat' dir='ltr'>in</span> <span class='ocrx_word' id='word_1_431' title='bbox 1205 4521 1271 4575; x_wconf 87' lang='lat' dir='ltr'>Edd.</span> <span class='ocrx_word' id='word_1_432' title='bbox 1290 4522 1415 4577; x_wconf 86' lang='lat' dir='ltr'>scribitur</span> 
     </span>
    </p>
   </div>
   <div class='ocr_carea' id='block_1_3' title="bbox 0 0 1764 5450">
    <p class='ocr_par' dir='ltr' id='par_1_6' title="bbox 0 0 1764 5450">
     <span class='ocr_line' id='line_1_44' title="bbox 0 0 1764 5450; baseline 0 5"><span class='ocrx_word' id='word_1_433' title='bbox 0 0 1764 5450; x_wconf 95' lang='lat' dir='ltr'> </span> 
     </span>
    </p>
   </div>
  </div>
 </body>
</html>
