3517 5450
358 704 403 776 12
681 729 852 777 rrnrnoxr
881 726 1074 774 srorconuu.

355 887 468 959 perspici
485 896 584 960 potest:
600 896 737 958 pungunt,
755 888 835 959 quasi
848 886 958 953 aculeis,
971 883 1242 958 interrogatiunculis
1253 883 1400 956 angustie.“

354 976 510 1029 Turnebi
535 974 643 1029 Adrers.
661 975 719 1041 XX,
738 978 782 1028 16.
809 993 836 1044 p.
854 976 918 1028 192.
953 975 1046 1046 „ipsas
1062 972 1289 1045 interrogationes
1302 981 1400 1041 puncto

354 1063 419 1119 dicit
437 1063 456 1116 i.
472 1082 495 1117 e.
515 1073 592 1116 acuta
611 1073 638 1116 et
655 1061 743 1117 brevia
763 1061 861 1117 dicta.“
885 1061 1010 1116 Graev.

426 1151 545 1203 Minutis
569 1151 849 1222 interrogatiunculis]
879 1151 1021 1217 „Minutas
1046 1147 1323 1220 interrogatiunculae
1346 1156 1400 1199 sunt

355 1238 552 1311 enthymemata
571 1249 597 1292 et
613 1238 728 1305 similes,
756 1256 826 1310 quae
844 1238 1037 1310 interrogando
1056 1237 1141 1304 fiunt,
1169 1235 1359 1290 conclusiones
1379 1243 1401 1286 et

355 1327 606 1400 argumentationes.
642 1325 696 1379 Has
714 1327 824 1397 punctis
841 1337 996 1397 comparat,
1021 1327 1074 1380 sive
1092 1326 1128 1377 ob
1146 1324 1322 1388 brevitatem,
1347 1322 1401 1386 sire,

356 1415 419 1487 quia
437 1415 534 1468 acrius·
547 1424 672 1486 pungunt
690 1433 736 1467 seu
755 1404 864 1467 movent
882 1415 1003 1467 animum
1019 1413 1179 1467 audientis.“
1197 1412 1279 1466 Ern.

425 1502 505 1572 Quod
518 1501 674 1572 proposuit,
693 1502 788 1570 efficit]
816 1499 904 1569 „Cod.
924 1504 1013 1555 Maur.
1028 1503 1100 1574 quod
1113 1502 1265 1570 possint.
1303 1498 1400 1553 Guliel-

355 1588 410 1643 mio
425 1599 528 1643 certum
542 1601 589 1656 est,
609 1588 770 1643 Ciceronem
788 1590 925 1661 scripsisse
944 1591 1016 1663 quod
1030 1591 1180 1659 posuit.“
1194 1587 1298 1642 Gru-t.
1335 1585 1401 1654 „Mi-

355 1677 429 1730 nime
447 1677 577 1748 gentium.
613 1677 693 1748 Quod
707 1678 862 1746 proposuit,
889 1678 972 1746 efficit
989 1687 1043 1744 est,
1071 1677 1144 1749 quod
1168 1677 1223 1730 vult
1247 1675 1401 1748 persuadere

354 1778 381 1820 et
405 1765 463 1819 aliis
487 1764 619 1837 probare,
648 1764 676 1816 id
703 1765 877 1837 consequitur
903 1765 955 1818 illis
981 1765 1091 1819 minutis
1116 1762 1401 1837 interrogatiunculis.“

355 1853 474 1924 Graes.
493 1882 528 1894 —
547 1853 578 1906 ln
597 1851 665 1906 Cod.
682 1852 734 1906 Ox.
749 1855 769 1907 Ι.
787 1864 824 1906 est
843 1853 943 1922 effecit,
959 1854 1078 1926 itemque
1097 1853 1126 1906 in
1144 1852 1225 1906 Drsd.
1244 1856 1270 1907 5.
1308 1853 1341 1905 ln
1357 1849 1401 1904 Ox.

356 1960 380 1994 o.
399 1944 472 2014 qnod
486 1941 635 2012 proposuit,
654 1941 709 1992 vol
714 1942 749 1993 ui
755 1951 783 1992 t:
803 1941 860 2008 ubi,
879 1942 953 2014 quod
971 1940 1001 1996 fit
1015 1941 1180 2014 frequenter,
1199 1940 1340 2012 scriptoris
1350 1959 1402 1992 rer·

306 2032 312 2041 '
355 2033 420 2085 bum
439 2049 454 2083 a
474 2028 560 2101 glossa
577 2027 686 2083 alterius
703 2029 777 2083 verbi
796 2041 930 2083 extrusum
949 2041 996 2083 est.
1014 2059 1048 2070 -
1077 2030 1200 2097 „Efficit,
1228 2029 1246 2082 i.
1265 2048 1291 2083 e.
1313 2028 1402 2100 probat

355 2129 381 2174 ct
399 2119 563 2173 concludit.“
587 2118 664 2172 Frc.
684 2117 773 2190 Sylr.
810 2117 931 2189 Explicat
947 2117 1003 2189 ipse
1022 2116 1118 2170 Cicero
1137 2116 1170 2168 de
1188 2116 1221 2168 N.
1240 2116 1276 2169 D.
1294 2118 1343 2184 tlt,
1360 2118 1401 2168 13:

356 2206 569 2259 Innumerabilia
586 2215 666 2269 sunt,
691 2225 725 2256 es
749 2207 847 2278 quibus
869 2207 985 2278 effici
1008 2207 1119 2277 cogique
1133 2205 1233 2274 possit,
1257 2204 1331 2255 nibil
1345 2223 1402 2268 esse,

355 2295 428 2366 quod
445 2312 551 2346 sensum
567 2292 684 2357 babeat,
712 2295 778 2364 quin
796 2295 827 2344 id
842 2295 968 2348 intereat.
1005 2291 1083 2346 Cous.
1103 2291 1227 2345 Creucer.
1245 2291 1280 2344 ad
1301 2290 1357 2347 Cic.
1372 2292 1401 2344 de

355 2383 389 2436 N.
404 2381 438 2433 D.
457 2382 503 2434 ΙΙΙ.
523 2383 566 2432 12.
584 2399 610 2450 p.
622 2383 691 2444 535;
715 2379 797 2434 Tusc.
812 2383 832 2447 Ι,
845 2384 889 2447 st,
905 2384 953 2434 'tiz
972 2381 1158 2436 Dicaearchus
1177 2380 1238 2432 vult
1255 2381 1401 2452 efficere

356 2467 458 2520 animos
476 2485 532 2520 esse
549 2467 732 2528 immortales,·
761 2468 806 2521 ubi
826 2467 878 2521 rid.
898 2479 987 2522 nostra
1007 2480 1100 2522 annot.
1121 2468 1154 2523 T.
1173 2470 1192 2522 Ι.
1217 2489 1244 2540 p.
1263 2471 1325 2523 261.
1342 2467 1399 2538 ibiq.

357 2556 445 2609 laudd.
480 2556 537 2610 Mr.
1032 2596 1034 2601 .

427 2646 481 2698 Sed
498 2645 568 2697 nibil
584 2656 626 2697 est
644 2655 701 2696 tom
719 2645 891 2715 incredibile]
919 2645 986 2700 cod.
1011 2645 1071 2699 Cre.
1089 2650 1114 2700 1.
1136 2657 1194 2697 tom
1218 2645 1398 2697 credibile:

356 2735 401 2789 sed
423 2735 493 2787 idem
511 2735 590 2788 habet
608 2754 687 2805 supra
707 2734 753 2788 lin.
771 2735 899 2807 glossam,
925 2755 1100 2808 quaererem
1119 2734 1231 2806 explicat
1249 2733 1398 2789 lectionem:

357 2824 466 2893 difficile
484 2824 522 2873 ad
539 2824 715 2884 credentium
743 2822 803 2876 Cro.
820 2830 845 2877 2.
864 2826 912 2877 scd
935 2826 1050 2877 nichil
1066 2836 1108 2877 est
1125 2824 1293 2889 incredibile,
1312 2822 1398 2877 omino

356 2921 423 2963 tam.
459 2910 551 2981 Pergit
568 2909 636 2964 Cod.
654 2912 734 2965 Drsd.
753 2916 779 2967 5.
798 2914 871 2984 quod
889 2914 1011 2970 dicendo,
1038 2933 1088 2983 pro
1107 2914 1180 2985 quod
1196 2932 1262 2966 non
1281 2913 1397 2971 dicendo,¹

357 2999 453 3052 deinde
477 2997 536 3052 Crz.
556 3004 581 3052 2.
602 2998 740 3070 probabile
758 3001 831 3069 fiat,
859 3001 963 3054 inverso
988 3001 1091 3054 ordine.
1131 3000 1173 3054 nd
1199 3002 1278 3053 rerba
1305 2999 1399 3055 confert

357 3088 440 3157 Borg.
459 3085 517 3141 Cic.
532 3087 608 3140 Part.
626 3086 704 3142 Orat.
715 3092 747 3141 4:
768 3091 857 3158 Quum
874 3088 1042 3141 incredibilia
1054 3087 1238 3159 probabilibus
1255 3090 1398 3141 inteximus.

358 3175 408 3229 Or.
427 3193 476 3247 pro
495 3173 570 3227 Balb.
588 3179 635 3229 25:
663 3176 788 3249 ut'vobis
801 3196 862 3233 ,rem
881 3188 940 3229 tarn
956 3178 1126 3247 perspicuam
1148 3177 1258 3229 dicendo
1281 3176 1398 3246 probare-

244 3317 247 3322 ,
358 3264 442 3315 mus.“
486 3262 568 3330 Quod
597 3264 622 3343 b.
641 3261 658 3315 l.
682 3262 852 3317 Gerundium
878 3266 987 3317 dicendo
1013 3266 1156 3319 manifesto
1178 3265 1206 3317 in
1230 3265 1263 3318 iis
1285 3262 1398 3335 exemplis

358 3350 423 3423 poni
437 3361 533 3422 potest,
553 3370 621 3423 quae
635 3370 712 3405 usum
727 3352 805 3406 huius
821 3353 924 3407 lormae
943 3354 1073 3425 passivum
1093 3353 1209 3425 probare
1225 3352 1357 3417 videntur,
1372 3349 1398 3401 de

358 3459 390 3516 en
405 3459 435 3492 re
452 3438 518 3506 vide,
537 3458 606 3510 quae
624 3439 763 3511 posuimus
775 3440 803 3494 in
819 3460 918 3494 comm.
931 3440 964 3493 ad
978 3440 1034 3495 Cic.
1047 3442 1143 3495 Tusce.
1156 3444 1177 3507 l,
1193 3444 1237 3506 23,
1249 3444 1293 3495 58.
1312 3461 1338 3513 p.
1347 3440 1399 3492 116.

359 3538 384 3579 et
404 3528 423 3594 l,
445 3530 489 3593 28,
509 3531 552 3582 69.
576 3548 603 3604 p.
620 3530 682 3581 232.
705 3528 739 3581 ad
760 3547 830 3599 quae
848 3548 924 3582 nunc
941 3529 1010 3582 adde
1028 3527 1121 3583 taho.
1138 3529 1166 3582 in
1186 3529 1294 3582 ΑιιιιιΙΙ.
1313 3524 1397 3582 Philol.

359 3624 384 3666 et
400 3613 516 3685 Pacdag.
532 3617 609 3668 1838.
628 3617 671 3667 16.
692 3635 718 3686 p.
728 3619 789 3669 216.
825 3615 856 3669 C.
874 3617 998 3688 Reisig.
1015 3617 1137 3688 Vorlesg.
1154 3618 1199 3670 iib.
1218 3617 1276 3672 Lat.
1291 3614 1397 3689 Spracb·

359 3700 429 3754 nise.
450 3704 636 3772 ptus-tut.
655 3702 720 3774 ibiq.
737 3723 801 3757 ann.
818 3704 849 3756 F.
864 3704 961 3773 Haasii,
979 3717 1006 3759 et
1022 3705 1074 3760 Tb.
1093 3705 1214 3759 Adler:
1234 3703 1396 3758 Adversarien

359 3812 381 3843 z.
400 3788 455 3843 Lat.
468 3788 590 3843 Gramm.
610 3808 636 3860 p.
646 3794 689 3845 tr.
708 3791 818 3861 (Progr.
832 3791 859 3847 d.
874 3792 926 3864 Gy.
939 3815 959 3847 ι.
971 3794 1127 3860 Neustettin,
1147 3796 1226 3846 184⁰.
1244 3792 1292 3861 1.).
1327 3786 1397 3860 Quod

359 3878 385 3931 h.
405 3876 424 3929 l.
450 3876 483 3936 ad
511 3897 534 3931 v.
560 3879 669 3931 dicendo
693 3878 742 3933 Or.
768 3881 888 3953 scripsit,
913 3883 941 3935 in
966 3881 1090 3936 varietate
1115 3880 1235 3935 lectionis
1258 3880 1310 3935 Ed.
1334 3874 1398 3932 Pauli

359 3965 481 4037 Magnoli
500 3986 551 4038 pro
569 3985 602 4019 eo
622 3966 674 4038 legi
693 3969 790 4041 vulgo,
815 3969 925 4022 sortasse
950 3969 984 4023 ad
1008 3969 1147 4042 superiora
1166 3968 1355 4032 referendum,
1376 3972 1399 4015 ul

360 4075 411 4129 pro
431 4057 460 4108 in
479 4058 592 4128 vulgus,
612 4076 666 4129 quo
686 4058 748 4113 loco
766 4058 792 4111 in
813 4078 868 4111 uno
888 4057 938 4111 01.
956 4070 994 4111 est
1011 4060 1041 4111 in
1059 4060 1154 4129 vulgo,
1173 4057 1209 4109 ibi
1227 4055 1357 4128 seriptum
1374 4051 1400 4104 sit

360 4146 452 4218 vulgo.
489 4144 547 4198 Mc.

432 4234 510 4287 Nihil
527 4243 584 4284 tam
602 4233 753 4291 borridum,
779 4244 838 4285 tam
855 4234 999 4302 incultum]
1025 4235 1067 4288 td
1091 4235 1233 4289 verborum
1257 4228 1400 4287 similitudi·

361 4343 424 4377 nem
441 4322 532 4376 laudat
544 4320 626 4392 Borg.
641 4319 698 4374 Cic.
711 4319 798 4375 Oct:
816 4332 921 4392 putant
937 4322 1015 4382 enim,
1033 4325 1082 4396 qni
1099 4323 1240 4376 borride
1259 4322 1400 4374 inculte-

363 4427 413 4480 que
432 4411 520 4473 dicat,
545 4409 619 4463 modo
635 4408 668 4459 id
684 4410 821 4479 eleganter
837 4412 1026 4484 enucleateque
1040 4412 1151 4483 faciat,
1173 4430 1232 4463 eum
1249 4412 1336 4464 solnm
1354 4411 1402 4463 At·

362 4499 414 4551 tice
433 4497 526 4552 dicere.
562 4496 617 4551 Pro
635 4496 747 4566 Quinct.
764 4501 812 4553 18:
833 4498 935 4552 inculte
953 4510 1036 4573 atque
1054 4501 1177 4563 borride3
1196 4499 1230 4553 de
1249 4500 1329 4554 Finn.
1345 4500 1363 4565 l,
1376 4499 1400 4550 i:
