3517 5450
459 710 534 784 256
787 732 962 780 santonus
994 732 1188 780 srotconuu.

458 897 500 949 Ad
519 896 596 948 verba
618 894 697 965 Borg.
715 893 764 948 Or.
795 913 845 964 pro
863 893 945 945 domo
964 895 1012 946 35:
1042 893 1215 945 Exstinctum
1239 903 1281 944 est
1311 895 1367 944 ium
1390 895 1454 947 illust
1469 925 1493 934 -

458 984 548 1037 Aliud
564 993 685 1035 exortum
703 992 753 1035 est.
789 981 855 1033 Ern.
874 992 1015 1052 reputans,
1040 982 1182 1035 excedendi
1201 981 1314 1033 verbum
1341 981 1404 1035 alibi
1430 983 1493 1036 sci·

459 1092 556 1126 ceroue
575 1090 628 1124 non
648 1071 682 1123 ita
702 1071 839 1141 usurpari,
861 1071 972 1141 explicat
991 1070 1089 1137 ‚,abiit‚
1106 1070 1208 1123 desiit“
1247 1071 1308 1124 Mr.

529 1170 555 1211 et
574 1159 647 1211 alius
665 1169 706 1209 est
725 1159 847 1210 dominus
864 1168 975 1209 exortus
993 1177 1026 1207 ex
1044 1159 1205 1209 conscientia
1222 1162 1408 1228 peccatorum]
1432 1160 1496 1213 Utili-

458 1260 499 1300 ter
516 1246 587 1317 leges
604 1247 637 1299 ad
657 1245 683 1299 b.
703 1245 720 1298 Ι.
745 1246 826 1300 llenr.
846 1244 973 1315 Stephani
1002 1243 1231 1298 schediasmatum
1260 1245 1278 1300 i.
1296 1268 1320 1301 e.
1340 1247 1496 1302 observatio

460 1355 524 1389 num
544 1346 570 1387 et
588 1333 719 1387 Emendd.
739 1333 799 1386 libri
810 1335 898 1405 quarti
917 1336 982 1405 Cap.
993 1337 1036 1387 25.
1051 1333 1147 1402 (Paris.
1165 1337 1244 1388 1589.
1264 1334 1305 1403 8.)
1323 1356 1350 1407 p.
1361 1339 1496 1391 tat-tte.

458 1423 505 1476 ubi
524 1422 599 1475 locus
628 1435 719 1476 noster
743 1441 805 1474 cum
835 1421 965 1474 similibus
992 1421 1131 1475 Ciceronis
1154 1420 1270 1475 aliorum
1298 1423 1457 1495 scriptorum
1478 1436 1497 1477 et

459 1511 626 1564 Graecorum
652 1523 678 1564 et
696 1511 895 1574 Romanorum,
923 1520 1096 1580 comparatur
1121 1521 1147 1562 et
1175 1509 1303 1563 nonnulli
1328 1511 1497 1565 emendantur.

457 1597 760 1669 wyttenbachius
777 1597 811 1649 ad
830 1596 856 1649 b.
875 1597 893 1649 l.
910 1595 991 1649 baec:
1009 1615 1091 1663 „uam
1110 1597 1266 1651 incidebant
1284 1599 1313 1651 in
1334 1600 1436 1654 crimen
1451 1619 1498 1652 am·

458 1688 536 1753 bitus,
555 1688 575 1739 si
599 1686 684 1757 palam
704 1685 786 1751 fieret,
807 1705 853 1738 eos
872 1684 1013 1756 largitione
1032 1685 1215 1755 magistratum
1234 1686 1349 1758 adeptos
1360 1707 1423 1740 esse.
1456 1686 1498 1740 Ce-

458 1787 546 1828 terum
565 1774 754 1828 conscientiam
774 1773 879 1827 sceleris
898 1774 1039 1825 maximam
1059 1792 1114 1826 esse
1132 1774 1234 1844 peccati
1260 1793 1378 1845 poenam
1396 1776 1498 1846 itemque

459 1865 581 1918 timorem
601 1863 691 1916 iudicii
711 1862 837 1928 humani,
858 1862 911 1914 iam
934 1860 1069 1931 Epicurus
1086 1860 1164 1928 dixit,
1182 1861 1268 1932 magis
1286 1863 1368 1914 etiam
1385 1861 1428 1914 alii
1446 1879 1497 1932 pro·

458 1950 598 2004 ridentiam
619 1970 673 2003 nou
694 1949 822 2004 tollentes.
859 1949 922 2005 vid.
940 1948 1011 2003 Plut.
1030 1948 1102 2003 Mor.
1130 1968 1156 2019 p.
1174 1952 1254 2003 11⁰4.
1300 1949 1367 2004 ltem
1385 1950 1497 2004 ttuttu-

458 2058 507 2110 pus
526 2039 558 2091 de
583 2038 689 2109 Figuris
716 2036 800 2090 Sentt.
820 2035 849 2089 L.
874 2036 894 2088 l.
914 2055 938 2089 c.
957 2038 1001 2088 ²³¹
1048 2034 1162 2090 Confert
1185 2036 1269 2108 Borg.
1296 2035 1455 2094 Cic..Verr.
1471 2037 1496 2100 V,

457 2132 511 2181 att:
531 2129 576 2179 Au
596 2138 635 2188 te,
655 2126 685 2175 id
704 2126 776 2197 quod
786 2125 853 2192 fieri
870 2124 953 2189 solet,
985 2124 1147 2176 couscientia
1170 2125 1296 2176 timidum
1320 2126 1496 2194 suspiciosum·

457 2234 507 2287 que
521 2212 668 2284 faciebat?
687 2242 721 2254 ·-
770 2211 900 2265 Voculam
931 2222 959 2263 et
985 2213 1081 2265 omittit
1099 2212 1165 2265 cot.
1182 2212 1265 2266 Drsd.
1284 2217 1326 2276 5.;
1360 2232 1449 2266 vocem
1465 2222 1496 2264 est

458 2303 525 2355 Cod.
543 2301 614 2353 Gud.
634 2307 666 2353 Α.
684 2299 804 2352 Eandem
824 2311 884 2371 post
901 2301 1023 2352 donnaus
1050 2301 1193 2372 repositam
1219 2300 1300 2355 babet
1330 2302 1397 2356 cod.
1417 2301 1495 2354 Duisb.

459 2388 489 2441 ln
509 2389 567 2441 Crz.
580 2393 604 2442 1.
623 2388 721 2459 legitur
736 2398 906 2458 peccatorum
924 2390 1096 2441 conscientia.
1133 2390 1189 2442 Vox
1209 2391 1290 2442 tinwr
1309 2390 1391 2444 deest
1402 2390 1429 2443 in
1440 2389 1496 2443 cot.

458 2477 536 2529 Drsd.
554 2480 579 2529 5.
616 2475 676 2528 Mr.

528 2583 619 2634 quom,
628 2572 669 2614 est
687 2563 736 2612 itta
755 2563 866 2626 misero,
894 2579 975 2633 quam
1003 2564 1073 2614 (lura
1092 2565 1239 2632 servitusl]
1277 2569 1387 2637 „Quam
1404 2579 1443 2620 est
1458 2569 1496 2618 illu

458 2651 563 2704 misero.
601 2649 647 2702 Sic
665 2649 837 2721 quindecim,
857 2649 884 2700 in
904 2668 1021 2720 quorum
1041 2669 1098 2703 uno
1117 2652 1189 2705 deest
1206 2653 1265 2704 itta.
1284 2682 1321 2693 -
1365 2660 1496 2727 (inanest

457 2740 648 2794 illuminaria,
678 2758 755 2791 unus.
802 2743 842 2809 (lg
861 2750 903 2790 est
926 2739 981 2789 ista
1008 2739 1129 2804 miseria,
1149 2760 1227 2795 unus.
1274 2732 1317 2814 (ῖς
1335 2754 1377 2795 est
1395 2746 1442 2796 illo
1458 2745 1497 2796 nti-

458 2830 541 2890 seria,
560 2830 657 2880 unus.“
677 2826 749 2879 Ald.
767 2826 855 2879 Man.
873 2856 907 2865 —
945 2826 1013 2879 Cod.
1032 2825 1091 2879 Cra.
1107 2833 1147 2882 2:
1170 2849 1252 2902 quam
1277 2842 1322 2883 est
1347 2833 1399 2883 itta
1424 2833 1496 2882 duro

458 2916 611 2980 donnino,
631 2933 732 2985 quom
751 2916 894 2977 misera,
913 2932 1013 2985 quom
1033 2915 1114 2967 dira
1131 2918 1269 2970 servitus!
1287 2918 1362 2973 Gud.
1382 2921 1415 2974 Α.
1430 2939 1496 2993 quun

456 3014 497 3055 est
517 3006 544 3054 iu
563 3004 613 3054 itta
631 3003 747 3056 misericr.
795 3001 866 3055 Gud.
885 3002 916 3057 B.
948 3001 1029 3075 quani
1049 3013 1090 3055 est
1108 3005 1159 3055 itta
1179 3006 1307 3068 miserim
1345 3028 1408 3060 mox
1432 3026 1497 3080 quen

457 3100 496 3142 est
515 3091 563 3139 itta
582 3091 715 3155 servitus,
740 3090 837 3142 omisso
864 3090 942 3141 dura.
979 3090 1029 3145 Os.
1048 3110 1076 3155 ψ.
1100 3091 1178 3145 habet
1197 3096 1268 3147 duro
1287 3097 1429 3149 timoris
1451 3114 1497 3148 ser·

458 3178 545 3241 vitus,
566 3196 628 3230 cum
646 3176 739 3249 glossa.
775 3176 833 3229 Mr.
1093 3177 1099 3186 '

527 3264 748 3319 Adulescentibus
757 3265 852 3334 paullo
862 3265 1060 3336 loquacioribus
1070 3277 1111 3319 est
1124 3269 1293 3321 serviendum
1300 3272 1321 3339 :]
1341 3269 1410 3326 Cod.
1419 3271 1471 3325 Cn,
1479 3276 1497 3324 2.

458 3353 657 3406 adolescentia!
662 3354 672 3403 ι’
678 3372 700 3408 s.
727 3352 807 3404 Drsd.
819 3355 845 3405 5.
865 3372 938 3403 esse
954 3355 1130 3408 serviendum.
1167 3355 1262 3409 Paullo
1273 3359 1402 3429 superius
1412 3358 1496 3413 Gernb.

455 3443 483 3492 in
503 3439 571 3494 Add.
589 3438 652 3516 dicit
671 3460 732 3494 cum
751 3440 830 3493 unius
857 3438 919 3493 Atd.
946 3441 1006 3493 cod.
1034 3441 1147 3496 lectione
1166 3464 1255 3514 quae
1282 3458 1327 3499 est
1344 3449 1397 3500 itta
1417 3450 1497 3501 misero

455 3528 606 3582 consentire
625 3526 782 3580 Bentleium.
819 3526 873 3580 Sed
898 3528 926 3580 in
944 3527 994 3582 Ed.
1013 3528 1124 3597 Graec,
1150 3551 1219 3603 quae
1237 3532 1319 3589 habet
1336 3536 1401 3591 Aldi
1419 3537 1496 3590 lectio·

455 3635 518 3681 nes,
538 3634 567 3667 ea
586 3616 664 3667 lectio
685 3625 804 3668 nonest.
825 3645 860 3654 -
902 3614 932 3667 lu
952 3615 1001 3669 Ed.
1016 3616 1088 3671 Otiv.
1113 3618 1177 3673 baec
1195 3631 1234 3674 est
1260 3624 1295 3675 ad
1316 3624 1341 3680 b.
1362 3625 1381 3679 l.
1400 3637 1498 3679 annota-

457 3703 493 3755 tio
512 3701 591 3755 Laur.
611 3701 733 3754 Vallae
752 3701 843 3770 „Quia
863 3703 1043 3758 adolescentes
1061 3693 1090 3758 ex
1108 3726 1272 3779 magnorum
1292 3713 1414 3767 virorum
1432 3732 1498 3767 aecu-

457 3788 558 3841 satione
578 3789 715 3860 probitatis
733 3801 758 3842 et
779 3792 946 3864 eloquentiae
969 3792 1075 3847 laudern
1095 3814 1232 3867 capessere
1250 3799 1392 3869 solebant,
1424 3814 1451 3857 ut
1471 3801 1497 3854 ait

457 3875 553 3929 Cicero
572 3870 604 3928 ll.
624 3877 656 3929 de
675 3875 808 3931 Officiis.“
828 3908 862 3919 -
900 3880 976 3949 „Qui
995 3883 1044 3935 sibi
1063 3883 1218 3955 eloquentes
1235 3887 1372 3958 videntur,
1393 3892 1438 3945 etsi
1454 3907 1497 3942 non

456 3977 510 4018 tam
530 3963 698 4035 eloquentes,
729 3985 809 4036 quam
836 3967 962 4039 loquaces
979 3980 1056 4036 sunt,
1086 3971 1207 4042 adeoque
1233 3989 1372 4045 quaerunt
1395 3975 1498 4031 occasio-

457 4071 518 4105 nem
539 4052 695 4117 accusandi,
713 4064 742 4105 ut
761 4053 858 4106 famam
879 4055 1280 4131 eloquentiaeconsequantur:
1293 4062 1342 4118 ttts
1359 4066 1448 4137 igitur,
1461 4060 1497 4135 qui

457 4139 584 4220 facinoris
603 4138 713 4192 alicuius
731 4141 779 4193 sibi
805 4143 904 4195 conscii
924 4155 999 4210 sunt,
1030 4147 1161 4213 serviunt,
1181 4167 1278 4201 eorum
1298 4152 1496 4206 benevolentiam

457 4225 550 4298 quovis
569 4227 650 4280 modo
670 4238 794 4299 captant,
821 4250 854 4283 ne
872 4232 906 4283 ab
931 4232 962 4285 iis
986 4220 1172 4288 accusentur.“
1191 4234 1270 4290 Ern.
1321 4239 1425 4295 Laudat
1447 4241 1495 4293 Fre.

456 4313 637 4385 Sylv.·locum
657 4313 787 4370 Iuvenalis
806 4318 849 4384 tlt,
868 4323 903 4372 50
922 4341 981 4393 sqq.
1008 4335 1034 4376 et
1061 4323 1186 4395 Borgers.
1212 4323 1342 4399 Cic-,pro
1361 4328 1495 4390 Coet.st.;

457 4402 518 4457 Div.
537 4402 565 4454 iu
584 4402 662 4458 Caec.
682 4407 707 4457 l.
725 4415 750 4458 et
768 4409 826 4471 at.;
844 4427 895 4478 pro
915 4409 1021 4466 cluent.
1040 4416 1100 4477 30.;
1121 4412 1154 4465 de
1172 4413 1251 4468 Petit.
1270 4418 1354 4473 cons.
1373 4422 1399 4472 1.
1433 4420 1482 4471 ldr·

527 4512 613 4544 omnes
633 4523 665 4533 —
686 4503 817 4566 tauquam
837 4496 936 4550 domini
954 4500 1094 4568 timentur]
1114 4499 1181 4555 cod.
1194 4500 1278 4557 Dtsd.
1286 4509 1312 4558 4.
1332 4492 1419 4558 omnes
1433 4503 1494 4556 enlm
