3517 5450
700 739 897 788 raxsnoxon
917 740 959 787 u.
983 742 1106 791 011111.
1339 721 1411 795 301

361 900 552 955 mediocria
571 908 766 967 temperate
781 908 871 969 potest
890 900 984 954 dicere.
1002 928 1037 940 -
1073 903 1104 956 Is
1121 904 1208 975 igitur
1225 905 1350 976 eloquens
1369 911 1414 972 (ut

359 990 446 1041 idem
477 987 576 1040 iliud
606 986 747 1052 iteremus)
773 987 820 1058 qui
838 1006 873 1026 -ι-
891 988 991 1055 poterit
1013 1005 1102 1057 parvo
1127 992 1266 1045 summitas
1283 994 1416 1048 modico

360 1086 574 1146 temperate.
592 1091 692 1146 mogun
708 1075 832 1143 grauiter
850 1074 944 1127 dicere.
992 1072 1046 1128 Sed
1075 1075 1108 1129 de
1136 1096 1186 1130 usu
1212 1082 1416 1151 praepositionis

359 1163 404 1226 od,
423 1164 529 1234 dequo
547 1161 669 1234 exposuit
685 1162 784 1233 wyu,
803 1163 954 1216 accuratius
971 1163 1025 1234 egit
1042 1163 1163 1219 Handius
1180 1166 1208 1218 in
1226 1166 1379 1223 Turseiiino
1397 1171 1417 1224 Ι.

359 1271 387 1322 p.
402 1254 456 1305 1111
476 1270 515 1322 aq.
535 1250 638 1304 dicens:
658 1249 792 1316 „Ponitur
810 1249 854 1314 ud,
865 1250 919 1304 'uhi
936 1249 1110 1322 significanda
1121 1264 1160 1307 est
1172 1273 1267 1308 norma
1281 1267 1307 1309 et
1323 1255 1416 1329 reguis

358 1350 385 1393 et
402 1338 447 1403 id,
468 1337 542 1409 quod
562 1337 697 1393 actionem
715 1337 832 1409 aliquam
852 1338 921 1408 regit
945 1349 972 1392 et
989 1338 1158 1395 modulaturi
1185 1342 1212 1394 id
1242 1345 1315 1415 quod
1341 1346 1415 1400 reddi

359 1439 446 1499 potest
465 1445 515 1498 per
532 1425 692 1482 vocabulum
710 1424 863 1479 secundum.
900 1425 959 1480 Hoc
977 1427 1049 1481 enirn
1068 1429 1215 1499 sequendi,
1241 1430 1306 1485 iliud
1337 1451 1415 1486 acce·

357 1515 440 1570 dendi
460 1526 487 1568 et
506 1513 653 1585 attingendi
673 1513 813 1568 notionem
832 1513 860 1568 in
884 1533 912 1568 ae
930 1512 1018 1568 habet.
1061 1514 1159 1570 Graeci
1183 1517 1277 1572 dicunt
1302 1520 1372 1572 suad
1388 1532 1414 1575 et

357 1601 406 1657 osia
425 1614 452 1658 et
469 1606 513 1668 ia,
531 1601 661 1656 Germani
678 1607 786 1670 gemin
806 1614 832 1656 et
849 1603 947 1656 nactast
992 1603 1096 1658 Laudat
1121 1604 1191 1659 idern
1217 1606 1414 1680 Heusingerum

359 1690 392 1744 ad
413 1689 471 1745 Cic.
489 1688 659 1755 11011111,
678 1693 722 1757 11,
742 1691 784 1743 111.
801 1690 842 1761 (ρ.
860 1693 925 1745 119.
945 1689 986 1744 ed.
1005 1691 1115 1763 Zumpt.
1132 1694 1208 1762 mai.)
1232 1695 1278 1749 ubi
1302 1696 1415 1768 legitur:

359 1782 423 1833 Non
441 1777 543 1847 babeo,
563 1779 607 1833 od
624 1779 728 1850 vulgi
745 1778 956 1848 opinionem,
980 1797 1050 1849 quoe
1078 1781 1164 1833 moior
1185 1782 1310 1848 utilitas,
1334 1803 1416 1855 quam

357 1867 507 1938 regnandi,
525 1885 582 1922 esse
596 1866 703 1937 possit5
731 1865 793 1920 add.
810 1865 950 1921 Bremiunx
979 1865 1012 1920 ad
1031 1864 1115 1931 Corn.
1132 1867 1201 1939 Nep.
1225 1869 1319 1942 Epam.
1337 1871 1369 1936 11,
1388 1877 1414 1929 1.

357 1957 392 2011 ad
403 1955 495 2009 rerba:
519 1955 686 2010 adnostrorn
696 1953 913 2007 cousuetudinem
923 1954 1084 2017 1111111νί0,-
1104 1954 1283 2031 Oudendorp.
1295 1960 1327 2012 ad
1339 1959 1416 2015 Caes.

356 2043 442 2098 110.
463 2043 509 2110 Vt,
527 2045 552 2109 1,
571 2047 603 2098 2:
622 2045 661 2097 od
677 2044 823 2113 opinionem
843 2042 967 2108 Galliae,
999 2043 1046 2098 ubi
1073 2043 1124 2097 vid.
1149 2045 1229 2099 etiam
1247 2046 1370 2102 Heidiuin
1390 2062 1416 2103 et

356 2131 514 2198 Morbium,
534 2143 570 2187 et
589 2131 622 2186 ad
641 2149 856 2204 synonymorum
883 2132 1020 2186 mediocris
1047 2143 1073 2186 et
1091 2133 1209 2187 modicus
1234 2135 1413 2191 differentiam

357 2221 431 2277 coni.
452 2220 623 2275 Doederlein.
641 2220 698 2275 het.
721 2218 826 2290 Synon.
853 2238 879 2271 u.
897 2210 1015 2290 Etyinol.
1034 2221 1069 2275 V.
1094 2241 1121 2292 p.
1140 2225 1203 2276 113.
1220 2251 1254 2262 ·-
1305 2225 1415 2296 Legitur

356 2308 446 2360 aredio
466 2327 517 2378 pro
536 2307 655 2369 snodiou,
682 2325 712 2360 ex
739 2307 825 2377 glosas
846 2325 942 2378 parurn
969 2319 1049 2378 apta,
1077 2308 1105 2363 in
1131 2307 1199 2364 cot.
1227 2309 1305 2367 Suer.
1347 2313 1412 2368 Post

353 2394 436 2466 nullo
455 2395 564 2450 additur
580 2394 668 2448 est-in
688 2391 774 2449 codd.
791 2393 872 2449 Drsd.
893 2398 918 2448 1.
937 2398 962 2450 3.
1005 2395 1047 2450 Ad
1067 2416 1089 2450 v.
1108 2398 1147 2450 od
1162 2408 1240 2451 tuom
1258 2401 1336 2454 nullo
1354 2401 1415 2456 iau·

356 2483 403 2537 dat
422 2481 526 2537 Gernh.
543 2483 576 2537 de
594 2481 680 2539 Crassi
702 2483 797 2536 divitiis
825 2482 917 2537 locum
935 2483 1071 2539 Plutarchi
1094 2485 1122 2539 in
1147 2487 1278 2541 eiurrita
1307 2508 1366 2562 cap.
1386 2496 1411 2544 1.

356 2572 399 2626 Ad
417 2591 475 2626 rem
496 2571 559 2627 Fre.
577 2570 649 2642 Syis.
669 2571 747 2625 baec:
777 2571 921 2636 „Ciceroni
947 2570 1044 2626 multas
1061 2573 1141 2628 fuisse
1165 2574 1283 2642 diritius,
1306 2577 1352 2630 sed
1371 2598 1415 2632 eas

356 2661 454 2715 iniuste
474 2671 579 2732 partas,
599 2659 700 2713 obiecit
717 2658 865 2715 Sallustius.
902 2660 966 2714 Eius
984 2661 1018 2715 ad
1037 2661 1177 2717 maledicte
1188 2663 1284 2718 Cicero
1298 2684 1410 2738 respon-

356 2752 439 2816 dens,
459 2751 609 2804 amicorum
629 2748 791 2803 testamentis
808 2768 835 2802 se
854 2748 956 2802 sactum
975 2749 1040 2803 dicit
1057 2749 1289 2823 locupletiorem.“
1325 2753 1384 2808 Mr.

429 2838 462 2890 de
481 2857 520 2890 me
536 2837 631 2900 silebo,
655 2838 686 2890 de
705 2854 739 2888 re
757 2836 873 2909 loquum]
920 2836 941 2889 11
968 2836 1149 2910 duodeviginti
1177 2840 1239 2893 11111
1267 2843 1413 2898 codicibus

358 2926 516 2998 quindecim
531 2924 690 2979 exhibebant
708 2944 746 2989 re,
763 2937 816 2981 tres
834 2936 877 2979 tes
895 2923 943 2980 ltte
964 2937 1051 2982 tamen
1070 2940 1111 2994 te,
1130 2941 1161 2983 ut
1176 2930 1283 2998 rectius,
1302 2934 1409 3002 praeie-

355 3015 442 3068 rebat.
479 3013 532 3067 Sed
552 3013 628 3068 aliter
646 3013 726 3068 sensit
745 3012 895 3079 Victorius,
913 3015 960 3088 qui
980 3015 1083 3071 exhibet
1101 3036 1146 3083 re,
1166 3029 1192 3072 et
1210 3030 1270 3090 post
1286 3038 1348 3074 euin
1356 3020 1411 3077 Ca·

356 3102 505 3157 merarius:
529 3101 601 3156 Hier.
621 3101 701 3156 etiarn
720 3099 806 3157 1111011.
826 3102 857 3154 de
875 3122 917 3169 re,
943 3104 1047 3176 iuquit,
1071 3089 1181 3172 nieliua,
1211 3127 1292 3179 quam
1320 3110 1353 3161 de
1371 3120 1413 3163 te.

355 3192 464 3245 Habent
481 3200 570 3245 autern
589 3188 654 3244 iliud
673 3199 700 3242 te
718 3190 841 3263 plerique
866 3192 958 3263 scripti
978 3203 1005 3247 et
1029 3193 1102 3249 editi.
1145 3193 1198 3249 Sed
1225 3209 1331 3267 praeter
1357 3218 1413 3263 eos,

356 3300 427 3352 quos
457 3278 618 3344 memoravi,
650 3297 679 3332 re
709 3277 832 3332 exhibent
859 3277 926 3333 Osa.
961 3290 1093 3350 quatuor,
1128 3281 1189 3336 Bas.
1219 3284 1288 3338 Pith.
1317 3285 1412 3342 Duish.
1483 3325 1487 3333 .

356 3367 439 3422 Drsd.
458 3373 484 3421 2.
503 3367 636 3438 itemquo,
662 3385 723 3422 oum
743 3364 853 3430 Glossa,
878 3364 938 3419 Cra.
956 3371 988 3419 2:
1013 3367 1044 3418 de
1073 3386 1110 3421 re
1133 3370 1279 3438 incepto
1305 3374 1412 3444 loquor,

355 3455 429 3510 unde
448 3455 596 3509 sideream
615 3454 745 3525 gtosssm,
770 3472 841 3525 quae
867 3454 897 3507 in
914 3453 1007 3509 codice
1032 3453 1117 3508 multo
1136 3457 1277 3511 vetustiore
1296 3461 1411 3531 margini

356 3555 424 3599 esset
441 3544 562 3616 adpicta,
581 3543 659 3597 nobis
675 3553 790 3598 servasse
801 3541 932 3595 seriorem
951 3542 1120 3614 scripturam,
1138 3563 1220 3614 quam
1234 3545 1297 3599 inde
1310 3566 1325 3599 a
1338 3545 1413 3601 Gro-

357 3632 439 3686 norio
457 3643 484 3686 et
501 3630 617 3686 Graevio
634 3631 757 3687 exhibent
774 3649 874 3684 ornnes-
893 3631 1012 3703 itemque
1030 3632 1073 3686 ed.
1100 3651 1156 3705 prc.
1181 3635 1305 3705 Mogont.
1331 3640 1412 3692 tata.

354 3720 489 3774 Graevius
507 3730 596 3775 autem
615 3730 703 3774 recte:
720 3720 770 3785 „ln
788 3739 863 3791 seqq.
882 3739 939 3774 non
957 3719 1078 3792 loquitur
1096 3721 1129 3774 de
1148 3720 1257 3790 Crasso,
1275 3723 1321 3777 sed
1334 3743 1412 3777 conx-

355 3820 436 3881 psrat
455 3809 578 3862 virtutem
598 3827 660 3861 cum
679 3807 788 3862 divitiisx
808 3836 840 3849 -
869 3827 933 3862 narn
957 3809 1045 3862 statim
1064 3810 1207 3864 subnectit:
1232 3812 1257 3863 si
1280 3815 1411 3867 censenda

355 3896 430 3948 nobis
449 3906 534 3966 utque
552 3895 722 3948 aestimando
741 3914 796 3948 rea
814 3902 882 3951 est.·‘
920 3896 951 3949 ln
970 3913 1003 3950 eo
1019 3907 1109 3950 autem
1127 3898 1238 3966 erravit,
1258 3900 1331 3971 quod
1350 3920 1411 3956 ase

354 3986 479 4056 primum
498 3994 636 4054 receptum
655 3982 809 4038 existimavit
828 4003 865 4039 re.
908 3983 991 4052 Quod
1020 3984 1084 4038 dixit
1108 3984 1206 4040 Cicero
1230 3987 1327 4051 silebo,
1352 3988 1410 4041 ior-

355 4084 422 4127 tasse
441 4073 555 4126 miretur
572 4072 676 4144 aliquis,
695 4083 848 4143 exspectans
865 4071 968 4137 tacebo,
987 4091 1056 4144 quae
1074 4084 1113 4127 est
1130 4074 1216 4145 glossa
1228 4074 1295 4129 001.
1308 4073 1367 4128 Cra.
1375 4079 1408 4141 1.,

353 4161 402 4232 qui
420 4160 463 4214 his
479 4160 543 4231 ipsis
562 4161 590 4214 in
609 4159 695 4215 verbis
718 4159 823 4215 desinit.
865 4160 920 4214 Sed
949 4160 1030 4214 adeas
1054 4159 1274 4216 Doederleiniunx
1300 4162 1329 4215 in
1354 4162 1410 4219 hat.

353 4247 462 4321 Synon.
480 4268 508 4301 ιι.
528 4248 646 4320 Etymoi.
663 4250 683 4303 1.
703 4270 729 4321 p.
738 4252 882 4315 84-88,
902 4249 949 4321 qui
968 4260 1057 4304 tamen
1078 4251 1162 4304 nostri
1180 4250 1232 4303 ioci
1249 4248 1409 4303 initimma·

353 4356 423 4391 mor.
461 4336 624 4409 ,Utrumque
649 4339 758 4393 verbum
785 4337 869 4392 iunxit
887 4338 984 4392 Cicero
1009 4338 1037 4392 iu
1065 4336 1115 4392 Or.
1134 4357 1185 4409 pro
1203 4335 1277 4391 Sulla
1297 4339 1342 4403 11,
1359 4340 1410 4393 8111

351 4426 396 4492 Si,
426 4444 510 4497 quum
528 4426 609 4478 ceteri
627 4426 659 4479 de
677 4425 752 4479 nobis
778 4426 906 4491 silent,
932 4444 984 4477 non
1009 4427 1092 4478 etiosa
1116 4434 1216 4480 nosuxet
1239 4425 1292 4495 ipsi
1315 4435 1408 4476 tone-

354 4530 428 4565 mua
445 4544 452 4567 s
469 4530 554 4583 grove
572 4523 623 4568 est.
660 4513 701 4567 Ad
720 4514 886 4568 locutionem
905 4513 996 4568 laudat
1014 4514 1096 4586 Borg.
1114 4512 1313 4579 111101011ρε
1331 4516 1408 4567 Rem
