3517 5450
689 755 730 799 su
759 754 954 801 rennuuxcn
982 756 1026 816 iv,
1045 750 1068 801 1.
1331 730 1404 806 343

351 912 457 966 Docebo
475 914 574 984 cepisse
592 913 737 978 maximas,
756 936 895 989 omnesque
913 936 959 970 eae
977 918 1146 989 iniquitates,
1168 913 1308 986 dequibus
1323 926 1406 967 antea

352 1002 422 1068 dixi,
442 1002 487 1053 sui
506 1011 636 1072 quaestus
651 1020 736 1055 causa
754 1005 926 1058 constituisse
946 1007 1081 1057 uincam
1089 1026 1099 1065 ‚·
1133 1003 1167 1056 ad
1185 1003 1301 1057 Herenn.
1314 1004 1358 1070 Ν,
1374 1009 1405 1059 5:

352 1089 381 1140 Si
409 1089 588 1152 concederem,
627 1089 716 1141 aliena
741 1102 861 1160 oportere
893 1111 1028 1145 assumere
1055 1091 1192 1162 exempla,
1227 1093 1406 1158 vincerem,

352 1177 434 1229 unius
452 1185 580 1244 oportere.
617 1176 691 1247 Ego,
715 1190 744 1231 ut
762 1180 846 1233 fatear
864 1181 937 1250 quod
963 1192 1015 1245 est,
1041 1180 1075 1233 ita
1094 1197 1169 1232 servo
1188 1179 1330 1232 lectionem
1350 1178 1408 1232 rul-

352 1277 457 1337 gatam,
483 1277 512 1318 ut
538 1261 592 1318 non
613 1266 721 1337 quidem
748 1266 872 1321 haeream
893 1269 920 1321 in
945 1268 1038 1326 rebus,
1066 1266 1138 1338 quud
1165 1285 1227 1320 cum
1247 1264 1407 1318 Gernhardo

352 1363 424 1406 recte
444 1351 569 1424 explicari
588 1353 706 1407 existimo
725 1356 874 1408 rationibus
892 1357 918 1407 in
940 1355 1016 1408 iactis
1034 1355 1139 1426 positis:
1168 1374 1256 1425 neque
1275 1355 1308 1406 de
1327 1356 1407 1408 verbo

352 1441 476 1492 uincendi
494 1438 601 1507 dubito,
621 1441 693 1512 quod
712 1461 761 1512 pro
781 1443 894 1510 docere,
921 1443 1050 1513 probare,
1076 1443 1234 1497 convincere
1253 1443 1304 1497 dici
1332 1462 1407 1514 posse

351 1539 472 1598 apparet.
510 1527 602 1580 Unum
622 1548 663 1581 me
682 1531 771 1583 turbat
789 1541 815 1584 et
833 1531 945 1602 impedit
965 1531 1030 1584 ittud
1049 1530 1220 1594 necessariis,
1238 1531 1311 1601 quod
1330 1529 1408 1585 Cice-

352 1616 427 1668 ronis
445 1635 500 1668 esse
518 1614 582 1667 mihi
601 1636 681 1670 nemo
700 1637 819 1689 unquam
841 1618 1019 1691 persuadebit.
1056 1617 1130 1686 Quid
1150 1619 1240 1672 enim?
1269 1618 1338 1687 Quis
1356 1638 1408 1671 un-

354 1723 434 1775 quam
456 1722 499 1754 res
517 1707 682 1756 necessarias
700 1707 791 1759 credat
809 1725 871 1759 eum
898 1708 984 1759 virum
1003 1706 1095 1758 dixisse
1121 1727 1171 1778 pro
1195 1706 1285 1771 iactis,
1312 1706 1409 1776 quibus

352 1793 387 1845 ita
407 1791 541 1861 probatur
558 1790 674 1863 aliquid,
694 1805 722 1846 ut
743 1793 864 1848 confiteri
884 1805 995 1864 cogatur
1014 1793 1177 1846 adversarius
1193 1814 1220 1846 sc
1239 1793 1335 1847 rictum
1355 1813 1409 1846 esse

352 1879 481 1932 ueritatis
500 1879 616 1938 uiribus,
637 1894 665 1935 ut
684 1882 746 1936 dixit
764 1882 902 1936 Phaedrus
919 1881 939 1949 Ι,
959 1886 984 1945 1,
1001 1885 1027 1935 9.
1058 1879 1151 1947 Mu‘)

780 2015 989 2026 --ι-

733 2150 946 2210 EXCURSUS
970 2152 1033 2210 vlt.

583 2289 659 2366 su
685 2287 1025 2365 nsusuuxuu
1054 2291 1123 2384 w,
1151 2287 1194 2362 12

358 2505 396 2515 —
422 2488 540 2553 quum,
555 2466 655 2543 ferro
672 2467 791 2553 pulsis
813 2463 1098 2552 umgistrntibus,
1119 2475 1264 2528 senatus
1288 2489 1409 2530 ticinen

643 2566 681 2630 in
704 2589 741 2630 re
761 2565 905 2654 [sublicio
928 2589 1010 2630 non
1034 2578 1123 2633 crat.

427 2710 526 2779 „Hunc
541 2711 630 2765 locum
650 2710 799 2765 foedissima
819 2709 878 2764 labe
898 2709 1068 2782 deturpatum
1089 2731 1143 2764 esse
1163 2729 1268 2763 meeum
1287 2708 1411 2763 fatebun-

356 2812 415 2867 tur,
435 2800 482 2871 qui
501 2800 650 2854 accuratius
669 2820 731 2853 eum
751 2799 940 2853 examinabunt
958 2811 984 2853 et
1002 2819 1057 2853 non
1078 2798 1191 2871 hospites
1210 2809 1271 2851 sunt
1296 2797 1324 2851 in
1342 2798 1411 2851 anti·

357 2907 478 2961 quorum
496 2886 606 2955 litteris,
625 2899 655 2942 ut
672 2889 705 2942 de
725 2888 764 2942 his
783 2889 885 2959 possint
902 2888 973 2941 serre
992 2889 1158 2941 sententiam.
1208 2889 1309 2938 Nomen
1332 2906 1411 2938 sena-

357 2987 405 3028 tus
424 2995 474 3047 pro
492 2977 648 3030 auctoritate
674 2988 793 3042 senatus,
827 2986 856 3030 ut
884 2977 930 3029 riri
949 2976 1021 3030 docti
1047 2987 1200 3047 exponunt,
1225 2974 1309 3045 accipi
1337 2972 1412 3027 nulio

358 3063 441 3116 modo
461 3075 554 3135 potest.
600 3063 675 3132 Quin
701 3084 793 3117 nomen
819 3076 932 3119 senatus
949 3076 995 3120 aut
1025 3065 1237 3137 magistratuum
1265 3064 1413 3134 opponitur

357 3172 466 3224 semper
483 3152 591 3204 illorum
616 3153 738 3223 potestati
765 3165 790 3206 et
814 3155 972 3208 auctoritati.
1009 3153 1064 3206 Liv.
1086 3152 1131 3207 tib.
1150 3152 1192 3205 tlt.
1222 3171 1245 3205 c.
1264 3155 1313 3205 65:
1343 3152 1414 3202 Dein

359 3259 392 3292 ne
411 3240 465 3309 ipsi
483 3239 588 3312 quidem
607 3239 735 3309 (tribuni)
752 3241 879 3293 inviolati
896 3251 989 3297 eraut,
1010 3241 1105 3311 utique
1121 3240 1262 3310 postremis
1282 3236 1413 3310 mensibus

361 3347 422 3380 cum
440 3337 467 3378 et
483 3346 532 3398 per
551 3326 677 3379 coitiones
693 3330 874 3397 potentiorum
898 3328 1000 3379 iniuria
1020 3327 1119 3394 fieret,
1150 3336 1176 3375 et
1203 3327 1242 3376 vis
1267 3324 1414 3394 potestatis

447 3513 471 3582 ⁴)
489 3515 528 3567 Ne
555 3514 619 3587 quid
648 3515 710 3569 huic
735 3516 907 3588 disputationi
934 3516 1023 3568 deesse
1053 3511 1187 3576 rideatur,
1223 3510 1293 3563 addo
1323 3510 1414 3561 Oberti

358 3587 468 3658 Gifonii
494 3586 527 3639 de
559 3597 651 3639 nostro
678 3587 739 3640 loco
771 3588 944 3653 sententiam,
984 3585 1017 3638 de
1052 3604 1103 3655 qua
1135 3581 1254 3653 loquitur
1286 3580 1414 3635 Graevius

358 3660 386 3710 in
406 3676 451 3709 sua
479 3657 511 3709 ad
540 3657 565 3711 h.
585 3658 603 3711 Ι.
629 3660 791 3713 enotatione.
843 3657 1014 3731 Deprehendi
1041 3675 1098 3709 eam
1128 3654 1156 3706 iu
1180 3651 1367 3706 Coniectaneis
1385 3654 1413 3704 in

357 3729 532 3795 quentium,
567 3731 601 3783 ad
634 3730 735 3785 calcem
765 3730 895 3785 Editionis
923 3728 1039 3783 Lucretii
1074 3725 1232 3779 Giianianae
1258 3726 1414 3789 canusimae,

358 3799 458 3870 (Lugd.
490 3800 548 3854 Bat.
574 3805 653 3858 1595.
673 3802 713 3870 8.)
758 3806 838 3858 .4ru
856 3823 897 3874 sq.
923 3802 969 3854 ubi
993 3811 1045 3853 est:
1076 3799 1221 3863 „Vincere¹
1253 3797 1416 3867 argumentis

359 3874 475 3938 docere,
505 3872 641 3941 obtinere,
678 3824 854 3941 conticmare,
883 3872 1012 3927 evincere.
1075 3869 1121 3922 Sic
1151 3868 1190 3922 M.
1221 3868 1325 3922 Tullius
1353 3887 1416 3921 cum

358 3942 422 3996 aiibi
442 3963 535 4014 saepe,
563 3955 619 3997 tum
645 3946 671 3997 in
698 3945 836 4000 Paradoso
854 3945 900 3997 lV.
943 3943 997 3995 Sed
1020 3940 1134 4013 (iuquit)
1160 3941 1304 3992 dementem
1329 3949 1355 3990 et
1374 3941 1416 3990 in·

359 4032 457 4065 sanum
468 4014 548 4066 rebus
566 4026 592 4066 te
611 4016 715 4068 uincam
734 4016 899 4070 necessariis.
947 4012 985 4067 lta
1006 4013 1078 4066 euim
1103 4012 1194 4064 locum
1221 4031 1282 4065 eum
1308 4009 1416 4081 quidam

358 4087 468 4156 legunt,
488 4098 581 4139 contra
600 4107 693 4139 omnes
722 4099 819 4141 veteres
844 4086 935 4139 libros.
975 4085 1031 4138 Nos
1055 4084 1090 4136 ita
1111 4103 1141 4136 ex
1158 4084 1238 4137 reteri
1257 4084 1337 4134 libro:
1366 4082 1419 4132 Sed

359 4159 504 4208 dementem
534 4169 561 4208 et
589 4161 713 4211 insanum
745 4159 797 4227 (vei
827 4169 854 4209 te
884 4157 1016 4221 insanire)
1043 4155 1122 4207 rebus
1156 4155 1297 4206 adoincam
1329 4170 1418 4203 neces-

358 4229 457 4292 sariis,
504 4240 609 4283 venuste
642 4248 705 4302 pro:
749 4230 896 4283 rationibus
929 4226 1125 4280 efficacissimis.
1189 4225 1231 4278 De
1265 4223 1418 4277 Advincere

360 4299 418 4352 vide
447 4318 526 4371 supra
555 4302 593 4372 [p.
622 4302 695 4368 3⁰2]
726 4301 867 4371 odcpinari
892 4300 984 4368 (Lucr.
1004 4298 1049 4364 tV,
1078 4296 1154 4363 814.)
1188 4296 1245 4363 [ubi
1280 4294 1418 4347 consertus·

358 4371 471 4423 verbum
491 4372 648 4440 accredere].
686 4372 776 4425 Posset
796 4382 885 4426 tamen
906 4371 1014 4423 retineri
1034 4368 1169 4439 vulgatum
1189 4367 1329 4431 addicam,
1356 4384 1418 4417 uam

360 4444 387 4494 in
422 4441 539 4564 initiam
572 4454 657 4497 vetere
683 4444 744 4516 ¹vidi
774 4444 927 4507 addictam,
962 4442 982 4494 si
1015 4439 1097 4493 modo
1124 4440 1159 4492 ita
1188 4438 1266 4492 etinm
1302 4436 1419 4507 accipia-

361 4518 421 4567 tut·.‘
507 4534 527 4566 r.
