3517 5450
659 743 854 791 eununoxos
883 746 912 790 v,
940 746 1009 792 our.
1029 746 1077 793 ur.
1316 721 1391 797 209

338 920 497 999 quantum
525 912 625 978 habet
650 909 873 977 dominatum!
900 928 968 992 quo
993 911 1113 974 timore
1137 918 1293 978 nocentes
1317 915 1391 979 atfi-

336 1052 394 1118 eiti
444 1055 588 1117 Annon
614 1053 663 1112 est
687 1048 794 1112 omnis
828 1050 935 1144 metus
963 1047 1128 1111 servitus?
1180 1047 1269 1126 Quid
1307 1052 1394 1115 valet

335 1193 434 1275 igitur
460 1189 519 1253 illa
545 1183 805 1268 eloquentissimi
831 1183 911 1265 vlri,
937 1183 971 1248 L.
999 1182 1128 1264 Crassi,
1155 1186 1292 1267 copiosa
1319 1205 1392 1254 ma-

335 1332 401 1412 gis,
438 1343 541 1409 quam
567 1324 699 1406 sapiens
726 1322 858 1387 oratio‘t
910 1315 1065 1411 Eripite
1094 1344 1162 1390 nos
1199 1345 1244 1392 ex
1271 1326 1392 1394 servi-

337 1475 414 1531 tute
444 1466 519 1527 -i
573 1460 668 1541 Quae
699 1465 748 1525 est
781 1460 845 1523 ista
872 1459 1011 1524 servitus
1037 1464 1105 1525 tam
1139 1465 1230 1529 etaro
1264 1467 1390 1530 homini

335 1611 470 1685 tamque
492 1601 625 1665 nobili?
678 1597 794 1662 Omnis
828 1596 929 1662 animi
965 1599 1122 1665 debilitati
1147 1607 1178 1665 et
1204 1603 1335 1670 humilis
1360 1610 1392 1670 et

335 1739 430 1805 tracti
456 1736 613 1803 timiditas
639 1735 780 1800 servitus
808 1740 866 1798 est.
920 1729 1045 1800 Nolite
1063 1733 1187 1801 sinere
1213 1761 1282 1805 uos
1307 1739 1390 1808 cui-

335 1895 448 1964 quam
465 1869 619 1941 servire.
670 1873 708 1935 ln
734 1871 919 1935 libertatem
944 1870 1104 1936 vindicari
1123 1875 1217 1937 vult?
1244 1876 1389 1944 Minime.

335 2013 424 2092 Quid
459 2013 551 2078 enim
583 2010 752 2091 adiungit?
809 2003 896 2073 Nisi
933 2003 1034 2073 vobis
1066 2009 1262 2079 teniversis.
1319 2015 1391 2080 Do-

335 2153 461 2216 minum
487 2155 633 2226 mutare,
659 2166 728 2213 non
755 2147 839 2211 tiber
856 2163 929 2211 esse
955 2147 1040 2212 vult!
1069 2145 1210 2234 Quibus
1237 2161 1272 2218 et
1293 2173 1391 2243 pos-

334 2307 461 2353 sumus
497 2293 533 2350 et
567 2278 748 2349 debemus.
811 2282 879 2348 Nos
913 2300 1011 2362 vero,
1046 2285 1073 2348 si
1109 2286 1242 2366 quidem
1279 2289 1391 2352 animo

334 2427 469 2492 excelso
505 2427 536 2486 et
562 2424 629 2488 atto
659 2425 691 2485 et
717 2423 891 2487 virtutibus
924 2416 1125 2504 exaggerato
1159 2443 1291 2506 sumus,
1330 2445 1392 2493 nec

334 2563 514 2634 debemus,
547 2576 608 2622 neo
632 2574 817 2639 possumus.
884 2558 934 2620 Tu
960 2575 1058 2638 posse
1085 2564 1116 2622 te
1151 2559 1269 2637 dicito,
1306 2579 1391 2641 quo-

334 2701 426 2766 niam
454 2695 588 2779 quidem
610 2700 723 2777 potes:
763 2694 885 2759 debere
909 2711 951 2759 ne
977 2693 1117 2771 dixerim
1155 2697 1313 2778 quoniam
1339 2699 1391 2764 ni-

334 2837 379 2902 nil
404 2813 583 2918 quisquam
608 2833 722 2909 debet,
748 2830 811 2894 uisi
837 2830 926 2911 quod
954 2837 1002 2895 est
1027 2835 1123 2911 turpe
1147 2850 1215 2897 non
1242 2833 1391 2899 reddere.

334 2972 401 3038 Sed
425 2971 511 3035 haee
536 2970 704 3033 haetenus.
761 2966 824 3030 llte
851 2966 980 3043 videat,
1014 2968 1184 3048 quomodo
1211 2968 1392 3051 imperator

334 3125 409 3173 esse
437 3107 689 3196 possit‚1quum
716 3119 792 3167 eum
818 3120 860 3166 ne
888 3104 1029 3169 tibemm
1057 3104 1189 3184 quidem
1208 3121 1280 3168 esse
1305 3108 1390 3170 ratio

333 3248 366 3307 et
393 3242 517 3306 veritas
543 3241 616 3321 ipsa
638 3239 821 3303 convineat.

334 3403 337 3409 -
399 3363 480 3420 ιΌτι
498 3363 600 3428 μόνος
619 3395 653 3405 -
672 3362 782 3435 ἄφρων
800 3366 947 3432 debiam]
996 3364 1032 3416 lta
1061 3362 1122 3415 <ledi
1148 3382 1209 3416 cum
1231 3362 1299 3414 Edd.
1323 3366 1392 3419 Vter.

334 3455 428 3510 Lamb.
444 3454 478 3508 Η.
495 3452 585 3507 'Wott
604 3454 699 3508 Colou.
719 3452 806 3507 Grou.
824 3451 909 3505 Verb.
929 3451 1026 3505 Graes.
1045 3449 1115 3503 Oliv.
1141 3450 1206 3502 Ern.
1225 3471 1284 3522 sqq.
1309 3452 1391 3524 idque

334 3566 360 3599 se
377 3545 461 3598 etiam
486 3542 513 3595 in
533 3543 642 3596 Venetis
670 3543 799 3613 reperisse
824 3550 935 3594 testatur
960 3542 1066 3592 Camer·
1093 3538 1179 3591 Habet
1197 3536 1328 3591 Graecam
1348 3540 1392 3591 iu·

334 3633 508 3703 scriptionem
535 3649 550 3681 e
576 3627 661 3683 Codd.
688 3629 784 3683 nostris
811 3626 916 3691 nuilus,
945 3648 974 3681 ex
1000 3626 1065 3680 On.
1093 3624 1165 3678 solus
1190 3624 1234 3690 N„
1266 3625 1390 3690 eandem,

334 3738 415 3795 quam
438 3737 497 3771 nos.
540 3716 593 3769 Sed
614 3717 808 3770 raiderariant
826 3716 899 3770 editi.
942 3715 1034 3769 Solam
1060 3712 1193 3767 Graecam
1212 3712 1311 3767 habeut
1329 3713 1390 3766 Atd.

334 3809 414 3863 ffli-
433 3807 513 3858 1552.
532 3804 593 3856 Par.
613 3807 692 3858 1507.
710 3804 796 3875 Lugd.
834 3804 868 3857 Et
886 3804 955 3856 duae
974 3801 1083 3874 quidem
1103 3801 1220 3872 priores:
1248 3794 1289 3851 ‘tn
1307 3802 1330 3852 οἱ
1348 3821 1393 3854 σο-

334 3901 376 3957 ‚st
394 3888 543 3961 ἐλεύθεροι,
563 3896 607 3943 καὶ
626 3893 650 3943 oi
666 3896 749 3962 μωροὶ
767 3894 874 3956 dodim
893 3891 961 3944 duae
979 3890 1154 3961 posteriores:
1180 3890 1227 3939 Oti
1250 3907 1340 3941 monos
1358 3891 1392 3943 Im

334 3983 431 4052 sophor
451 3979 602 4033 eleutheros
621 3980 651 4030 ke
666 3989 764 4049 pontes
782 3972 813 4031 ΙΙιί
832 3980 899 4031 mori
917 3978 983 4031 dati.
1030 3976 1121 4030 Solam
1141 3977 1262 4030 Latinam
1289 3980 1349 4031 Cre.
1367 3980 1393 4030 1,

334 4075 428 4124 Omnes
455 4067 591 4135 sapientes
618 4064 714 4119 liberos
746 4084 817 4131 esse,
850 4085 938 4119 omnes
968 4065 1070 4117 stultos
1097 4083 1188 4117 servos
1219 4064 1393 4116 demonstrat.

334 4152 392 4206 Cn.
413 4159 438 4206 2.
457 4157 554 4205 Omnes
574 4183 606 4193 -
626 4172 697 4220 esse,
725 4165 760 4206 et
787 4172 874 4207 omues
901 4153 1004 4205 stultos
1030 4170 1120 4205 servos
1146 4171 1217 4207 esse,
1245 4170 1307 4204 cum
1327 4149 1393 4203 eod.

334 4238 403 4294 Gud.
425 4240 469 4307 B„
490 4241 518 4293 in
539 4241 597 4294 Vel.
615 4239 677 4293 Car.
697 4240 789 4312 Steph.
815 4239 888 4293 Gud.
906 4241 938 4295 Α.
958 4250 996 4293 est
1014 4243 1109 4292 Omnes
1127 4265 1161 4277 --
1180 4257 1237 4291 esse
1259 4249 1287 4290 et
1306 4256 1393 4291 omues

334 4330 436 4381 stultos
455 4348 565 4388 servom
586 4327 652 4381 Osx.
671 4328 701 4380 E.
720 4328 753 4381 N.
772 4327 808 4381 U.
827 4346 855 4389 ψ.
874 4328 986 4380 Adest
1013 4326 1131 4397 (solebat
1155 4326 1271 4395 scriptor
1294 4324 1325 4373 iet
1341 4334 1391 4387 est,

334 4427 361 4469 ut
378 4415 476 4483 hebet,
497 4434 662 4487 quamquam
681 4416 799 4482 omissis,
818 4428 847 4471 ut
866 4415 926 4482 dixi,
946 4416 1033 4468 verbis
1047 4413 1166 4477 Graecis,
1186 4409 1342 4464 Cod.Drsd.
1355 4412 1393 4479 2.)

334 4504 428 4558 Omnes
449 4533 483 4545 -
505 4521 562 4556 esse
581 4513 608 4554 et
626 4522 715 4556 omues
732 4505 833 4572 stultos
851 4522 958 4565 servos,¹
983 4502 1063 4556 Drsd.
1083 4503 1109 4553 1.
1128 4498 1207 4569 Quod
1223 4498 1329 4568 sapiens
1348 4517 1392 4550 so-

1113 4588 1160 4658 14
