3517 5450
444 697 517 771 312
773 722 946 768 rtnxnoxx
974 720 1168 768 srotconnx.

443 885 618 958 honoratum,
637 882 682 954 qui
702 902 752 953 pro
770 902 859 936 rerum
880 882 1086 936 domesticarum
1106 881 1215 936 modulo
1227 894 1373 936 contentus
1385 884 1488 949 vivebat,

444 972 562 1044 nihilque
580 971 627 1024 sibi
646 972 735 1024 deesse
754 973 891 1043 putabat.“
918 971 949 1049 'F
957 990 1028 1024 acc.

515 1071 560 1126 (ne
577 1078 677 1129 semper
696 1061 790 1112 Curios
807 1070 833 1111 et
861 1060 990 1112 Luscinos
1008 1059 1175 1129 loquamur)]
1220 1060 1286 1111 cod.
1308 1059 1392 1112 Drsd.
1413 1064 1440 1112 4.
1464 1077 1489 1109 ae

443 1169 543 1220 semper
566 1148 704 1200 curiose
730 1158 758 1199 et
783 1147 966 1212 lusimose,
998 1146 1057 1200 Cra.
1078 1151 1102 1198 2.
1128 1147 1234 1210 licinus,
1265 1147 1338 1202 Gud.
1364 1149 1398 1201 Α.
1418 1149 1499 1211 licias,

443 1237 536 1292 Duisb.
554 1236 660 1288 Lutios.
696 1234 773 1289 Suer.
801 1255 862 1288 cum
883 1236 961 1287 Drsd.
980 1239 1005 1289 1.
1034 1236 1140 1290 Lucios.
1159 1262 1194 1275 --
1236 1236 1282 1288 Est
1301 1238 1447 1289 Luscinios
1469 1238 1490 1288 in

443 1325 528 1379 codd.
547 1324 597 1378 Ox.
617 1323 647 1376 E.
666 1323 701 1376 U.
721 1342 750 1386 ψ.
770 1342 855 1394 marg.
875 1326 947 1377 Crat.
966 1322 1034 1375 Edd.
1055 1322 1125 1376 Vict.
1150 1323 1243 1394 Magn.
1260 1323 1328 1377 Dav.
1347 1323 1423 1376 Man.
1440 1323 1491 1375 Ald.

443 1417 519 1468 1518.
545 1417 624 1468 1552.
651 1414 719 1465 Ven.
739 1415 817 1466 1492.
840 1411 918 1467 lldlb.
945 1412 1006 1465 Par.
1034 1415 1112 1466 1512.
1137 1410 1212 1465 Cam.
1236 1411 1328 1463 llerw.
1353 1411 1387 1463 H.
1415 1412 1491 1464 Woll.

442 1501 530 1568 Otiv.;
549 1501 690 1568 Lucinios,
710 1499 759 1552 Ed.
779 1503 858 1571 Arg.;
878 1502 1010 1565 Licinius,
1029 1500 1080 1554 Ed.
1098 1501 1159 1552 Par.
1178 1503 1263 1564 15⁰1,
1283 1500 1421 1565 Licinias,
1439 1499 1490 1551 Atd.

443 1593 529 1652 151ῖς
557 1589 684 1640 Lucinios
711 1588 778 1641 Ven.
805 1591 885 1641 1511.
915 1588 975 1641 Par.
993 1608 1014 1640 s.
1033 1607 1056 1640 a.
1084 1587 1170 1658 Lngd.
1195 1585 1297 1640 Sturm.
1325 1585 1389 1640 Par.
1416 1589 1489 1647 1515;

443 1676 602 1742 Lambinus,
628 1695 719 1728 errore
738 1686 843 1748 typogr.
862 1675 964 1746 (iudice
984 1675 1103 1744 Orellio)
1121 1675 1203 1729 edidit
1242 1675 1390 1730 Tusciuvs.
1418 1693 1488 1744 quem

444 1761 557 1817 fideliter
573 1762 688 1818 reddidit
705 1763 754 1817 Ed.
771 1762 869 1816 Colon.
906 1763 958 1816 Sed
978 1765 1031 1817 iam
1050 1775 1112 1818 ante
1129 1763 1292 1817 Lambinum
1312 1763 1351 1815 sic
1369 1763 1488 1833 scriptum

444 1863 481 1905 est
499 1851 527 1904 in
545 1851 595 1906 Ed.
615 1853 675 1904 (lar.
700 1850 790 1922 Stepb.
808 1881 843 1890 -
886 1851 947 1907 Frc.
964 1852 1087 1924 Sylvius,
1117 1852 1163 1924 qni
1192 1850 1345 1922 reperiebat
1372 1849 1488 1912 Licinius,

443 1940 593 2007 „Lucinost
611 1939 713 2010 inquit,
732 1938 783 2010 legi
802 1951 917 2011 oportet.
937 1946 964 1996 0.
984 1943 1056 1994 enim
1076 1941 1198 1992 Lucinas
1216 1937 1360 1990 Fabricius
1378 1935 1488 2007 appella·

444 2040 485 2081 tus
503 2039 554 2081 est:
573 2028 606 2080 ab
626 2026 683 2081 aliis
701 2039 790 2080 tamen
801 2020 943 2092 Luscinus,
963 2029 995 2081 ab
1007 2027 1065 2080 aliis
1075 2026 1205 2079 Lucinius
1217 2024 1402 2098 appellatur.“
1425 2023 1488 2074 Lon-

443 2134 492 2186 gus
511 2127 549 2168 est
565 2115 603 2170 lo.
622 2109 780 2180 llllorisotus,
806 2127 835 2169 ut
854 2103 950 2186 probet
976 2135 1005 2167 ex
1023 2113 1136 2174 Valerio·
1149 2114 1267 2167 Maximo
1289 2112 1334 2166 lll.
1364 2132 1402 2166 ex.
1419 2111 1487 2163 Rom.

442 2200 465 2273 5.
486 2207 512 2268 5,
530 2203 575 2255 lV.
594 2201 730 2274 1510,
756 2203 844 2255 Plinio
862 2202 894 2255 N.
914 2201 946 2254 H.
966 2203 998 2269 X,
1017 2205 1061 2257 tt.
1078 2200 1102 2273 5.
1121 2207 1165 2257 55.
1186 2202 1361 2255 scribendum
1382 2220 1436 2254 esse
1448 2219 1488 2251 ne-

443 2292 627 2362 queLicinios,
645 2291 891 2362 nequeLuscinios,
909 2290 953 2342 sed
974 2291 1099 2342 Lucinios
1117 2292 1167 2358 (sc.
1187 2289 1339 2357 Fabricios)
1362 2301 1409 2342 aut
1427 2297 1488 2341 certe

442 2379 567 2432 Lucinos.
604 2377 657 2432 Sed
678 2379 729 2431 iarn
749 2379 850 2431 dudum
865 2377 1029 2449 exploratum
1050 2389 1088 2431 est
1106 2396 1259 2449 cognomen
1277 2377 1402 2429 Fabricii
1419 2376 1489 2429 solue

445 2469 591 2532 Luscinus,
610 2469 691 2540 idque
709 2468 761 2520 iam
781 2467 878 2539 legitur
892 2468 919 2520 in
936 2467 1004 2520 Edd.
1022 2467 1100 2519 Boul.
1116 2467 1227 2520 Lambb.
1241 2465 1325 2521 Goth.
1337 2465 1415 2537 Sylb.
1427 2464 1488 2516 And.

441 2555 499 2610 Tal.
511 2555 588 2609 Grut.
603 2554 698 2608 Graes.
714 2554 801 2609 Gron.
818 2567 843 2609 et
861 2555 941 2610 babet
957 2574 1015 2608 eam
1034 2555 1205 2626 scriptionem
1225 2554 1263 2606 lo.
1272 2552 1457 2624 Glandorpius
1466 2552 1489 2603 in

441 2643 581 2698 Onomast.
594 2644 723 2698 Historiae
738 2645 814 2699 llom.
831 2646 934 2714 (Frcol.
952 2644 1076 2698 Wec'bel.
1094 2646 1172 2698 1599.
1191 2642 1210 2695 1.
1230 2641 1280 2710 m.)
1299 2661 1325 2712 p.
1336 2644 1400 2695 3³1.
1417 2639 1489 2693 Conl.

442 2730 537 2784 Orellii
563 2732 703 2786 Onomast.
719 2733 791 2786 Tull.
810 2732 842 2786 ll.
867 2754 893 2805 p.
913 2734 975 2800 248.
993 2754 1017 2787 a.
1037 2736 1063 2786 b.
1108 2732 1149 2784 Ad
1168 2742 1331 2784 structuram
1353 2749 1377 2784 v.
1400 2730 1489 2801 loqua-

443 2840 502 2871 mur
519 2821 625 2875 confert
642 2820 722 2892 Borg.
741 2820 797 2875 Cic.
816 2823 850 2875 de
869 2823 948 2876 Finn.
970 2819 1003 2888 ll,
1023 2825 1053 2876 9:
1080 2820 1261 2888 Philosophus
1286 2817 1413 2889 loquitur
1440 2817 1489 2868 trio

441 2928 539 2979 genera
558 2910 747 2978 cupiditatum.
784 2910 860 2963 Adde
870 2909 902 2962 ad
914 2909 1038 2973 Att.tt‚t:
1058 2908 1098 2961 nit
1115 2908 1168 2960 nisi
1177 2907 1285 2958 closses'
1296 2905 1418 2976 loquens.
1436 2904 1488 2958 Mr.

511 3016 616 3067 pauper
633 2997 742 3049 tandem
752 2997 846 3067 suits]
883 2997 929 3050 Est
947 2997 975 3049 in
995 2994 1082 3050 Codd.
1101 2994 1179 3049 Suer.
1198 3006 1224 3047 et
1243 2993 1316 3047 Gud.
1337 2994 1369 3048 B.
1388 2995 1489 3045 tandem

438 3103 544 3154 pauper
556 3086 628 3155 suit.
665 3084 718 3137 Sed
737 3085 801 3155 quid
819 3087 868 3138 sibi
888 3086 947 3139 velit
965 3085 1146 3149 boctondem,
1164 3084 1260 3136 merito
1281 3101 1404 3153 quaeras.
1435 3080 1489 3133 Du·

442 3172 541 3224 bitabat
556 3171 609 3223 iam
629 3171 667 3223 rel
686 3182 757 3224 certe
776 3173 958 3244 explicandam
978 3174 1129 3227 existimarit
1147 3191 1238 3225 rocem
1259 3170 1420 3237 Ascensius,
1449 3169 1488 3239 qui

442 3259 469 3310 in
487 3258 680 3311 commentario
693 3258 810 3313 Editioni
822 3260 881 3314 Ald.
893 3264 971 3316 1548.
990 3262 1097 3328 addito,
1113 3279 1218 3330 pauper
1237 3260 1364 3323 tandem,
1383 3258 1488 3330 scripsit,

443 3346 459 3398 i.
476 3364 499 3397 e.
520 3344 711 3416 utaliquando
732 3346 764 3399 de
782 3367 814 3400 eo
834 3348 992 3420 loquamur,
1013 3361 1038 3402 et
1057 3369 1112 3402 non
1132 3348 1277 3420 loquamur
1295 3347 1328 3416 (i.
1348 3368 1371 3401 e.
1401 3349 1429 3402 in
1447 3366 1488 3400 ore

443 3430 599 3501 habeamus)
616 3452 721 3504 semper
740 3435 836 3487 Curios
853 3447 878 3489 et
894 3436 1037 3503 Lucinios,
1057 3436 1162 3507 quoties
1180 3447 1368 3507 paupertatem
1383 3447 1410 3489 et
1428 3455 1488 3490 con·

442 3520 579 3573 tinentiam
598 3521 744 3575 laudamus.
781 3522 836 3590 Qui
855 3542 879 3576 a.
899 3527 979 3578 1811.
997 3524 1144 3596 Glogariae
1162 3524 1244 3577 edidit
1262 3525 1404 3579 Paradoxa
1424 3524 1488 3578 Ger-

441 3609 546 3663 manice
572 3627 712 3675 conversa,
743 3609 795 3664 lac.
823 3610 965 3684 Gauppius
988 3611 1067 3666 tacite
1091 3612 1233 3667 correxisse
1263 3612 1370 3665 ridetur
1396 3623 1489 3671 tamen,

441 3698 571 3751 convertit
589 3698 675 3750 enim:
700 3717 758 3750 uror
777 3699 862 3751 clocls
880 3720 958 3762 arm,·
983 3701 1029 3774 qui
1049 3701 1143 3754 eadem
1162 3700 1292 3754 convertit
1311 3718 1338 3755 a.
1357 3704 1437 3756 1199.
1461 3697 1488 3751 C.

441 3787 473 3835 tt.
493 3784 527 3838 G.
545 3784 720 3839 Scbreiberus
737 3787 821 3857 (Halis
839 3787 911 3857 Sar.)
930 3790 994 3861 quid
1014 3788 1110 3860 legerit
1128 3807 1183 3841 non
1202 3786 1266 3840 satis
1284 3798 1414 3857 apparet3
1433 3786 1489 3839 red·

441 3870 506 3923 didit
533 3872 604 3924 enim
635 3875 713 3927 verba
745 3887 849 3929 nostra:
878 3895 935 3928 war
962 3879 1004 3928 im
1027 3876 1269 3947 cigentliclren
1299 3878 1412 3928 Sirene
1436 3876 1489 3927 des

441 3960 481 4010 W
484 3969 580 4011 ortos
598 3979 664 4013 arm.
711 3959 813 4016 Graece
843 3964 973 4017 convertit
998 3963 1146 4035 Dionysius
1163 3964 1301 4017 Petarius:
1331 3960 1489 4016 inereduli

439 4055 511 4117 πενίᾳ
530 4046 611 4117 taliq.
648 4049 684 4101 lo.
701 4048 854 4106 Morisotus:
884 4040 916 4121 ἧν
933 4056 951 4105 d
959 4051 974 4122 q*
994 4060 1108 4122 πενίτης.
1150 4051 1304 4105 Emendare
1331 4054 1413 4106 etiam
1438 4064 1490 4106 stu·

438 4138 495 4191 duit
520 4137 610 4191 locum
628 4136 797 4193 Heindorfius
822 4142 855 4193 ad
880 4142 971 4196 llorat.
997 4141 1052 4196 Sat.
1072 4143 1092 4208 l,
1111 4144 1136 4207 a,
1154 4144 1188 4205 t,
1220 4140 1267 4212 qui
1292 4140 1326 4194 ad
1356 4161 1378 4193 s.
1405 4159 1489 4192 macro

436 4244 540 4296 pauper
558 4227 646 4299 agello
664 4238 754 4281 nostra
773 4229 884 4283 laudans
902 4233 981 4286 rerba
1000 4231 1115 4285 fidenter
1128 4248 1191 4282 sane
1209 4228 1315 4283 scribit:
1337 4228 1417 4300 „lege
1430 4239 1489 4280 ton-

438 4318 521 4367 turn.“
540 4315 557 4369 i.
577 4335 599 4369 e.
622 4315 656 4385 (si
676 4328 747 4369 recte
765 4336 825 4370 eum
846 4319 975 4386 intellexi,
1006 4338 1067 4372 nam
1088 4318 1151 4372 nibil
1175 4317 1362 4388 explicationis
1380 4316 1489 4384 addidit)

438 4401 493 4454 eius
511 4422 553 4455 res
578 4404 714 4459 familiaris
733 4425 787 4459 non
808 4406 875 4460 ultra
903 4420 1088 4480 paupertatem
1115 4408 1288 4463 ascendebat.
1331 4409 1489 4481 Wytten·

439 4488 585 4543 baebius
604 4492 734 4564 denique,
760 4496 805 4565 qui
824 4497 980 4553 existimaret
1001 4520 1065 4566 nos,
1085 4500 1140 4552 eius
1159 4498 1314 4565 auditores,
1345 4508 1488 4570 exspectare
