3517 5450
600 722 794 771 rnnnnoxon
812 725 860 770 in.
886 726 954 772 cnr.
971 726 1006 772 n.
1246 704 1316 777 153

286 879 405 944 probibere
425 901 480 935 non
501 899 655 954 pessumum
682 895 803 937 nostrum
823 895 860 937 est
880 894 986 937 nostrae
1004 883 1144 939 voluntatis
1167 886 1318 957 imperinm.

220 958 222 1048 Ξ
285 963 348 1021 Recte
366 970 428 1022 item
448 968 621 1041 Borgeraine=
649 973 762 1041 Fingere
792 984 830 1026 est
855 973 1007 1028 terminare,
1050 973 1092 1026 De
1111 974 1143 1027 N.
1162 975 1197 1028 D.
1217 973 1248 1041 11,
1270 980 1318 1032 59:

220 1066 222 1077 ⁸
284 1056 374 1127 Lingua
393 1076 496 1116 vocem,
522 1059 926 1132 immoderateprosunam‚
952 1062 1075 1133 fingit
1094 1067 1319 1121 atterminat.

281 1140 360 1197 Parad.
379 1143 425 1211 Vl,
443 1147 474 1200 3:
498 1146 579 1199 Victu
598 1157 681 1218 atque
700 1149 776 1200 cultu
796 1149 1015 1201 terminatur
1041 1150 1170 1219 pecuniae
1194 1154 1318 1206 modun.

280 1229 358 1287 Tuscu
378 1231 411 1300 11,
431 1237 480 1288 19:
502 1235 648 1306 Nunquam
668 1237 840 1289 terminat
859 1255 906 1288 nec
923 1238 1119 1309 magnitudinis
1144 1258 1191 1290 nec
1210 1241 1320 1292 diutur-

277 1321 361 1374 nitatis
379 1322 495 1376 modum.
514 1351 548 1361 -
585 1323 698 1375 Modum
715 1333 804 1376 tenere
822 1335 861 1378 eet
878 1325 1017 1378 moderari.
1054 1324 1100 1380 sic
1118 1345 1168 1397 pro
1187 1325 1260 1380 Cael.
1271 1330 1318 1380 18:

278 1409 366 1460 Vincat
384 1408 534 1482 aliquando
552 1410 688 1480 cupiditas
706 1439 740 1451 -
761 1414 907 1479 rationem,
933 1412 1071 1464 dummodo
1089 1413 1139 1464 illa
1157 1415 1185 1464 in
1204 1415 1253 1465 lzoo
1271 1435 1319 1485 ge-

273 1513 323 1547 nere
338 1497 518 1566 praescriptio
534 1498 785 1571 moderatioque
804 1511 980 1554 teneatur.
1016 1500 1083 1554 Phil.
1095 1502 1129 1565 V,
1149 1505 1197 1555 18:
1221 1521 1254 1553 ne
1274 1520 1317 1553 ve·

271 1584 496 1656 rendumquidam
515 1595 572 1648 ent,
590 1595 621 1636 ut
641 1596 727 1638 tenere
746 1589 894 1657 seposuit,
921 1600 952 1641 ut
978 1591 1162 1645 moderari.
1179 1619 1214 1630 -
1262 1588 1317 1644 lam

269 1672 321 1727 Fre.
333 1668 407 1742 Sylv.
419 1671 528 1743 fingere
547 1672 673 1744 explicatz
694 1693 862 1746 „componere
882 1688 909 1728 ot
926 1681 1077 1732 statuero.“
1115 1678 1317 1732 Mirerisantem

269 1780 317 1812 nnn
336 1760 430 1814 vidisse
448 1760 611 1814 Lambinum
631 1763 741 1834 eiusque
758 1765 917 1818 sententiam
937 1776 1056 1832 secutos,
1081 1765 1255 1818 Horatiannin
1287 1767 1318 1818 il-

267 1847 306 1899 tut
318 1848 380 1918 fige
399 1848 505 1899 modum
523 1867 578 1900 esse
597 1848 668 1901 alind
690 1850 770 1921 quid,
803 1871 885 1922 quam
905 1852 978 1923 qnod
1008 1851 1104 1906 Cicero
1123 1853 1187 1906 dicit
1214 1855 1318 1905 modum

262 1936 362 2007 fingere
380 1953 485 1997 rerum,·
505 1935 556 1990 boc
575 1938 646 1989 enim
665 1949 703 1991 est
717 1958 804 1990 rerum
824 1958 922 1992 caueae
933 1954 1036 2010 regeres
1047 1940 1112 1992 illud
1132 1940 1316 2007 Horatianum‚

267 2030 364 2088 coerce,
382 2044 418 2077 ne
434 2023 541 2096 longina
559 2023 689 2097 latiusque
708 2037 805 2097 serpat.
841 2026 904 2078 Mc.

333 2132 423 2166 rerum
445 2112 551 2165 modum
564 2114 722 2185 fingere]
760 2113 830 2165 Nihil
854 2113 985 2166 dillerunt
1003 2114 1087 2166 Codd.
1106 2113 1185 2167 MSS.
1205 2124 1230 2166 ει
1248 2114 1315 2166 Edd.

270 2202 310 2254 nisi
330 2201 404 2272 quod
423 2200 583 2253 Lambinum
603 2201 685 2254 secuti
705 2213 765 2254 sunt
784 2201 816 2253 H.
833 2201 921 2255 Wott.
940 2202 1020 2256 Fore.
1048 2213 1074 2255 et
1098 2200 1184 2256 Schtz.
1203 2214 1229 2255 et
1247 2221 1315 2273 qnae
1370 2244 1374 2250 .

271 2289 316 2342 sola
334 2289 459 2343 Lambini
478 2299 577 2342 textum
595 2300 719 2342 accurate
738 2289 853 2342 reddidit
872 2289 920 2342 Ed.
935 2289 1031 2342 Goion.
1045 2293 1124 2343 1516.
1160 2289 1224 2342 1)υο
1237 2289 1314 2343 etiam

274 2380 363 2433 variant
382 2379 468 2432 codd.
487 2375 567 2431 MSS.
596 2378 667 2449 quod
688 2378 859 2443 factumest,
892 2397 954 2431 cnm
979 2377 1050 2432 oculi
1076 2378 1178 2430 scribae
1207 2389 1317 2448 propter

276 2467 454 2521 vocabulorum
473 2465 673 2520 similitudinem
694 2466 857 2519 aberrarent.
900 2465 937 2519 lta
957 2465 1007 2519 Ox.
1027 2484 1056 2527 ψ.
1083 2465 1161 2517 habet
1186 2464 1315 2534 siquidum

278 2573 351 2605 rerum
374 2555 491 2607 aradus
516 2564 632 2605 tenere
661 2572 812 2622 possumne.
863 2555 968 2606 Histrio
994 2582 1041 2616 —,
1069 2553 1171 2605 omissis
1195 2553 1317 2624 interpo-

280 2642 372 2707 nendis3
389 2641 469 2697 Drsd.
488 2645 527 2695 ‘bt
546 2641 679 2713 siquidem
696 2629 784 2692 rerum
803 2641 932 2692 modum
951 2652 1069 2692 tencre
1087 2660 1244 2710 poseamus,
1272 2641 1314 2693 iis·

280 2728 326 2783 dem
345 2733 453 2785 omissis.
472 2731 553 2784 Drsd.
572 2733 597 2782 1.
617 2733 642 2783 5.
662 2727 720 2781 Crn.
733 2732 758 2781 1.
774 2734 797 2781 2.
818 2724 889 2782 Gud.
905 2728 937 2782 A.
956 2728 1078 2782 exhibent
1096 2730 1200 2780 madum
1219 2748 1315 2793 rerum,

282 2818 360 2887 quibua
377 2819 480 2873 accedit
499 2817 578 2870 Drsd.
599 2820 641 2883 3.,
667 2816 694 2868 in
716 2835 770 2887 quo
790 2836 840 2886 pro
859 2826 947 2868 tenere
965 2817 1028 2869 item
1048 2828 1087 2870 est
1098 2818 1220 2888 fingere,
1248 2837 1316 2888 quae

284 2916 310 2957 en
324 2908 453 2962 correctio
472 2906 586 2958 hominis
603 2905 652 2957 eibi
670 2905 699 2956 in
718 2904 849 2957 Cicerone
868 2904 1030 2976 corrigendo
1049 2906 1185 2978 placentis.
1230 2905 1315 2958 Codd.

284 2990 320 3047 Ox.
337 2994 354 3048 1.
371 2993 452 3049 Drsd.
471 2994 497 3047 1.
521 2993 619 3047 babent
645 2993 671 3045 in
693 2992 746 3044 fine
763 2994 924 3062 possimus.
972 2994 1036 3047 Post
1063 2996 1212 3045 animorum
1240 2994 1316 3046 eiecit

284 3084 401 3150 repetitam
423 3102 514 3135 vocem
533 3083 637 3133 modum
656 3081 815 3145 Lambinus,
842 3101 904 3134 cnm
932 3101 987 3153 qno
1011 3083 1114 3135 faciunt
1131 3082 1200 3135 Edd.
1220 3082 1315 3135 Calon.

284 3162 306 3216 11.
321 3170 401 3224 Wnll.
421 3171 499 3224 Face.
519 3180 544 3222 et
567 3169 610 3222 bic
636 3169 744 3239 quidem
763 3169 790 3221 in
817 3181 931 3242 utraque
949 3190 995 3223 sua
1013 3169 1064 3223 Ed.
1083 3172 1120 3237 (a.
1139 3174 1217 3233 1720,
1237 3171 1315 3224 Pata-

220 3268 223 3276 '
284 3252 327 3308 vina
343 3270 367 3312 et
385 3280 408 3313 a.
430 3261 509 3311 1141.
530 3258 655 3325 Veneta.)
686 3256 759 3328 quod
778 3258 805 3309 in
824 3258 940 3312 lectione
958 3259 1047 3329 figere
1073 3259 1100 3309 in
1119 3259 1235 3312 secunda
1256 3271 1315 3312 tan·

283 3348 325 3395 lun
341 3348 409 3401 leciu
447 3346 526 3399 Solus
544 3345 615 3399 Gud.
637 3348 668 3397 A.
688 3345 767 3398 habet
792 3356 880 3398 tenere
905 3347 1019 3397 modum·
1062 3345 1091 3397 Si
1118 3346 1226 3400 liberius
1250 3348 1314 3416 quid
1418 3351 1421 3362 '

220 3439 222 3447 “
284 3434 362 3489 audere
380 3436 471 3502 velles,
492 3455 580 3505 posses
598 3435 702 3486 inverso
722 3435 831 3498 urdine,
861 3433 895 3485 ad
922 3445 1043 3486 nostrum
1068 3452 1173 3486 sensum
1202 3435 1314 3501 suavius,

220 3537 222 3554 ³
283 3515 307 3569 1Ιᾶ
322 3527 465 3577 coniicere:
483 3525 508 3574 ei
526 3525 629 3595 quidam
648 3523 797 3573 animarum
814 3523 919 3574 modurn
939 3532 1027 3573 tenere
1043 3540 1201 3589 possumus,
1227 3540 1314 3572 rerum

220 3631 223 3639 ·
283 3612 367 3664 modum
381 3613 487 3684 fingere
504 3630 556 3663 non
573 3628 723 3681 possumus.
760 3608 887 3664 Ceterum
902 3630 958 3662 non
978 3610 1080 3679 primus
1100 3609 1151 3660 suit
1161 3607 1314 3673 Lambinus,

220 3706 223 3726 ι
282 3697 316 3762 qui
333 3702 456 3755 abiicere!
481 3699 619 3768 repetitam
639 3718 730 3751 vocem
751 3699 864 3751 modum.
908 3698 990 3750 Abest
1008 3716 1037 3748 ea
1057 3697 1110 3748 iam
1129 3696 1162 3748 ab
1181 3694 1230 3747 Ed.
1256 3694 1315 3748 Atd.

220 3798 223 3814 ⁶
281 3781 348 3853 1551,
366 3807 434 3860 quae
455 3798 493 3840 εει
511 3787 571 3841 Atdi
590 3787 724 3854 filiorum,
741 3807 856 3859 eamque
875 3787 953 3840 babet
972 3786 999 3839 in
1017 3786 1142 3839 lemmate
1161 3785 1313 3837 airnotatio-

282 3868 312 3921 ¹¹5³
328 3876 382 3929 ntd.
400 3873 538 3929 Manutius
557 3876 683 3946 (nepos),
702 3875 748 3946 qui
767 3873 880 3929 Codices
898 3894 959 3948 suas
977 3894 1071 3928 omnes
1089 3875 1179 3944 (erant
1204 3873 1315 3927 undevi-

281 3954 345 4030 ginti)
361 3964 459 4017 babere
477 3982 535 4016 eam
561 3962 827 4017 vocem-confirmat.
874 3962 948 4030 Quid
974 3964 1006 4016 sit
1034 3965 1182 4015 animorum
1209 3965 1313 4014 modum

280 4048 373 4115 explicat
389 4053 450 4106 Fre.
469 4051 584 4124 Sylvius:
612 4052 742 4118 „limitem
769 4064 795 4106 ει
812 4052 910 4117 lineas,
932 4071 998 4122 quas
1021 4053 1133 4104 transire
1156 4071 1211 4103 non
1231 4069 1313 4119 opor-

279 4138 345 4190 ieatt‘
378 4141 439 4194 Mr.

336 4232 440 4282 Histrio
458 4232 482 4281 ei
504 4230 639 4298 paullum]
665 4230 797 4283 scribitur
832 4230 948 4298 ilustrio
968 4227 994 4279 in
1013 4228 1080 4281 cod.
1109 4230 1166 4279 Cra.
1186 4230 1210 4276 ².
1259 4225 1312 4275 Pro

276 4316 385 4369 tuntum
414 4317 514 4371 habent
541 4318 697 4387 paullulum
727 4337 788 4371 cnm
820 4316 867 4369 Ed.
899 4316 1007 4369 Aeneas.
1031 4319 1109 4372 1511.
1141 4312 1226 4365 Codd.
1260 4309 1310 4363 Ox.

278 4410 297 4455 ι·
319 4422 346 4464 ψ.
379 4406 485 4459 Suerin.
511 4413 611 4475 septem
640 4405 713 4474 Atdi,
738 4405 796 4459 Cri..
817 4410 839 4458 1.
859 4410 883 4456 2.
908 4404 966 4456 Bas.
993 4403 1059 4456 cod.
1083 4401 1162 4454 Drsd.
1182 4404 1207 4453 4.
1235 4399 1313 4453 habet

277 4481 297 4526 ⁸²⁵
310 4506 340 4542 ne
355 4496 483 4562 paulum5
503 4492 600 4564 legitur
615 4496 699 4564 paula
718 4495 745 4547 in
765 4495 850 4548 Codd.
871 4493 962 4545 Cre-’n
982 4492 1086 4545 duobus
1107 4489 1176 4554 Atdi,
1196 4488 1267 4542 Gud.
1281 4489 1311 4541 B.
