3517 5450
362 409 432 484 102
695 432 867 479 riniroxi
892 431 1085 479 croicoruu.

359 597 393 650 cs.
414 594 464 648 Or.
485 610 534 664 pre
554 589 610 642 Mit.
628 592 679 643 3⁰:
698 589 796 657 Populi
813 592 891 659 grati
908 601 950 642 eet
967 590 1096 660 praemiii
1114 589 1228 659 afficere
1252 590 1316 641 bene
1334 593 1405 642 meri-

359 695 401 734 tos
420 684 450 733 ‹Ie
469 700 496 733 re
511 678 621 750 publica
636 677 715 728 cives·
768 677 827 728 Viri
840 676 937 745 fortir,
966 695 999 728 ne
1027 675 1165 745 suppliciis
1184 677 1289 748 quidem
1307 679 1407 741 mereri,

299 827 303 833 ,
359 781 391 820 ut
405 768 521 839 sortiter
536 767 636 837 secisse
654 765 799 833 poeniteat.
835 763 894 816 ΜΓ.

429 874 491 907 non
513 854 604 904 modo
624 853 808 921 repugnanti]
847 853 926 916 „Pro
947 853 1051 903 nedum·
1088 851 1135 903 Sic
1153 862 1179 904 et
1197 849 1305 904 locutus
1326 851 1405 903 estin

358 943 440 1014 Epist.
458 941 491 993 ad
510 938 653 992 Lentulum
678 939 753 991 Fam.
782 939 839 990 Lib.
858 938 879 991 l.
906 939 952 991 ubi
979 939 1036 991 ride
1063 941 1143 1008 patris
1169 939 1407 992 Commentariun.

357 1032 403 1085 sic
421 1041 458 1082 cst
477 1040 502 1081 et
522 1029 549 1079 in
569 1027 691 1090 duobus,
717 1039 741 1079 et
772 1027 799 1078 in
820 1047 874 1080 uno
895 1028 1040 1081 doctissimi
1067 1028 1129 1092 riri,
1155 1027 1245 1079 Caroli
1274 1026 1405 1097 Sigonii.“

357 1117 429 1170 Ald.
449 1117 578 1168 Manut.

429 1225 460 1256 ne
479 1205 615 1256 recusanti
634 1204 738 1274 quidem
755 1206 879 1267 evenerit,
898 1223 950 1255 nvn
968 1204 1043 1254 modo
1062 1223 1125 1254 non
1145 1202 1322 1272 repugnanti]
1342 1201 1406 1264 „At-

358 1307 444 1348 terum
462 1312 512 1342 nvn
533 1290 601 1343 male
621 1291 715 1342 excidit
733 1291 759 1342 in
780 1290 821 1342 ed.
840 1290 1043 1343 Gronoiiana.“
1064 1290 1142 1341 Ern.
1179 1289 1284 1342 Excidit
1304 1289 1404 1341 iteruin

358 1381 408 1434 Ox.
427 1380 461 1433 U.
488 1393 512 1433 et
540 1378 662 1432 consulto
690 1378 797 1449 quidem
825 1380 952 1430 omissum
976 1378 1004 1430 in
1037 1377 1085 1429 Ed.
1111 1388 1226 1449 utraque
1253 1375 1405 1438 Faccioiati,

357 1468 475 1540 itemque
494 1469 520 1519 in
540 1466 607 1517 Eud.
628 1466 760 1536 Verburg.
780 1477 807 1517 et
826 1465 933 1518 oliveri.
969 1466 1067 1517 Abesse
1082 1466 1162 1517 etiarn
1182 1464 1287 1516 volebat
1307 1466 1405 1516 Censor

358 1556 466 1626 quidam
490 1555 611 1606 tenensis
639 1557 716 1605 1820.
747 1554 778 1606 N.
805 1557 865 1607 152.
893 1555 1017 1606 editionis
1040 1553 1242 1605 Paradoxorurn
1269 1550 1405 1604 Gernhar-

356 1643 459 1694 dianae.
498 1644 597 1694 Verum
617 1642 681 1693 vidit
699 1640 848 1694 Beneclrius
871 1643 898 1694 in
921 1641 969 1694 Ed.
989 1640 1066 1694 Orat.
1085 1642 1209 1694 ciceron.
1230 1641 1264 1692 de
1291 1639 1405 1711 imperio

355 1730 477 1800 Pompeii
498 1750 522 1799 p.
541 1733 574 1782 83
593 1749 633 1800 sq.
672 1733 739 1781 Cum
761 1728 806 1780 itto
826 1749 937 1781 censore
956 1729 1018 1782 facil
1043 1729 1246 1801 quodammodo
1265 1727 1285 1781 I.
1305 1728 1334 1781 S.
1353 1728 1407 1779 Ro-

356 1816 472 1888 senheyn
493 1818 520 1868 in
539 1821 689 1869 Comment.
727 1818 767 1869 De
787 1818 919 1870 Perticuia
940 1837 992 1869 nvn
1010 1819 1085 1868 modo
1105 1837 1154 1887 pro
1179 1837 1230 1868 non
1256 1817 1332 1867 modo
1356 1835 1411 1868 non.

357 1906 440 1974 posita
460 1904 589 1972 (Seebod.
609 1904 640 1956 N.
660 1905 756 1957 Archiv
776 1907 794 1957 s.
814 1907 909 1958 Philot.
930 1906 1081 1974 u.Paedag.
1095 1903 1127 1968 ll,
1141 1910 1165 1967 2,
1187 1924 1211 1973 p.
1225 1904 1292 1970 88.),
1311 1924 1416 1976 quarn—

357 2013 438 2065 quam
459 1995 579 2064 proxime
598 1995 629 2045 ad
650 1995 786 2047 veritatem
807 1997 935 2060 accessit,
955 1995 1060 2058 dicens,
1087 1995 1107 2046 si
1133 1992 1247 2046 alterurn
1274 2013 1325 2045 nvn
1344 1994 1423 2046 reii-

358 2100 421 2132 nere
441 2081 512 2145 reiis,
534 2082 635 2133 reseras
655 2101 761 2134 necesse
782 2103 836 2134 esse
856 2103 911 2135 non
932 2083 964 2134 ad
983 2085 1108 2144 evenerit,
1127 2081 1171 2135 sed
1184 2082 1216 2134 ad
1235 2083 1419 2152 repugnanti,

357 2169 373 2221 i.
392 2189 415 2222 e.
436 2171 474 2234 ei,
497 2172 542 2242 qui
564 2191 617 2222 non
637 2183 778 2242 repugnat.
816 2171 956 2242 Kriigerus
974 2172 1070 2234 etiam,
1097 2170 1124 2221 in
1144 2171 1249 2240 egregie
1271 2171 1423 2240 ceteroqui

357 2257 537 2312 Grammatica
558 2260 650 2312 Latina
670 2260 715 2326 (T.
734 2258 766 2310 il.
784 2280 809 2328 p.
826 2262 1079 2329 727.)postcaquam
1099 2269 1171 2309 recte
1190 2259 1309 2327 exposuit
1328 2276 1425 2328 regu-

356 2345 418 2413 iam,
437 2361 559 2402 nostrum
580 2361 669 2401 tamen
689 2349 778 2400 iocum
795 2349 822 2399 in
842 2349 873 2399 iis
890 2347 989 2408 laudat,
1011 2347 1108 2419 quibus
1125 2365 1177 2397 non
1196 2347 1271 2396 modo
1291 2355 1423 2415 ponatur

356 2452 405 2504 pro
424 2455 475 2487 non
493 2437 569 2488 modo
586 2456 646 2488 nvn.
684 2435 790 2488 Erroris
810 2455 887 2488 causa
908 2435 973 2487 haec
992 2446 1043 2487 est:
1071 2433 1231 2503 reputabant
1252 2433 1299 2484 riri
1323 2434 1417 2496 docti,

263 2554 268 2562 ·
357 2541 418 2574 curn
439 2544 529 2576 reruni
550 2525 596 2585 sit,
617 2523 729 2574 aiterum
750 2544 800 2574 non
821 2524 925 2587 omitti»,
954 2524 1063 2593 quando
1086 2541 1170 2574 unum
1188 2523 1308 2574 Verbum
1329 2541 1417 2575 corn-

357 2627 438 2660 inune
464 2611 497 2663 sit
522 2611 628 2682 utrique
657 2611 811 2665 enuntiato:
838 2622 930 2662 nostro
956 2610 1032 2676 loco,
1061 2629 1115 2681 quo
1141 2622 1287 2682 utrumque
1311 2611 1417 2663 habeat

357 2716 441 2750 unum
470 2700 589 2751 Verbum
616 2701 778 2765 (evenerit),
804 2698 928 2752 sufficere
948 2719 1000 2751 non
1019 2700 1102 2751 rnvdv.
1145 2697 1227 2765 Quod
1253 2718 1328 2752 secus
1357 2708 1410 2751 cst.

357 2786 418 2838 Non
438 2787 509 2838 enirn
531 2789 650 2840 Verbum
671 2791 786 2840 evenerit
807 2789 840 2840 ad
861 2799 1006 2858 utrumque
1025 2787 1191 2840 enuntiatum
1212 2788 1342 2857 pertinet,
1358 2784 1409 2839 ced

358 2886 419 2927 sunt
438 2895 465 2925 re
486 2895 544 2927 vera
565 2876 619 2928 duo
640 2878 733 2943 verba,
759 2897 819 2929 cum
840 2888 974 2930 structura
1000 2877 1033 2928 ita
1062 2876 1094 2927 eit
1121 2875 1309 2944 intelligenda:
1334 2874 1408 2926 Mihi

358 2964 485 3034 quicquid
503 2952 644 3027 (reciderit,
666 2968 780 3016 evenerit
799 2968 850 3027 ita,
870 2976 902 3016 ut
921 2984 986 3016 non
1006 2965 1098 3014 modo
1125 2982 1189 3013 non
1214 2982 1246 3012 re
1250 2980 1402 3034 pugnem,

357 3052 405 3100 ced
421 3071 453 3101 ne
470 3070 619 3102 recusem
639 3054 753 3123 quidem.
790 3054 869 3107 Nunc
883 3054 951 3106 adde
963 3053 1042 3105 etiam
1062 3050 1081 3103 l.
1092 3050 1124 3102 N.
1135 3050 1264 3120 Madvigii
1283 3049 1396 3102 Gramm.

359 3138 413 3191 Lat.
432 3144 455 3204 §.
475 3143 535 3194 471.
555 3160 581 3210 q.
600 3142 661 3193 428.
681 3152 772 3194 annot.
792 3146 816 3194 1.
837 3142 898 3194 coli.
918 3162 945 3212 p.
965 3144 1025 3194 cci.
1045 3140 1070 3191 b.
1089 3140 1141 3205 (a).
1187 3137 1289 3191 Similis
1306 3151 1342 3190 est
1358 3136 1395 3187 Ιο-
1454 3183 1455 3202 2

358 3245 417 3290 cus,
445 3228 516 3298 quod
544 3228 576 3277 ad
603 3229 802 3281 enuntiatorum
834 3230 1056 3292 collocationem,
1082 3228 1115 3279 ad
1139 3227 1192 3278 An.
1214 3229 1258 3290 14,
1277 3228 1324 3279 1⁹:
1352 3223 1394 3275 cvi

354 3313 439 3381 sccile
457 3316 596 3381 persuasi,
626 3316 689 3365 milii
708 3317 748 3373 id,
770 3319 841 3388 qued
859 3329 980 3388 rogaret,
1011 3335 1049 3367 ne
1067 3316 1144 3365 licere
1163 3315 1313 3385 quidem,
1338 3331 1389 3364 riou

357 3402 449 3453 crioilo
467 3420 531 3452 non
550 3402 646 3458 iubere.
683 3404 772 3471 Quem
793 3406 883 3458 iocum
902 3406 1016 3458 laudarit
1034 3402 1217 3456 Ger-ahardus.
1254 3403 1314 3454 Mr.

427 3507 459 3538 ne
475 3491 611 3540 recusanti
628 3493 731 3562 quidem
751 3524 798 3556 -,
819 3516 870 3545 nori
888 3496 963 3546 niodo
986 3513 1038 3544 non
1054 3492 1229 3561 repugnanti]
1249 3492 1285 3557 „i.
1306 3512 1327 3542 r..
1344 3506 1386 3559 quo

358 3577 445 3629 nrinus
464 3577 593 3631 eiusmodi
607 3580 633 3631 in
654 3602 696 3633 nie
715 3584 816 3636 incidat
835 3584 980 3647 calamitas,
1001 3601 1054 3634 non
1075 3581 1220 3633 modonon
1237 3579 1385 3651 repugnabo,

356 3662 400 3715 sed
427 3682 460 3715 nc
484 3668 613 3719 recusabo
641 3670 757 3739 quidem.
805 3672 872 3724 Nam
900 3676 996 3725 Cicero
1020 3690 1104 3743 quum
1133 3682 1219 3739 posset
1243 3681 1383 3739 repugnate,

357 3772 439 3825 quum
458 3754 509 3807 XX
535 3755 615 3807 mittia
642 3760 762 3827 equitum
790 3780 817 3811 se
837 3779 887 3829 pro
914 3779 947 3810 eo
972 3756 1146 3811 dimicaturos
1171 3757 1283 3828 professi
1308 3760 1383 3809 essenii
1448 3777 1456 3806 ε

356 3840 448 3895 maluit
466 3853 561 3912 sponte
580 3844 607 3895 in
627 3845 733 3897 erilium
753 3848 807 3912 ire,
827 3868 877 3901 nec
898 3868 1037 3910 recusare,
1057 3865 1152 3917 quam,
1182 3843 1350 3915 repugnando
1364 3845 1381 3886 ²¹
1449 3885 1451 3891 ,

355 3926 450 3980 civium
469 3932 598 3999 sanguine
618 3932 774 3997 fundendo,
793 3948 890 3989 statum
910 3936 937 3987 in
959 3936 1043 4006 patria
1066 3934 1210 3986 retinere.‘'
1227 3926 1379 4002 Wyttenb·

425 4018 491 4085 quid
508 4019 576 4069 enim
595 4038 642 4089 ego
661 4020 793 4089 laboravi]
828 4028 888 4095 Ego
912 4026 986 4078 abest
1005 4024 1038 4076 ab
1059 4021 1109 4075 01.
1130 4020 1192 4073 Lei
1211 4020 1328 4073 GurLA.
1359 4017 1379 4065 ¹¹¹
1444 4034 1455 4071 'i

355 4102 455 4154 cst-1·
482 4115 520 4155 0⁸2
543 4106 710 4162 elaboravi,
737 4109 764 4159 in
791 4109 861 4163 Gud.
883 4112 912 4163 B.
942 4112 1042 4163 [abavi.
1079 4108 1141 4160 Mox
1167 4112 1225 4160 Cre.
1246 4112 1270 4161 1.
1298 4115 1340 4157 uu!
1359 4101 1379 4147 ‘t‘

354 4210 406 4258 ipro
433 4192 705 4262 laboraverunt,
737 4217 796 4249 cum
824 4201 873 4252 01.
895 4202 944 4264 U.;
974 4201 1052 4253 Drsd.
1073 4203 1096 4255 1.
1127 4198 1282 4251 elaborat
1309 4203 1378 4244 curat,
