3517 5450
742 711 946 760 rnoonmmr.
1309 682 1360 756 13

334 896 337 927 t
359 873 466 928 incultu
492 872 625 945 quaedum
649 882 676 923 et
701 871 830 933 lrorrr'd05
858 890 909 944 pro
928 872 994 928 Sest.
1014 875 1062 925 1⁰2
1086 873 1151 944 puio
1175 872 1362 927 subhorridum

334 975 393 1037 tque
409 961 545 1014 incultum
563 959 706 1019 videbun&
738 959 813 1014 Brut.
832 965 867 1015 61
874 981 880 1013 :
909 978 962 1014 nou
981 961 1059 1014 vuldo
1078 963 1183 1021 nitens,
1208 981 1260 1015 non
1280 962 1363 1032 plone

334 1051 417 1105 orrida
437 1048 535 1101 oratio.
552 1076 587 1088 —
616 1046 799 1118 scriptionem
823 1048 909 1101 nictit
929 1048 1079 1121 pronihil,
1104 1067 1173 1122 quae
1191 1049 1275 1103 estin
1294 1048 1362 1104 cot.

334 1156 368 1192 ra.
379 1141 415 1203 1.,
435 1154 493 1189 non
511 1134 581 1188 ultra
600 1134 775 1189 enotabimus.
811 1132 898 1191 codd.
916 1134 975 1190 Cre.
994 1139 1020 1191 3.
1038 1135 1118 1191 Drod.
1131 1140 1156 1191 t.
1176 1140 1201 1193 8.
1220 1143 1246 1194 5.
1264 1138 1364 1193 habent

334 1226 378 1278 itii
394 1234 436 1278 est
456 1235 515 1276 tum
532 1224 604 1276 ltotr.
639 1223 732 1295 Pergit
756 1221 824 1277 Coo.
849 1221 957 1278 Suerin.
977 1221 1072 1277 nituit
1093 1225 1239 1291 incultum,
1264 1226 1363 1280 omisso

334 1333 380 1365 rm:
410 1322 557 1383 utramque
580 1328 673 1364 vocem
696 1310 794 1364 omittit
818 1309 1007 1376 Cod.01.n‚·
1036 1312 1064 1366 in
1083 1308 1134 1366 01.
1154 1332 1206 1386 pro
1225 1315 1363 1368 horridum

334 1401 453 1473 tglossa
474 1400 581 1452 dorum.
617 1397 697 1451 Drsd.
713 1401 738 1452 4.
757 1399 855 1452 omittit
873 1400 1010 1461 oratione,·
1033 1397 1091 1453 Cra.
1105 1403 1131 1454 1.
1149 1419 1206 1454 non
1224 1400 1305 1456 habet
1320 1421 1362 1456 se-

335 1508 395 1543 usus
412 1498 459 1548 et‚·
490 1486 548 1540 eius
566 1486 627 1540 loco
645 1485 745 1543 Grai.
772 1486 875 1541 exhibet
894 1488 993 1548 etium3
1021 1487 1089 1542 Cod.
1108 1486 1216 1544 Suerin.
1236 1499 1293 1542 ton
1311 1508 1362 1562 pro

334 1596 464 1651 tanquam,
492 1596 521 1629 ex
545 1593 688 1648 perperam
714 1574 786 1629 lecto
812 1567 984 1647 compendio.
1020 1576 1075 1630 Pro
1099 1576 1267 1646 splendescet
1293 1597 1362 1634 unus

334 1665 376 1720 'od.
394 1663 511 1717 Mauutii
533 1662 672 1715 exhibebat
689 1662 907 1732 exsplendescot,
924 1682 977 1736 pro
996 1665 1138 1718 excolatur
1155 1661 1206 1719 Os.
1226 1683 1257 1730 ψ.
1275 1669 1362 1720 extol-

334 1763 394 1811 rtur.
430 1755 462 1807 ln
487 1750 556 1805 cod.
573 1750 645 1804 Gud.
665 1748 699 1805 Α.
723 1750 750 1803 iu
770 1751 954 1821 superioribus
972 1763 1011 1806 est
1027 1771 1080 1805 non
1099 1753 1180 1823 siut
1205 1755 1362 1820 dicendo,

334 1839 378 1894 lem
397 1859 462 1895 eum
479 1838 541 1892 Cra.
558 1841 583 1892 1.
602 1838 700 1892 omittit
718 1848 745 1889 et
761 1849 823 1892 ante
841 1848 982 1911 tanquam.
1017 1839 1076 1894 ΜΓ.

380 1935 447 1984 Cum
464 1931 519 1981 ita
535 1927 673 1999 putarem]
693 1929 741 1978 Ito
759 1920 834 1980 abest
851 1945 866 1980 a
885 1926 990 1981 duobus
1004 1925 1108 1984 Manut.
1125 1930 1153 1982 in
1174 1949 1291 2003 quorum
1307 1950 1363 1989 uno

334 2020 427 2074 iditum
447 2029 495 2072 est.

368 2108 444 2162 ‘Feci
461 2107 545 2159 etiom
563 2103 711 2169 audacius,
737 2122 819 2177 quom
837 2104 978 2174 itio-ipse]
1006 2097 1074 2159 cot.
1093 2105 1209 2160 Drsd.4
1234 2127 1285 2178 pro
1303 2109 1364 2180 jeci

334 2198 388 2252 ahot
399 2195 484 2266 fieri5
508 2193 581 2247 idem
600 2193 699 2247 omittit
714 2186 877 2246 etium'cum
897 2191 956 2245 Cra.
975 2196 999 2246 1.
1023 2192 1103 2248 Drsd.
1121 2197 1147 2249 5.
1171 2193 1221 2250 Ox.
1239 2214 1284 2264 un,
1308 2198 1364 2251 eius

334 2302 371 2340 oco
389 2284 439 2339 Οι.
458 2283 490 2338 E.
508 2281 589 2335 habet
605 2283 689 2346 enim,
707 2281 802 2336 Duisb.
821 2292 857 2335 et.
893 2270 929 2336 111
944 2280 1004 2336 Cra.
1025 2286 1051 2337 2.
1072 2283 1201 2354 scriptum
1220 2294 1258 2338 est
1274 2286 1364 2337 oodo-

336 2375 378 2430 ius.
421 2371 508 2426 Codd.
528 2369 609 2423 Drsd.
633 2373 659 2422 1.
684 2375 708 2423 2.
738 2362 915 2441 qu'amipse,
943 2359 1041 2424 omisso
1068 2370 1132 2432 illes
1163 2370 1232 2426 Cod.
1248 2371 1362 2427 'Suerim

334 2480 390 2514 urm
409 2461 500 2534 quod
512 2459 577 2529 ipae,
595 2457 689 2511 Duisb.
709 2457 741 2507 rie
760 2476 812 2528 qno
826 2458 1009 2530 loquimur.
1046 2447 1131 2527 Quod
1148 2460 1269 2532 sequitur
1288 2466 1363 2526 Coto,

334 2569 373 2605 um
390 2549 418 2603 in
438 2547 498 2602 Cra.
516 2549 542 2604 1.
561 2557 587 2600 et
606 2551 630 2598 2.
648 2563 754 2616 semper
771 2547 905 2600 scribatur
917 2547 1011 2611 corto,
1028 2566 1084 2600 non
1098 2547 1168 2601 ultra
1185 2547 1363 2602 monebimus.

334 2640 366 2693 'ro
386 2639 455 2691 enim
479 2646 518 2689 est
543 2642 635 2686 autom
660 2633 688 2686 in
714 2632 765 2687 Or.
783 2633 816 2686 N.
836 2643 863 2686 et
880 2634 961 2688 Drsd.
978 2640 1005 2689 4.
1041 2634 1198 2689 Proximum
1217 2637 1249 2688 do
1266 2636 1364 2690 omittit

334 2723 370 2782 im.
388 2732 414 2782 2.
448 2724 508 2781 Mr.

382 2820 424 2869 De
437 2813 613 2878 continentia,
632 2812 664 2863 do
677 2814 771 2880 morto]
791 2811 932 2879 „Britanni
948 2812 1058 2887 quidam
1072 2812 1230 2884 (walterus
1242 2824 1268 2869 et
1281 2814 1364 2868 Bent-

334 2902 389 2974 tos)
420 2902 563 2974 corrigunt
597 2901 628 2951 de
654 2902 843 2954 contemnendo
870 2914 979 2957 morte·
1005 2921 1067 2956 nam
1093 2901 1225 2957 Catonem
1249 2922 1306 2958 non
1330 2903 1364 2958 de

334 3003 411 3061 rorte,
430 2992 477 3047 sed
496 2992 531 3045 de
549 2989 606 3043 eius
624 2998 762 3044 contemtu
783 2989 957 3062 disputasse.⁴‘
979 2990 1055 3044 Ern.
1146 2999 1148 3004 '

381 3086 441 3148 „De
457 3081 640 3144 continentia,
670 3080 701 3129 da
719 3088 811 3133 morte.
854 3077 999 3132 Waikerus
1025 3078 1170 3151 legendum
1197 3078 1306 3134 coniicit
1333 3079 1364 3130 de

334 3168 564 3223 eonsemnenoa
588 3176 686 3231 morto,
703 3164 794 3238 'idque
819 3166 916 3238 probat
932 3165 1005 3221 Tho.
1024 3165 1169 3220 Bentleius.
1211 3165 1272 3220 Non
1291 3165 1364 3219 enim

334 3255 446 3312 emente
465 3257 537 3328 ipsa,
562 3254 607 3307 sed
626 3253 660 3307 de
679 3242 879 3327 contemptione
899 3255 993 3308 mortis
1011 3254 1156 3309 disserebat
1173 3251 1270 3309 Cato.“
1287 3254 1365 3325 ,Lat-

338 3362 504 3400 emannus.
547 3341 625 3395 Unus
643 3340 748 3395 Manut.
768 3343 800 3393 de
819 3343 987 3407 constantio,
1014 3341 1045 3393 de
1063 3352 1155 3395 morte.
1190 3343 1227 3397 As
1244 3343 1287 3413 (ut
1305 3362 1365 3397 vere

334 3444 402 3489 nonet
419 3430 539 3500 Gernh.)
562 3431 596 3483 de
619 3429 789 3484 continentia·
809 3428 994 3499 disputabant,
1019 3447 1055 3481 ne
1073 3439 1186 3500 propter
1202 3429 1365 3500 voluptatem

334 3532 361 3577 ut
377 3522 519 3577 utilitatem
537 3520 634 3574 iustitia
648 3529 675 3573 et
689 3516 818 3571 modestia
833 3515 1045 3587 relinqueretur:
1064 3516 1203 3582 demone,
1222 3534 1290 3588 quae
1307 3533 1364 3569 non

334 3621 379 3666 net
394 3609 556 3675 metuenda,
585 3619 611 3662 et
630 3606 751 3662 similiter
769 3605 802 3658 de
820 3604 940 3677 reliquis.
976 3603 1023 3659 Est
1043 3605 1122 3658 etiam
1142 3605 1296 3658 constantio
1313 3623 1365 3677 pro
1402 3614 1405 3617 '

334 3701 478 3753 rontinentia
502 3699 531 3751 in
553 3696 621 3751 Cod.
640 3696 747 3749 Suerin.
767 3704 793 3749 et
810 3694 839 3748 in
857 3713 913 3748 rar.
930 3692 993 3748 ieet.
1011 3693 1044 3747 ad
1063 3693 1164 3748 calcem
1181 3692 1232 3747 ut.
1250 3693 1281 3746 P.
1304 3693 1366 3747 Ma-

334 3787 395 3855 tuoii.
431 3786 502 3841 cot.
521 3784 580 3841 Crn.
599 3790 625 3839 1.
643 3784 724 3837 habet
736 3783 912 3835 continencia.
948 3782 979 3834 ln
998 3780 1059 3835 Cra.
1074 3777 1170 3854 tepeo
1188 3782 1221 3833 de
1238 3782 1309 3834 omni
1327 3791 1366 3835 eat

334 3876 514 3947 conpendium,
534 3872 606 3946 quod
627 3871 778 3943 significare
795 3870 900 3924 videtur
918 3870 1033 3925 domini·
1061 3869 1104 3923 Ad
1116 3889 1140 3924 v.
1153 3870 1185 3922 de
1200 3871 1271 3923 omni
1285 3870 1366 3922 laude

334 3960 425 4017 nouus
437 3964 527 4035 Wytt
545 3964 573 4015 in
592 3960 689 4016 scholis
707 3959 785 4013 haec:
804 3960 944 4028 „Virtutes
961 3957 1068 4012 Platoni
1086 3968 1112 4013 et
1125 3955 1222 4012 Stoicis
1240 3969 1367 4031 quattuor

334 4048 474 4105 universales
492 4049 622 4105 celebrari
641 4047 743 4113 solent,
763 4066 777 4099 e
798 4046 910 4119 quibus,
929 4056 1058 4118 tanquam
1077 4044 1229 4117 generibus,
1247 4046 1366 4119 reliquae

335 4131 420 4192 virtutes
437 4146 660 4209 consequuntur,
676 4135 839 4205 prudentia,
857 4134 1053 4205 temperantia,
1065 4134 1226 4206 fortitudo,
1247 4135 1366 4189 iustitio.

336 4219 375 4276 11111
390 4236 546 4298 argumenta
562 4223 587 4279 h.
599 4223 617 4281 t.
638 4232 795 4288 memorata,
809 4220 890 4275 veluti
907 4221 1067 4293 magnitudo
1086 4221 1178 4288 animi,
1197 4230 1366 4292 contemptus

338 4314 415 4380 nonis,
433 4315 571 4386 pertinent
587 4312 620 4366 ad
642 4310 835 4375 fortitudinem,
854 4309 1019 4363 continentia
1038 4319 1076 4363 est
1091 4328 1152 4381 pars
1166 4307 1366 4378 temperantiae,

340 4396 406 4455 officia
423 4422 485 4475 erga
503 4402 569 4455 deos
585 4401 751 4455 immortales
767 4410 793 4454 et
812 4398 924 4472 patriam
944 4398 1061 4452 subiecta
1080 4407 1143 4451 sunt
1160 4395 1282 4449 iustitiae.
1323 4394 1366 4448 De

341 4479 366 4537 bis
385 4492 502 4546 omnibus
521 4489 589 4545 Cato
614 4490 703 4545 dicere
729 4488 795 4545 solet
819 4485 927 4555 Stoice,
954 4486 972 4540 i.
992 4506 1015 4540 e.
1042 4482 1190 4539 secundum
1215 4481 1365 4536 doctrinam
