3517 5450
631 739 652 784 l.
707 738 844 789 coricus
873 739 959 787 tttttu
987 739 1123 789 SClthl'l.
1372 743 1405 789 xt

356 917 430 970 quum
452 898 589 970 legissem,
615 897 667 950 adii
688 917 736 969 per
762 897 901 969 epistolam
929 897 1102 953 Fredericum
1122 896 1282 965 Osannum‚
1311 902 1345 954 V.
1364 899 1406 954 Cl.

355 986 534 1040 Pmlessorem
546 985 707 1051 Gissensem‚
726 986 753 1039 in
773 985 848 1041 cuius
867 985 988 1042 notitiam
1001 985 1065 1040 mibi
1085 987 1174 1041 venire
1185 986 1296 1057 contigit
1307 987 1407 1041 Manu-

355 1074 427 1128 bemii
446 1094 470 1127 a.
489 1077 572 1128 18311.
599 1073 627 1128 iu
645 1073 850 1146 Philologorum
875 1085 1025 1140 conventu,
1056 1092 1141 1144 quum
1165 1073 1252 1144 ipsum
1277 1071 1406 1128 Ottonem

355 1162 470 1214 nondum
492 1180 616 1228 nossem,
647 1172 675 1214 ut
698 1162 763 1215 meis
788 1162 873 1216 verbis
893 1161 965 1215 bunc
992 1161 1076 1212 virum
1106 1173 1228 1233 rogaret,
1258 1163 1331 1233 quod
1357 1181 1407 1234 ego

355 1247 402 1318 ipse
423 1267 524 1319 rogare
544 1267 599 1301 uon
618 1247 753 1302 auderem.
790 1245 815 1301 ls
833 1268 895 1302 vero
913 1247 1115 1320 perhumaniter
1125 1248 1218 1302 litteris
1229 1248 1262 1302 ad
1281 1269 1324 1302 me
1342 1251 1408 1305 datis

356 1353 438 1388 mense
457 1334 527 1390 lulio
546 1355 570 1390 a.
589 1339 668 1390 1813.
687 1334 831 1390 transmisit
849 1335 907 1388 illas
925 1334 1056 1391 Codicum
1075 1335 1267 1392 Dresdeusium
1285 1338 1408 1393 collatio·

356 1443 394 1477 nes
417 1425 648 1492 accuratissimus,
677 1425 762 1497 iisque
787 1424 889 1479 addidit
914 1425 995 1480 baec:
1024 1424 1175 1481 Contulisse
1202 1447 1250 1484 eos
1275 1429 1406 1492 iuvenem,

356 1513 440 1566 litteris
459 1513 558 1567 nostris
576 1524 747 1584 praematura
766 1525 853 1567 morte
870 1525 1010 1585 ereptum,
1037 1514 1155 1569 amicum
1179 1515 1230 1570 sibi
1247 1527 1274 1571 et
1290 1515 1407 1569 familia-

356 1620 420 1668 rem,
441 1600 565 1654 doctriua
585 1600 776 1673 diligentiaque
800 1601 949 1673 insignem,
968 1602 1231 1657 Ferdinandum
1250 1602 1405 1659 Schmid-

357 1687 447 1753 tium‚
466 1687 662 1742 Soravienscm.
699 1688 768 1743 Eum
783 1700 936 1744 nostrarum
949 1689 1097 1745 litterarum
1116 1710 1208 1746 amore
1218 1691 1338 1759 ductum,
1357 1713 1407 1764 per

357 1775 478 1829 leriarum
498 1776 585 1829 otium
604 1777 724 1833 Dresdee
742 1790 972 1846 commorantem,
998 1778 1142 1835 contulisse
1167 1800 1214 1835 eos
1230 1779 1328 1846 libros,
1358 1800 1404 1832 ro·

357 1875 438 1934 gatum
459 1883 474 1916 a
494 1883 538 1931 se,
559 1864 605 1936 qui
625 1877 745 1920 nostrum
765 1866 868 1924 huncce
884 1867 1006 1921 libellum
1017 1867 1121 1922 dudum
1139 1868 1279 1923 indeliciis
1297 1867 1405 1922 babuis-

358 1963 394 2005 set.
430 1951 489 2006 Sibi
508 1963 598 2006 autem
618 1972 647 2007 ex
670 1953 709 2007 bis
727 1955 848 2027 quinque
867 1954 1013 2009 Codicibus
1027 1956 1145 2026 primurn
1162 1966 1188 2008 et
1206 1956 1330 2026 quintum
1340 1975 1404 2026 prae

358 2042 443 2094 ceteris
462 2041 545 2094 videri
564 2042 759 2098 memorabiles.
797 2043 878 2111 Quod
899 2042 964 2095 mibi
986 2062 1096 2115 quoque
1114 2042 1150 2096 ita
1170 2042 1253 2095 visum
1272 2052 1318 2095 est.
1354 2041 1405 2094 Se-

359 2127 452 2181 cundus
470 2139 561 2181 autent
580 2140 607 2182 et
625 2140 735 2200 quartus
753 2130 788 2184 ita
808 2141 870 2184 sunt
889 2129 987 2183 similes
1005 2130 1076 2184 iuter
1093 2149 1130 2196 sc,
1150 2140 1188 2196 ut,
1210 2129 1330 2202 quamvis
1347 2147 1403 2182 nou

358 2216 380 2272 in
401 2219 528 2271 omnibus
555 2219 729 2284 conveniant,
767 2219 887 2282 eiusdem
914 2230 1004 2272 tamen
1030 2218 1147 2272 familiae
1175 2238 1231 2273 esse
1260 2217 1405 2271 rideantur.

358 2305 553 2361 rlccuratiorem
571 2317 661 2360 autem
680 2326 774 2361 eorum
792 2307 925 2361 librorum
940 2307 1061 2362 notitiam
1073 2307 1195 2361 exhibere
1209 2327 1264 2360 ncn
1283 2326 1403 2379 possumr

329 2407 334 2416 '
358 2413 436 2467 neque
454 2395 525 2462 scio,
550 2406 641 2449 utrum
670 2395 868 2449 membranacei
886 2395 954 2461 sint,
990 2415 1029 2448 an
1050 2395 1184 2449 chartacei
1211 2394 1288 2461 libri,
1317 2414 1404 2467 neque

358 2492 460 2536 aetatem
479 2482 555 2548 novi,
575 2502 629 2554 qua
653 2483 745 2555 scripti
765 2494 835 2536 sunt.
881 2481 936 2535 Sed
954 2494 1014 2537 utut
1039 2495 1091 2549 est,
1121 2502 1252 2536 summam
1276 2484 1333 2537 viro
1352 2483 1403 2537 bu·

358 2570 503 2625 inanissimo
522 2571 635 2642 gratiam
653 2571 740 2625 debeo
758 2570 940 2642 babeoque').
1136 2549 1146 2569 ’

418 2660 528 2712 Primus
545 2658 625 2714 babet
641 2660 669 2712 in
687 2660 777 2714 frome
796 2677 940 2713 numerum
960 2660 1074 2724 12⁰.d.‚
1092 2658 1293 2731 inscriptionem
1313 2670 1402 2712 autem

358 2746 431 2802 banc:
456 2752 498 2802 M.
527 2752 559 2805 T.
585 2749 716 2802 Ciceronis
742 2748 809 2802 liber
830 2748 1032 2818 paradoxorum
1056 2748 1160 2817 incipit.
1205 2748 1349 2819 Prologus.
1368 2776 1402 2787 -

359 2834 467 2892 Graecae
487 2836 690 2891 Paradororum
709 2837 897 2910 inscriptiones
915 2836 1018 2891 desunt.
1055 2837 1085 2890 ln
1104 2836 1157 2889 sine
1175 2836 1287 2907 legitur:
1305 2836 1405 2905 Expli-

358 2925 424 2976 riunt
441 2925 595 2995 paradoxa.

419 3014 557 3066 Secundam
583 3012 662 3068 babet
687 3032 831 3068 numerum
852 3016 914 3067 too.
934 3032 960 3084 g.
997 3012 1168 3067 inscribitur:
1197 3017 1235 3066 M.
1257 3014 1341 3065 Tullii
1360 3014 1403 3065 Ci-

356 3102 448 3155 reronis
467 3103 498 3153 de
516 3102 680 3156 Paradoxis.
723 3102 828 3155 Desunt
854 3100 917 3155 item
943 3101 1131 3172 inscriptiones
1148 3101 1281 3154 Graecae:
1309 3099 1402 3154 Latina

356 3190 426 3242 etiam
443 3191 575 3244 Paradori
601 3190 670 3244 tertii
697 3202 722 3244 et
746 3191 817 3245 serti.
864 3190 894 3244 ln
921 3189 974 3244 fine
1001 3201 1052 3245 est:
1079 3191 1133 3243 Hic
1151 3191 1237 3259 finem
1258 3189 1402 3259 paradoxa

356 3279 498 3332 Stoicorum
516 3278 626 3331 liabent.

421 3367 531 3420 Tertius
549 3385 693 3420 numerum
713 3366 793 3420 babet
811 3370 872 3421 118.
893 3386 915 3421 c.
958 3365 1066 3437 Incipit:
1096 3370 1135 3417 M.
1156 3370 1187 3420 Τ.
1207 3366 1338 3417 Ciceronis
1364 3364 1403 3414 ad

354 3456 464 3507 Brutum
481 3455 632 3525 poradoea
661 3455 720 3523 [sic]
747 3456 890 3523 incipiunt.
934 3452 1053 3507 Graecae
1080 3452 1265 3523 inscriptiones
1293 3453 1404 3506 desunt:

353 3536 438 3595 latina
455 3540 520 3595 item
538 3542 669 3596 Paradori
690 3542 767 3596 tertii.
805 3541 835 3595 lu
853 3541 920 3597 siner
942 3546 982 3598 M.
1003 3546 1034 3596 Τ.
1050 3544 1078 3597 0.
1097 3540 1253 3594 Paradosn
1273 3541 1311 3591 od
1328 3545 1403 3593 Bru·

354 3637 405 3681 lum
419 3630 544 3699 feliciter
561 3630 719 3699 expliciunt.
1264 3626 1270 3634 ’

414 3717 518 3786 Quarti
535 3736 665 3772 numerus
683 3730 721 3772 est
740 3723 801 3775 tto.
820 3721 846 3773 d.
885 3719 1031 3792 lnscriptus
1049 3730 1102 3773 est:
1131 3722 1171 3772 M.
1195 3719 1278 3770 Tullii
1298 3718 1402 3771 Cicero·

352 3806 388 3860 nit
412 3806 452 3857 od
475 3808 516 3859 M.
541 3810 662 3858 Brutum
686 3806 793 3861 libellus
820 3810 1042 3877 paradoxnrum
1068 3807 1130 3875 [sic]
1149 3806 1274 3877 feliciter
1297 3806 1403 3875 incipit.

352 3889 464 3949 Graecae
482 3893 670 3964 inscriptiones
689 3894 797 3949 desunt:
817 3895 909 3950 Latina
925 3897 989 3950 item
1008 3907 1034 3949 et
1053 3894 1157 3948 Graeca
1176 3892 1302 3965 paradoxi
1324 3892 1402 3947 tertii.

352 3978 376 4031 ln
394 3979 447 4038 fine
465 3985 596 4052 scriptum
616 3993 668 4036 ests
689 3988 729 4037 M.
749 3986 880 4037 Ciceronis
896 3985 1041 4053 paradoxa
1061 3967 1219 4051 expliciunt.
1256 3982 1352 4033 Amen.

415 4070 518 4139 Quinto
536 4068 685 4140 adscriptus
702 4082 741 4125 est
762 4092 891 4127 numerus
910 4076 970 4126 121.
990 4072 1015 4125 d.
1064 4069 1254 4142 lnscriptiones
1282 4069 1401 4123 Graecae

353 4198 554 4216 Ὧ--ῌ

415 4297 440 4367 ⁸)
457 4296 541 4366 Quod
560 4298 581 4351 si
601 4311 662 4353 sunt
681 4299 706 4352 bi
727 4299 813 4353 Codd.
834 4302 1011 4366 Dresdenses,
1041 4312 1069 4355 ut
1087 4322 1115 4353 ex
1136 4299 1253 4354 numeris
1274 4293 1401 4365 suspicari

352 4364 420 4433 licet,
446 4387 513 4440 quos
532 4368 652 4423 adhibuit
670 4370 755 4426 Otto
782 4372 809 4425 in
830 4373 935 4425 edendo
963 4373 1067 4427 Catone
1093 4374 1193 4425 maiore
1211 4366 1335 4437 (1838),
1354 4365 1402 4418 ha·

352 4436 392 4490 bes
408 4458 453 4493 eos
469 4440 618 4513 descriptos
635 4441 757 4513 (excepto
777 4464 825 4510 eo,
846 4446 892 4516 qui
912 4445 991 4500 babet
1010 4444 1042 4497 N.
1064 4447 1140 4512 118.)
1159 4443 1185 4493 in
1206 4441 1262 4492 elus
1280 4437 1403 4491 edlll⁰¹¹l⁵

354 4510 508 4577 praelatione
528 4533 554 4583 p.
572 4512 683 4566 xxvttt
701 4535 741 4585 sq.
