3517 5450
452 714 527 790 280
778 738 953 787 ramnoxa
987 737 1180 786 srorcoxuu.

453 901 483 954 ld
501 903 573 956 enim
592 902 695 973 exigere
714 899 816 954 videtur
835 899 952 954 formula
971 901 1033 954 ista:
1059 911 1092 952 ut
1110 901 1198 954 niuno
1241 899 1390 953 Gruterus:
1421 903 1455 952 Et
1470 902 1497 961 si,

453 1000 486 1044 ut
505 991 584 1042 aiunt
601 990 710 1055 Danai,
734 989 936 1061 quinquaginta
954 989 1010 1040 sint
1027 988 1117 1056 filiae.
1152 987 1313 1041 Lambinus:
1343 991 1383 1038 Et
1408 989 1448 1051 si,
1470 997 1497 1038 ut

453 1078 548 1144 dunt,
565 1078 660 1130 Donni
666 1116 674 1141 ,
692 1077 893 1148 quinquaginta
911 1086 977 1128 sunt
989 1076 1070 1145 filiae
1089 1076 1168 1144 [baec
1185 1087 1222 1130 est
1242 1076 1323 1131 lectio
1334 1074 1405 1127 Edd.
1422 1074 1498 1126 Pseu·

453 1164 751 1217 do-bambinianarum
770 1175 796 1217 et
816 1162 919 1232 Gotb.].
956 1162 1055 1233 Aperta
1074 1175 1114 1218 est
1129 1165 1273 1218 sententia:
1301 1165 1332 1216 Si
1356 1162 1497 1232 cuiuspiam

452 1251 566 1305 hominis
585 1253 786 1324 quinquaginta
804 1252 859 1303 sint
877 1249 931 1321 (rel
950 1256 1027 1312 sunt)
1040 1252 1138 1321 filiae,
1156 1263 1189 1305 ut
1206 1253 1296 1316 aiunt,
1315 1263 1341 1305 et
1360 1250 1497 1302 memoriae

452 1341 588 1412 proditum
608 1347 662 1406 est,
682 1339 748 1392 [ilias
766 1341 860 1392 Danai
878 1339 960 1393 fuisse
974 1340 1178 1412 quinquaginta.
1214 1339 1361 1393 Hominem
1377 1339 1429 1391 vidi
1444 1358 1497 1391 eru-

452 1429 552 1495 ditum,
572 1430 619 1500 qui
638 1448 665 1481 se
684 1439 806 1481 narraret
823 1428 850 1481 in
872 1440 988 1482 veterem
1007 1429 1131 1482 incidisse
1148 1428 1248 1482 librum
1269 1447 1355 1481 manu
1374 1438 1498 1480 exaratum

452 1517 561 1588 antiqua
581 1527 606 1568 et
623 1516 710 1580 bona,
729 1516 801 1569 unde
819 1517 920 1569 abesset
939 1519 1049 1570 verbum
1067 1517 1165 1569 munt:
1198 1537 1253 1590 quo
1278 1517 1391 1590 quidem
1416 1535 1497 1570 carere

452 1603 580 1659 sententia
599 1603 656 1656 sine
669 1601 829 1657 detrimento
849 1608 962 1676 potest.“
977 1605 1026 1660 Fr.
1042 1604 1180 1659 Odinus
1197 1605 1282 1676 (apud
1302 1604 1496 1673 Olivetuml-
1536 1603 1538 1606 ’

452 1692 562 1762 Legitur
579 1702 612 1742 ut
630 1693 710 1743 aiunt
728 1693 845 1746 Danai
864 1692 1006 1761 [nimirum
1022 1693 1075 1746 rel:
1094 1697 1140 1760 (ut
1159 1694 1252 1760 aiunt)
1268 1693 1381 1758 Donni,
1400 1691 1439 1745 vel
1458 1695 1496 1755 (ut

452 1782 532 1830 aiunt
549 1779 672 1845 Danai),
690 1778 733 1849 rel
751 1789 783 1831 ut
802 1781 896 1847 aiunt,
914 1783 1034 1849 Donoi‚]
1060 1782 1088 1834 in
1116 1780 1184 1834 Edd.
1203 1791 1262 1835 vett.
1288 1780 1347 1836 fere
1373 1780 1496 1845 omnibus,

452 1869 569 1939 itemque
588 1868 616 1920 in
636 1865 722 1920 Codd.
740 1866 883 1939 plerisque.
920 1868 973 1922 Sed
993 1874 1093 1922 Danao
1110 1868 1210 1922 babent
1227 1868 1314 1922 Codd.
1327 1869 1425 1923 Duisb.
1437 1867 1496 1920 Sue·

452 1956 503 2009 rin.
520 1955 569 2010 Ox.
587 1955 617 2009 E.
635 1956 702 2010 Edd.
721 1957 783 2009 Asc.
802 1959 880 2010 1511.
900 1955 997 2009 Colon.
1017 1959 1109 2029 [quam
1128 1956 1181 2011 boc
1208 1973 1264 2011 uno
1290 1957 1354 2011 loco
1380 1956 1495 2010 aLamb.

452 2048 532 2100 1566.
548 2044 683 2099 discedere
702 2044 826 2112 vidimus]
845 2043 911 2097 Ern.
931 2055 957 2098 et
973 2064 1033 2116 sqq.
1069 2044 1104 2099 Et
1122 2044 1228 2099 Ernesti
1254 2044 1366 2116 quidem
1385 2044 1451 2097 lraec
1466 2054 1495 2096 est

451 2133 602 2187 annotatio:
626 2136 758 2199 „Dauom
778 2151 814 2186 sc.
833 2132 921 2185 luisse.
960 2131 1050 2202 Vulgo
1069 2143 1107 2186 est
1124 2133 1229 2188 Donni.
1247 2143 1275 2186 at
1293 2132 1321 2184 id
1341 2133 1441 2186 durum
1458 2141 1494 2195 est,

451 2240 609 2293 semperque
628 2220 727 2292 putavi,
745 2224 844 2272 Dauno
862 2240 918 2274 esse
935 2220 1088 2291 legendum.
1102 2221 1163 2293 quia
1182 2221 1221 2275 sic
1239 2219 1320 2274 babet
1332 2219 1391 2273 MS.
1402 2219 1494 2281 nutu..

451 2310 548 2380 recepi.
585 2309 631 2362 Est
649 2310 729 2362 etiam
747 2309 785 2363 sic
802 2308 830 2361 in
849 2308 899 2361 Ed.
918 2309 990 2363 Med.
1014 2310 1203 2364 ven.1471.“
1223 2340 1257 2349 —
1294 2307 1347 2361 Tb.
1372 2307 1494 2362 Bentleius

451 2396 515 2468 legit
532 2407 558 2451 et
569 2396 718 2468 distinguit:
739 2399 769 2450 A
776 2407 789 2448 t
807 2398 832 2449 si
847 2399 905 2449 cui
922 2408 955 2450 ut
973 2398 1053 2450 aiunt
1074 2401 1208 2461 Danao,
1228 2397 1493 2468 quinquaginerio

446 2485 536 2554 filine.
572 2484 633 2538 Non
653 2484 735 2538 male:
761 2486 807 2539 sed
826 2486 924 2540 sufficit
940 2485 1019 2541 lectio
1038 2507 1053 2540 e
1070 2485 1145 2539 libris
1162 2485 1267 2551 bausta,
1287 2504 1454 2558 quamquam
1470 2496 1492 2536 ot

452 2582 489 2626 est
501 2573 528 2626 in
548 2571 608 2626 Exc.
622 2572 690 2644 Eyb.
708 2573 769 2626 Mr.
802 2574 909 2640 „Danau
927 2573 997 2627 filiae
1015 2574 1087 2646 apud
1106 2575 1207 2628 inferos
1220 2593 1282 2628 cum
1301 2574 1492 2646 inexplebilibus

450 2659 638 2732 cupiditatibus
662 2672 862 2734 comparantur.
913 2663 976 2718 Vid.
1001 2663 1194 2717 animadversio
1222 2674 1312 2717 nostra
1339 2663 1374 2716 ad
1401 2663 1493 2718 Plutar-

452 2749 530 2803 chum
549 2751 582 2804 de
600 2750 665 2804 Sera
684 2752 764 2804 Num.
787 2751 867 2805 vind.
886 2771 913 2823 p.
931 2754 992 2805 12¹.
1013 2752 1073 2820 [Ed.
1089 2751 1175 2824 bugd.
1191 2752 1283 2819 Bat.]“
1320 2753 1430 2823 Wytt.

521 2840 722 2913 quinquaginta
750 2841 827 2892 sint
845 2841 953 2909 filiae‚]
987 2839 1038 2894 Or.
1063 2851 1130 2903 sunt
1154 2840 1271 2895 enotavit
1295 2859 1326 2893 ex
1352 2839 1422 2895 Cod.
1449 2840 1494 2893 llas

452 2929 519 2982 Edd.
538 2929 661 2982 Lambini
679 2939 706 2982 et
722 2927 807 2982 Sullr.
824 2929 912 2991 Petri;
936 2947 988 2991 noa¹
1008 2928 1079 2982 idem
1097 2930 1248 3001 reperimus
1271 2929 1300 2981 in
1322 2930 1412 2983 Codd.
1430 2928 1494 2982 Suer.

452 3017 510 3071 Cra.
529 3020 555 3071 1.
573 3016 674 3087 (addita
694 3035 757 3070 voce
775 3017 872 3084 atton)
892 3018 971 3071 Drsd.
990 3021 1015 3070 1.
1034 3022 1059 3071 2.
1080 3022 1105 3071 3.
1123 3022 1149 3072 5.
1166 3028 1192 3071 et
1209 3017 1278 3070 Edd.
1298 3018 1394 3089 viginti
1413 3015 1493 3071 reteri-

451 3107 509 3159 bus.
554 3103 763 3158 Coniunctivum
788 3105 887 3159 babent
912 3105 980 3158 Edd.
1003 3104 1083 3160 Hdlb.
1109 3104 1206 3161 Goion.
1233 3105 1294 3159 Atd.
1320 3108 1403 3161 1511.
1429 3108 1493 3159 1511.

451 3192 529 3245 Boul.
550 3190 612 3246 Car.
637 3191 729 3264 steph.
756 3191 856 3268 Sturm.
880 3192 957 3264 Sylb.
984 3193 1063 3247 Grut.
1086 3205 1113 3247 et
1130 3213 1204 3266 seqq.
1249 3192 1304 3246 Sed
1329 3194 1437 3247 inverso
1459 3211 1494 3245 or-

452 3282 514 3335 dine
533 3283 617 3336 estin
636 3281 716 3334 Drsd.
736 3286 761 3336 4.
775 3282 856 3350 filiae
874 3293 949 3335 aunt.
969 3310 1004 3320 -
1040 3281 1159 3335 Fabulae
1177 3282 1266 3334 fontes
1284 3281 1337 3336 rid.
1355 3282 1430 3353 apud
1449 3280 1495 3350 tty-

451 3371 544 3443 ginum
571 3370 655 3424 Fabb.
680 3373 849 3426 lbss-fllt.
874 3371 940 3443 ibiq.
972 3371 1099 3443 interprr.
1125 3371 1154 3424 in
1182 3370 1234 3423 Ed.
1258 3370 1414 3441 Mytbogrr.
1440 3370 1493 3421 batt.

451 3457 586 3512 Staveren.
606 3458 763 3530 Apollodori
782 3457 907 3512 Bibliotb.
929 3459 961 3525 ll,
980 3462 1006 3525 1,
1027 3464 1054 3513 5.
1072 3479 1099 3531 p.
1117 3462 1283 3528 tat-7125.
1312 3460 1354 3511 ed.
1374 3459 1458 3531 lleyn.
1473 3461 1493 3510 l.

451 3549 560 3620 eiusque
580 3546 658 3601 Obss.
684 3568 710 3619 p.
727 3552 778 3603 105
798 3567 836 3620 sq.
872 3547 964 3619 Pergit
985 3546 1052 3601 cod.
1070 3547 1143 3601 Gud.
1160 3546 1193 3601 B.
1216 3566 1280 3601 cum
1299 3547 1382 3601 Drsd.
1398 3551 1426 3601 4.
1451 3544 1494 3597 cul

451 3647 492 3691 tot
511 3638 595 3690 dotes.
631 3633 717 3692 Codd.
736 3636 815 3689 Drsd.
834 3640 860 3691 1.
879 3640 905 3692 3.
923 3637 1022 3691 babent
1035 3638 1179 3706 pecuniam
1197 3646 1345 3708 quaerunt.
1384 3635 1444 3704 Mp.

522 3729 661 3796 Quantum
678 3726 748 3778 enim
765 3727 861 3797 cuique
877 3727 975 3780 sotis
993 3726 1062 3794 ιδῃ]
1089 3729 1128 3791 „0
1131 3743 1197 3795 pus
1213 3734 1265 3790 est,
1283 3724 1380 3779 decern
1398 3733 1494 3797 septeut¹

354 3824 356 3828 ’
451 3825 508 3867 sot
527 3823 584 3879 est,
602 3815 699 3866 unus.“
718 3812 792 3867 Ald.
809 3814 898 3869 Man.

523 3903 618 3973 cuique
636 3921 720 3971 opus
737 3904 789 3970 est]
827 3902 909 3971 Quod
930 3904 986 3957 fere
1005 3900 1169 3955 omnesAldi
1188 3899 1273 3953 libros
1292 3911 1420 3973 occupat,
1437 3897 1494 3951 sotis

449 3999 500 4054 est,
519 3988 631 4043 debetur
648 3990 704 4042 sine
718 3989 800 4043 dubio
819 3993 975 4055 correctori,
995 3992 1117 4063 quicum
1132 3989 1223 4061 paullo
1242 3990 1370 4060 superius
1380 3990 1493 4061 scriptum

450 4080 482 4132 sit
501 4088 635 4150 quantum
653 4079 749 4149 cuique
767 4080 861 4131 satis
879 4092 935 4145 est,
964 4079 1034 4133 idem
1061 4090 1153 4132 nostro
1174 4096 1285 4150 quoque
1302 4078 1367 4132 loco
1396 4076 1492 4131 aCice·

450 4187 517 4220 rone
536 4165 615 4220 scribi
634 4165 754 4221 debuisse
774 4168 941 4223 existimaret.
984 4167 1037 4222 Sed
1057 4178 1129 4222 recte
1148 4166 1398 4237 wyttenbachius,
1426 4163 1494 4233 „Ele-

450 4276 529 4327 gans,
556 4254 655 4327 inquit,
685 4256 792 4311 variatio
817 4268 856 4311 est
885 4258 1004 4312 eiusdem
1039 4255 1199 4322 sententiae,
1233 4275 1318 4327 quam
1344 4258 1428 4311 modo
1450 4253 1494 4307 aliis

454 4344 538 4396 verbis
557 4344 663 4397 dixerat.
698 4343 765 4397 Nam
787 4345 812 4397 id
832 4347 905 4415 quod
925 4366 992 4417 opus
1010 4357 1065 4412 est,
1082 4344 1135 4399 boc
1152 4344 1217 4399 item
1236 4354 1276 4397 est
1294 4346 1383 4398 sotis.-
1412 4361 1494 4418 quam·

454 4449 534 4502 quam
552 4431 680 4486 disserunt
699 4433 768 4486 inter
786 4453 828 4487 ses
847 4453 909 4487 nam
929 4454 996 4505 opus
1014 4433 1111 4487 dicitur
1129 4432 1157 4485 in
1176 4431 1375 4501 desiderando,
1391 4436 1457 4489 sotis
1473 4432 1493 4481 in

454 4517 638 4590 possidendo.“
676 4520 705 4573 ln
724 4521 803 4576 aliam
821 4525 979 4580 sententiam
991 4521 1274 4593 Morientusdiaputat.
1311 4522 1393 4592 „ttiq
1412 4520 1492 4593 inquit.
