3517 5450
358 708 432 781 270
669 731 842 778 raninoxs
871 729 1065 779 sroiconuu.

357 912 415 943 rum
436 891 532 942 collabi
550 892 632 946 solet,
657 890 739 942 borrae
758 891 854 942 mentis
873 890 1016 958 usurpatio
1035 890 1142 942 nullum
1162 891 1296 946 tristioris
1318 894 1404 964 fortu-

356 999 408 1032 nae
428 979 522 1047 recipit
540 979 684 1032 incursum.
723 977 781 1029 Mr.

428 1086 507 1136 egone
526 1085 565 1116 me
584 1067 720 1118 audivisse
730 1064 848 1136 aliquid]
867 1064 976 1134 Legilur
986 1065 1094 1137 aliquid
1112 1084 1130 1116 a
1141 1067 1202 1117 udi
1211 1086 1266 1119 sse
1286 1066 1313 1120 in
1328 1067 1404 1132 codd,

357 1156 479 1208 15515.
500 1153 559 1207 Cra.
580 1159 606 1206 2.
634 1153 715 1207 Drsd.
734 1157 758 1205 1.
777 1157 802 1206 3.
824 1153 970 1204 audisse
996 1153 1103 1223 aliquid
1127 1154 1154 1206 in
1174 1152 1266 1208 Codd.
1291 1155 1360 1208 Gud.
1377 1155 1402 1208 Β.

357 1245 449 1298 Cra&
469 1244 527 1296 Bas.
547 1241 638 1295 Guell.
656 1241 723 1294 Edd.
743 1239 816 1292 Crat.
836 1239 929 1310 lllagn.
948 1238 1022 1293 Man.
1041 1240 1136 1295 Lamb.
1155 1240 1243 1295 Sulfr.
1263 1242 1336 1296 Petr.
1352 1243 1404 1295 Asc.

357 1338 435 1388 1511.
455 1332 533 1385 lldlb.
551 1331 611 1384 551.
629 1334 708 1385 1511.
727 1333 805 1384 1552.
825 1328 923 1383 Colon.
948 1327 980 1384 11.
998 1329 1091 1383 Wolf..
1109 1328 1214 1383 Sturm.
1236 1329 1316 1400 sylb.
1357 1331 1402 1382 Pro

356 1433 382 1472 et
401 1433 439 1474 est
470 1420 566 1473 autin
587 1418 672 1473 Codd.
696 1417 776 1471 Drsd.
797 1421 821 1470 1.
847 1416 898 1469 Ox.
919 1416 954 1480 l.;
982 1437 1032 1488 pro
1060 1419 1184 1471 didicisse
1213 1418 1329 1472 conti.
1354 1419 1404 1490 (qui

357 1511 419 1562 item
448 1509 527 1562 habet
544 1512 609 1565 aut)
639 1505 741 1558 exhibet
766 1505 873 1557 cidisse.
925 1504 979 1556 Pro
1003 1505 1140 1572 gaudeam
1164 1515 1204 1558 est
1225 1506 1358 1575 gaudiam
1380 1508 1402 1556 in

357 1596 428 1649 Gud.
449 1597 496 1660 B.;
516 1597 631 1646 audeam
653 1594 681 1645 in
702 1595 759 1645 Cri.
780 1597 803 1645 2.
847 1591 930 1644 Adv.
956 1591 1201 1663 audivisseWytt.
1221 1591 1305 1645 haece
1336 1594 1370 1660 „i.
1385 1615 1403 1646 e.

356 1683 529 1754 philosophos
546 1694 592 1735 aut
610 1682 795 1734 doctrinarum
815 1679 963 1750 magistros.
999 1680 1058 1734 Hoc
1076 1701 1090 1733 a
1108 1680 1221 1734 Graecis
1241 1682 1352 1752 proprie
1368 1681 1402 1733 ti-

357 1774 426 1825 citur
444 1768 559 1836 sinodus,
580 1767 757 1838 ‹Inposicdarf‘
793 1767 839 1820 Sic
858 1769 938 1821 serbo
958 1770 1086 1820 audiendi
1104 1769 1189 1822 utitur
1204 1769 1305 1822 Cicero
1319 1769 1402 1822 Tusce.

357 1861 423 1926 1,4,
444 1864 480 1913 8.;
513 1860 560 1931 qui
583 1858 710 1909 audire
736 1857 836 1918 vellat,
863 1857 896 1909 tle
924 1857 991 1908 Fato
1011 1862 1037 1922 2,
1057 1861 1088 1910 3:
1111 1876 1290 1926 possumusne
1308 1857 1403 1928 aliquid

356 1945 502 1998 audire?
542 1950 581 1996 Tu
605 1946 822 2016 vero,iaquam,
842 1945 885 1995 vel
903 1945 1030 1996 audire
1051 1945 1093 1996 vel
1111 1945 1206 1997 (licere.
1243 1945 1402 1998 511355155-

357 2038 420 2090 tiam
439 2035 669 2106 Borgersius,
692 2053 747 2085 non
766 2031 947 2104 respondere,
965 2034 1015 2098 ait,
1036 2032 1102 2086 haec
1120 2033 1349 2102 antecedentibus,
1365 2035 1401 2088 sed

357 2125 435 2178 veluti
454 2123 600 2176 exclamare
620 2123 797 2187 Ciceronem,
824 2141 899 2175 nunc
918 2122 1025 2174 demum
1044 2122 1093 2173 sibi
1112 2122 1256 2193 profutura
1276 2143 1322 2189 ea,
1346 2142 1402 2194 quae

356 2211 500 2283 aliquando
520 2210 649 2276 didicerit,
670 2211 766 2281 quibus
785 2209 893 2262 slultum
912 2211 990 2262 istum
1003 2210 1160 2262 confutaret.
1199 2209 1274 2262 ldem
1286 2210 1319 2263 ad
1336 2211 1401 2263 verba

357 2301 461 2353 confert
478 2299 527 2352 Or.
548 2318 598 2370 pro
615 2297 682 2350 Sest.
700 2301 758 2351 21.=
780 2303 847 2349 'l'am
865 2317 937 2349 eram
956 2297 1055 2349 rudis?
1072 2297 1141 2349 nihil
1159 2299 1323 2350 audieram?
1345 2299 1402 2349 nihil

357 2385 494 2441 videram?
512 2386 581 2436 uilril
596 2385 652 2454 ipse
671 2385 780 2456 legendo
801 2386 1004 2457 quaerendoque
1022 2383 1218 2456 cognoveram?
1257 2384 1286 2436 M
1297 2405 1317 2439 r.

428 2474 539 2525 Solusae
566 2472 670 2541 divesf]
709 2471 829 2525 Glossam
861 2473 963 2525 addunt
990 2471 1075 2525 Codd.
1109 2471 1175 2526 Oxx.
1195 2472 1214 2525 l.
1246 2474 1282 2526 U.
1310 2473 1399 2529 Crui.

356 2563 495 2617 Drsd.1.:
523 2561 635 2612 Solusue
663 2571 700 2611 tu
727 2561 814 2624 dives,
845 2572 870 2612 51
898 2561 935 2612 sic
955 2560 1022 2613 Edd.
1043 2580 1099 2630 prc.
1119 2563 1192 2614 Crat.
1216 2561 1312 2632 Magn.
1338 2562 1399 2614 llfan.

356 2652 448 2704 Lamb.
467 2650 551 2702 Suffr.
570 2649 639 2701 Petr.
658 2660 763 2701 nostrae
783 2647 861 2700 Hdlb.
880 2648 963 2719 Lugd.
986 2649 1051 2718 Arg.
1069 2646 1130 2700 Par.
1142 2652 1223 2702 15117.
1235 2653 1315 2703 1512.
1335 2651 1399 2702 1511.

356 2743 426 2793 Veu.
446 2742 524 2792 14⁹2.
544 2741 623 2790 1511.
643 2737 704 2789 Asc.
724 2740 803 2789 1511.
821 2737 852 2788 11.
869 2738 955 2789 Wolf.
974 2735 1035 2789 Car.
1053 2736 1144 2808 steph.
1164 2738 1236 2792 Aud.
1262 2739 1322 2792 Tal.
1339 2739 1400 2810 Sytb.

357 2829 454 2881 Colon.
474 2827 584 2881 Lambb.
604 2824 686 2881 Goth.
704 2829 809 2879 Camer.
829 2825 917 2878 llerw.
937 2826 1015 2879 Boul.
1034 2825 1187 2880 5151511.
1208 2830 1306 2891 1552.;
1327 2827 1399 2879 Codd.

358 2916 407 2969 Ox.
420 2916 448 2967 E.
469 2916 549 2967 Drsd.
563 2919 588 2967 2.
606 2914 704 2966 habent
718 2914 824 2966 solusne
842 2932 875 2964 es
895 2914 985 2974 dives,·
1005 2924 1147 2985 utramque
1165 2913 1282 2984 glossam
1296 2917 1398 2968 iunctam

359 3005 462 3057 exbibet
490 3003 568 3055 Drsd.
588 3006 612 3055 5.
639 3002 746 3052 solusne
771 3012 807 3052 tu
827 3002 901 3053 dives
918 3004 973 3055 es?
1003 3002 1069 3055 Cod.
1089 3001 1139 3054 Ox.
1158 3020 1188 3062 ψ.
1216 3004 1327 3054 solusne
1351 3013 1399 3053 est.

358 3095 416 3144 Cri.
428 3096 453 3142 2.
472 3090 578 3141 solusne
597 3089 731 3159 quidem
751 3088 845 3140 dives?
882 3089 923 3141 Ad
942 3090 1100 3143 sententiam
1120 3090 1212 3144 laudat
1230 3092 1253 3143 F
1260 3112 1306 3147 rc.
1324 3092 1399 3163 Syls.

357 3176 530 3229 Plutarchum
550 3176 577 3228 in
597 3177 657 3229 Vita
678 3176 815 3229 Ciceronis
834 3178 869 3245 [c.
882 3178 937 3246 25.]
957 3190 983 3231 51
1001 3176 1058 3230 Cic.
1079 3178 1111 3230 de
1131 3178 1152 3229 F
1154 3179 1211 3231 inu.
1223 3179 1259 3232 Ill
1281 3182 1398 3249 [22,71.]:

358 3268 470 3317 Rectius
489 3265 606 3336 (sapiens
624 3264 814 3336 appellabitur)
833 3267 916 3331 dives,
934 3285 1015 3339 quam
1035 3269 1158 3331 Crassus,
1178 3270 1234 3337 qui,
1253 3269 1308 3321 nisi
1325 3272 1399 3341 eguis-

358 3366 406 3417 set,
423 3373 560 3425 nunquam
571 3354 737 3422 Euphratem
756 3354 832 3404 nulla
847 3353 910 3405 belli
925 3372 1008 3406 causa
1027 3355 1145 3405 transire
1164 3356 1309 3410 voluisset.
1344 3358 1398 3408 Lau-

358 3443 401 3495 dat
421 3442 489 3494 idem
510 3442 619 3499 Catonis
637 3441 734 3493 librum
755 3442 787 3494 de
806 3441 896 3495 liberis
914 3442 1059 3495 educandis
1078 3444 1211 3513 (eumque
1238 3443 1350 3497 fideliter
1367 3464 1397 3496 ei·

358 3530 460 3601 scripsit
478 3529 632 3596 Graevius):
659 3530 703 3582 sed
724 3550 804 3601 quem
826 3532 916 3584 laudat
934 3530 1040 3602 Sylvius
1064 3531 1179 3596 librum,
1206 3532 1229 3584 is
1249 3545 1288 3586 est
1308 3533 1343 3584 Μ.
1359 3532 1397 3583 'fe-

358 3620 435 3672 renlii
456 3620 598 3683 Varronis,
619 3638 698 3691 quem
717 3620 864 3691 inscripsit:
891 3624 959 3672 Cato
984 3639 1003 3672 s.
1021 3621 1053 3671 de
1072 3620 1162 3672 liberis
1181 3621 1344 3687 educandis,
1365 3620 1397 3693 qai

359 3720 396 3762 est
415 3706 485 3778 apud
512 3706 581 3757 Non.
606 3705 763 3759 Marcellum
792 3728 817 3779 p.
837 3711 888 3761 141
909 3728 948 3779 sq.
976 3709 1017 3776 (in
1044 3708 1181 3777 Fragmm.
1209 3710 1340 3762 Varronis
1362 3708 1397 3759 Ed.

358 3796 442 3847 Amst.
461 3798 539 3847 1523.
565 3814 591 3865 p.
610 3796 685 3862 151.)
726 3799 765 3847 Et
794 3797 868 3867 quod
888 3797 1059 3865 perspicuum
1083 3807 1140 3858 est,
1171 3800 1299 3851 maiorem
1324 3817 1397 3851 euram

358 3902 407 3935 nos
420 3882 514 3933 habere
533 3882 677 3949 marsupii,
695 3901 776 3954 quam
795 3884 868 3935 vitae
887 3894 1006 3936 nostrae.
1044 3885 1099 3935 Mr.

430 3969 515 4038 Quid,
540 3969 565 4020 si
582 3987 615 4019 ne
640 3969 713 4022 dives
732 3969 868 4041 quidemf]
908 3972 997 4023 Verba
1029 3972 1096 4043 quid
1120 3972 1144 4023 si
1174 3974 1273 4027 omissa
1298 3987 1357 4030 sunt
1377 3973 1397 4023 in

359 4056 424 4112 Cod.
444 4059 501 4110 Cra.
520 4061 545 4108 2.
564 4056 609 4127 qui
627 4055 707 4111 babet
737 4062 777 4110 Ne
802 4060 908 4131 quidem
928 4058 1023 4112 dives?
1052 4061 1110 4113 Cra.
1128 4063 1154 4114 3.
1180 4063 1249 4131 quid
1274 4065 1299 4115 si
1326 4082 1356 4115 rie
1375 4071 1397 4110 tu

360 4147 447 4207 dives,
468 4142 517 4196 Ox.
535 4163 559 4199 σ.
578 4144 675 4198 omittit
692 4166 738 4208 ne,
766 4149 824 4200 Cra.
843 4151 868 4200 1.
888 4146 954 4201 Oxi.
973 4146 1004 4202 E.
1023 4147 1043 4201 1.
1061 4146 1142 4201 Drsd.
1162 4152 1186 4202 5.
1207 4148 1288 4203 Suer.
1316 4170 1361 4222 pra
1375 4166 1397 4199 ne

360 4230 536 4285 habentnoa.
573 4231 653 4286 Drsd.
673 4236 697 4285 1.
733 4236 807 4303 Quid
825 4254 906 4287 aero
933 4254 972 4288 ue
999 4236 1030 4287 si
1049 4236 1122 4287 dives
1141 4238 1272 4308 quidem?
1291 4238 1397 4292 orsas.

360 4319 426 4389 quid
443 4338 520 4371 vero
539 4320 564 4371 si
582 4338 615 4371 ae
633 4320 846 4392 dieesquitfem?
883 4321 963 4376 Drsd.
982 4327 1008 4376 4.
1037 4324 1148 4394 quidsi
1166 4345 1221 4379 rron
1242 4328 1332 4395 dives,
1348 4324 1398 4401 quid

359 4417 414 4471 est,
433 4407 499 4477 quid
516 4407 541 4459 si
555 4424 661 4476 pauper
677 4410 768 4462 etiam.
805 4409 870 4464 Osi.
884 4412 902 4465 1.
913 4410 948 4465 U.
965 4411 1094 4464 omittunt
1108 4414 1226 4483 quidem.
1262 4419 1294 4471 ln
1305 4415 1397 4470 Drsd.&

361 4493 455 4546 omissa
473 4506 535 4548 sunt
552 4496 631 4548 verba
643 4497 745 4569 quidsi
759 4516 863 4569 pauper
884 4499 988 4553 etiam?
1008 4498 1079 4553 Gud.
1091 4500 1122 4553 Α.
1142 4502 1224 4560 55551
1242 4508 1311 4579 quid
1328 4521 1397 4560 vert,
