3517 5450
356 682 427 756 168
682 703 855 749 ninanoxx
885 702 1077 749 srorconuu.

423 870 483 938 Ego
501 885 559 918 vero
579 867 616 931 te]
637 864 725 930 „Satis
742 862 898 933 intelligitur
916 858 1041 914 Clodium
1062 863 1124 932 peti,
1144 863 1221 915 cuius
1241 862 1299 932 lege
1311 859 1399 914 Cicero

354 953 444 1024 pulsus
463 953 564 1006 civitate
583 952 683 1016 luerat,
703 951 803 1023 quique
824 951 1000 1014 Ciceronem,
1027 949 1088 1004 licet
1108 951 1161 1003 iam
1181 951 1343 1015 restitutum,
1361 969 1400 1001 ex·

354 1042 436 1094 sulem
454 1040 587 1113 appellare
605 1039 714 1092 solebat.
752 1040 877 1090 Ceterum
897 1037 948 1090 boc
973 1036 1039 1089 nibil
1063 1037 1120 1091 fere
1137 1038 1201 1091 lacit
1225 1038 1258 1090 ad
1278 1037 1400 1089 Paradoxi

355 1129 468 1181 titulum.
504 1128 541 1179 Ex
564 1147 618 1199 quo
636 1126 773 1197 sequitur,
804 1123 843 1176 vel
873 1123 980 1178 titulum
1008 1123 1175 1178 aCicerone
1194 1146 1250 1179 non
1270 1145 1340 1190 esse,
1367 1125 1399 1176 vel

355 1216 546 1270 exercitationis
562 1214 638 1267 buius
657 1225 759 1285 partem
779 1213 920 1265 maximam
939 1212 1111 1265 desideraris*
1130 1214 1230 1267 Face.
1273 1199 1276 1204 i

424 1306 483 1374 Ego
502 1323 563 1355 vero
577 1304 615 1370 te]
653 1301 754 1354 Contra
773 1299 916 1354 Facciolati
944 1301 1102 1353 seutentiam
1129 1313 1223 1355 monet
1240 1300 1344 1354 Gernb.
1360 1299 1399 1352 Ci-

354 1411 494 1458 ceronem,
514 1409 575 1443 cum
594 1391 622 1442 in
637 1389 753 1442 mediam
772 1407 830 1440 rem
848 1389 952 1459 rapiat,
979 1388 1150 1441 acerbissimo
1169 1388 1233 1440 odio
1252 1388 1398 1450 adductum,

355 1477 538 1550 praetermissa
555 1477 629 1530 omni
648 1474 880 1548 argumentatione
900 1475 1079 1528 moderatiore
1099 1487 1125 1529 et
1138 1475 1210 1530 stulti
1229 1476 1347 1530 bominis
1359 1474 1398 1525 de-

354 1565 499 1637 scriptione
518 1585 563 1631 ea,
584 1586 651 1636 quae
669 1564 884 1635 exspectabatur,
903 1564 990 1615 statim
1009 1563 1188 1616 adversarium
1208 1574 1316 1636 petere,
1333 1581 1397 1616 euru·

355 1673 408 1725 que
427 1673 508 1725 quem
526 1655 642 1706 stultum
660 1673 738 1724 saepe
756 1651 922 1723 appellasset,
941 1651 1075 1722 asperiore
1092 1644 1282 1723 potiusinsoni
1300 1649 1397 1703 nomine

290 1732 293 1737 ,
356 1753 464 1809 notare,
485 1743 585 1814 quippe
604 1743 649 1814 qui
669 1759 724 1794 non
743 1739 836 1792 viderit
853 1739 941 1809 ipsum
959 1758 1014 1792 esse
1033 1739 1145 1806 exulem,
1164 1759 1227 1793 cum
1245 1739 1349 1791 exulare
1363 1737 1398 1789 iu·

355 1831 432 1882 beret
450 1830 533 1883 virum
553 1831 714 1901 sapientem:
734 1831 768 1881 ita
788 1846 850 1880 eum
870 1826 936 1879 illud
955 1827 1128 1892 Paradoxon,
1148 1827 1251 1879 stultos
1268 1845 1326 1878 esse
1341 1844 1397 1875 exu-

355 1919 394 1970 les
412 1916 474 1986 (Or.
495 1938 545 1990 pro
564 1917 677 1970 Murena
697 1920 740 1983 29,
760 1915 833 1984 fit),
852 1914 931 1967 simul
949 1915 1072 1986 attigisse.
1118 1914 1205 1967 Aliter
1223 1914 1305 1967 sentit
1320 1911 1396 1982 burg,

356 2005 402 2076 qui
420 2005 550 2059 Paradoxi
575 2006 775 2076 inscriptionem
803 2015 827 2056 et
858 2003 941 2073 ipsius
964 2003 1093 2057 orationis
1117 2004 1239 2068 initium,
1267 2021 1349 2074 usqne
1371 1999 1396 2052 ad

356 2095 525 2160 necessariis,
546 2114 609 2147 cum
628 2093 799 2165 sequentibus
818 2111 873 2143 non
893 2090 1036 2144 cohaerere
1056 2093 1191 2144 existimat.
1234 2089 1325 2158 Quam
1347 2107 1396 2140 sen·

358 2180 467 2234 tentiam
487 2182 565 2233 etiam
584 2179 704 2251 Scioppii
725 2181 804 2233 luisse
828 2199 909 2250 supra
929 2180 1049 2234 vidimus.
1094 2179 1186 2231 Videri
1215 2179 1299 2249 igitur
1322 2186 1396 2230 censet

358 2269 496 2338 sequeutia
525 2280 669 2321 extremam
695 2280 797 2339 partem
824 2266 933 2319 alterius
957 2267 1086 2319 Paradoxi
1112 2265 1282 2319 Stoicorum:
1317 2268 1395 2314 Omma

357 2355 455 2421 probos
472 2373 528 2406 esse
547 2356 630 2421 cives,
661 2366 688 2407 et
714 2375 801 2407 omnes
824 2354 955 2424 improbos
971 2374 1028 2406 esse
1045 2355 1153 2405 exules:
1178 2353 1292 2406 laudans
1309 2349 1395 2403 Mabnii

360 2441 491 2513 Epistolas
508 2442 647 2496 Sodalium
662 2442 853 2497 Philomathiae
872 2445 901 2511 (a
920 2442 1130 2514 Wyttenbaebio
1148 2441 1247 2510 editae)
1266 2461 1293 2512 p.
1305 2443 1394 2508 tessq.

360 2532 404 2583 sabi
424 2543 475 2585 ests
496 2531 595 2597 „Plura
614 2532 732 2598 fuerunt,
753 2552 833 2604 quam
851 2542 918 2604 quot
933 2551 1007 2586 nunc
1025 2541 1138 2596 exstaut,
1157 2529 1240 2582 libelli
1259 2529 1395 2582 Pax-adoro·

360 2637 419 2670 rum
440 2619 539 2690 capita:
558 2620 689 2692 siquidem
710 2622 804 2691 quarti
819 2621 935 2673 initium
955 2631 993 2673 est
1018 2621 1051 2672 de
1069 2619 1166 2690 placito
1191 2622 1288 2669 Omnes
1310 2617 1395 2670 stultos

359 2709 493 2774 insanire,
513 2709 558 2763 sed
578 2729 639 2762 mox
658 2709 756 2762 verbis:
786 2708 865 2761 rebus
884 2709 989 2761 vincum
1008 2701 1165 2761 necessariis
1189 2707 1218 2759 in
1237 2705 1309 2759 aliud
1326 2704 1395 2757 Pata·

360 2796 457 2849 doxum
478 2797 571 2849 transit
593 2796 644 2849 boc
662 2816 761 2848 ornnem
779 2795 890 2860 probum
918 2814 974 2847 esse
999 2798 1080 2847 civem
1098 2806 1148 2849 etc.
1173 2795 1250 2847 cuius
1274 2792 1394 2862 vestigium

360 2884 493 2956 reperitur
511 2886 581 2952 apud
599 2883 745 2937 Stobaeum
764 2884 857 2954 Eclog.
877 2884 963 2937 Etbic.
982 2905 1007 2956 p.
1022 2888 1082 2937 280.
1106 2882 1148 2937 ed.
1172 2883 1288 2936 Heeren.
1307 2878 1395 2945 φυγάδα

360 2969 446 3023 πάντα
465 2974 563 3033 φαῦλον
579 2966 668 3026 εἶναι.ιι
705 2973 786 3025 Addit
801 2971 927 3025 llllabnius
941 2965 1179 3043 Wyttenbacbinm
1195 2971 1325 3042 insignem
1335 2968 1396 3021 buius

360 3058 443 3111 libelli
463 3058 634 3122 Ciceroniani
653 3061 762 3114 editioni
781 3060 924 3114 faciundae
943 3062 1082 3114 materiam
1101 3058 1239 3130 collegisse
1260 3060 1295 3125 [a.
1311 3055 1394 3121 ldibl

360 3166 442 3217 seque
464 3158 493 3200 ut
511 3149 678 3219 propositum
696 3149 808 3213 efficiat,
824 3159 926 3220 optare.
962 3149 1015 3201 Sed
1035 3169 1200 3220 quamquam
1220 3148 1280 3201 vixit
1298 3148 1335 3200 vir
1357 3162 1395 3197 no·

362 3235 401 3289 bis
420 3255 529 3308 quoque
547 3238 732 3304 amicissimus,
761 3249 786 3291 et
805 3248 965 3308 praeceptor
988 3237 1135 3307 gratissima
1164 3235 1295 3289 memoria
1320 3248 1395 3305 prose·

362 3324 498 3394 queudus,
518 3325 653 3397 usquead
673 3345 774 3378 annum
793 3324 871 3378 buius
889 3324 972 3378 seculi
991 3325 1160 3391 vicesimum,
1191 3324 1355 3395 propositum
1366 3329 1394 3371 ta·

363 3430 424 3465 men
442 3414 507 3467 illud
528 3434 582 3467 non
602 3415 728 3468 eflectum
748 3424 799 3478 est,
830 3431 892 3466 cum
921 3432 970 3483 per
987 3412 1090 3484 aliquot
1114 3432 1202 3465 annos
1225 3398 1288 3464 aute
1311 3408 1394 3462 obium

362 3501 501 3554 oculorum
523 3514 548 3555 et
566 3522 695 3555 manuum
715 3501 848 3554 debilitate
864 3501 999 3555 laboraret
1017 3521 1093 3554 senex
1112 3520 1161 3571 per
1175 3510 1258 3553 totam
1280 3498 1352 3550 vitam
1367 3493 1394 3544 lt·

363 3588 566 3643 boriosissimus.
603 3590 663 3642 llllr.

434 3680 493 3747 Ego
513 3698 572 3729 vero
591 3688 618 3728 te
637 3708 669 3718 -
690 3680 826 3746 ursanum]
846 3678 948 3731 Laudat
966 3678 1045 3748 Borg.
1064 3676 1096 3728 ad
1116 3676 1195 3727 verba
1215 3685 1240 3727 et
1260 3670 1394 3727 senientiam

365 3764 419 3815 Cic.
437 3763 469 3814 de
487 3763 508 3813 F
510 3764 564 3816 inn.
580 3766 625 3830 lV,
646 3770 693 3819 27:
711 3768 859 3817 stultorum
878 3796 913 3804 -
934 3786 999 3837 quos
1018 3766 1100 3815 etiam
1119 3764 1231 3815 insanos
1243 3781 1301 3815 esse
1315 3759 1394 3814 vultis:

365 3849 494 3903 coll.01·.
515 3872 563 3921 pro
584 3872 637 3923 reg.
665 3853 754 3906 Deiot.
774 3858 800 3907 l.
819 3853 888 3906 Phil.
907 3854 940 3919 ll,
960 3856 1002 3906 26.
1025 3882 1059 3891 -
1105 3850 1166 3905 Fre.
1186 3850 1294 3923 Sylvius
1311 3869 1339 3902 ex
1354 3860 1394 3899 utto

365 3936 430 3989 cod.
450 3940 552 4008 prolert
577 3940 732 3994 lectionem:
761 3945 819 4013 Ego
845 3960 905 3994 vero
933 3953 960 3993 le
984 3961 1037 3993 non
1062 3940 1157 3991 modo
1183 3940 1316 4004 stultum,
1340 3929 1394 4006 quod

365 4038 403 4080 est
420 4026 579 4097 glossatoris.
617 4028 684 4081 Cod.
700 4029 780 4082 Drsd.
799 4034 824 4083 5.
842 4030 947 4083 exbibet
965 4048 1030 4081 non
1049 4038 1082 4078 te
1099 4028 1232 4093 stultum,
1252 4025 1321 4078 Gud.
1337 4023 1364 4075 Β.
1379 4016 1395 4069 el

365 4117 478 4174 assentit.
521 4116 550 4168 ln
571 4116 642 4169 Gud.
662 4124 693 4172 A.
714 4120 786 4171 abest
804 4138 856 4170 riou
874 4129 936 4172 ante
954 4116 1108 4186 improbum.
1144 4115 1234 4166 Verba
1247 4124 1276 4164 et
1292 4114 1395 4164 iatsonum

364 4204 459 4258 desunt
477 4205 504 4257 in
522 4204 603 4258 Drsd.
621 4209 647 4258 5.
690 4204 720 4257 ln
741 4204 812 4280 Gud.
831 4206 862 4257 A.
892 4206 1007 4259 estsexl
1034 4206 1169 4255 insonum.
1217 4203 1312 4256 Duisb.
1334 4198 1395 4252 habet

365 4293 412 4343 sed
429 4294 573 4345 dementem
591 4293 740 4354 insanire,
759 4296 786 4346 in
808 4314 892 4365 marg.
913 4307 1002 4348 tamen
1022 4292 1084 4343 sed
1098 4292 1234 4345 insanum.
1274 4293 1325 4343 lam
1340 4298 1394 4357 quae

365 4391 513 4450 sequuntur
532 4382 610 4433 verba
631 4393 690 4453 post
710 4383 835 4433 insonum
854 4385 921 4449 tria,
955 4396 1007 4436 tarn
1038 4380 1108 4432 varie
1133 4378 1263 4450 leguntur
1288 4381 1314 4431 in
1339 4369 1394 4427 libtl⁵

366 4468 468 4538 scriptis
488 4479 511 4520 et
531 4469 606 4522 editis
624 4481 648 4522 et
668 4481 721 4523 tam
741 4470 846 4524 diversis
864 4473 1031 4543 explicantur
1043 4468 1143 4533 modis,
1177 4480 1222 4534 ut,
1247 4486 1314 4539 quae
1330 4464 1357 4516 de
1372 4474 1394 4507 ‘⁰
