3517 5450
367 755 422 801 xvt
528 752 627 799 tnnnx
653 749 834 798 terremus
861 748 979 797 cntrtct
1006 751 1047 795 AD
1070 749 1253 796 PARADOXA.

367 922 456 966 notata
474 911 621 983 (quamvis,
652 920 681 963 ut
699 910 764 974 dixi,
792 907 939 961 nonnullae
959 906 1143 975 omittantur),
1170 925 1249 978 quam
1275 926 1331 959 non
1350 908 1422 959 exbi-

366 1002 427 1054 beat
446 999 541 1067 editio,
570 1000 603 1052 de
631 1016 683 1068 qua
709 1015 789 1067 supra
817 995 930 1048 diximus
954 995 1041 1064 primo
1068 994 1137 1047 loco.
1188 993 1270 1061 Quod
1298 994 1318 1046 si
1348 994 1421 1063 prius

366 1087 617 1151 animadvertissem,
636 1104 691 1138 non
711 1085 776 1137 duas
794 1103 849 1136 esse
867 1084 1003 1136 dixissem:
1022 1101 1105 1150 nune,
1125 1101 1210 1152 quum
1230 1101 1284 1133 non
1305 1082 1419 1152 amplius

365 1177 393 1227 in
414 1175 536 1228 manibus
554 1175 587 1227 sit
605 1191 680 1225 meus
697 1170 779 1237 liber,
798 1172 842 1224 sed
862 1172 915 1223 iam
935 1171 967 1223 ad
986 1169 1161 1242 bibliopolam
1181 1169 1357 1232 transmissus,
1378 1170 1421 1223 bic

366 1262 483 1333 ingenue
502 1261 606 1328 dicere,
625 1279 706 1331 quam
725 1258 829 1312 silentio
849 1278 972 1331 premere
991 1257 1073 1311 malui
1086 1260 1116 1324 ²).

407 1395 442 1481 b)
465 1395 648 1461 Editiones
673 1394 944 1460 Paradoxorum
965 1396 1050 1459 aliis
1076 1395 1251 1459 Ciceronis
1274 1395 1377 1461 libris

806 1497 973 1562 additae.-

421 1625 445 1673 1.
467 1620 573 1673 Tullius
587 1621 618 1671 de
631 1619 734 1688 Officiis
752 1637 812 1670 cum
824 1618 1020 1671 momentariis
1031 1620 1109 1671 Petri
1119 1622 1151 1671 M
1159 1620 1233 1671 arsi
1250 1620 1360 1690 eiusque
1375 1638 1418 1671 re·

365 1711 562 1781 cognitione·
582 1708 675 1761 lnsunt
685 1717 821 1778 praeterea
830 1706 994 1758 Paradoxa:
1011 1708 1041 1758 de
1052 1709 1199 1760 Amicitia.-
1219 1708 1250 1756 de
1260 1712 1417 1760 Senectute:

364 1817 425 1851 cum
445 1796 635 1868 interpretibus
653 1797 713 1850 suis.
731 1824 766 1834 -
809 1796 839 1847 ln
857 1794 924 1848 fine:
953 1800 1115 1863 [inpressum
1147 1797 1266 1850 Veneriis
1281 1817 1331 1866 per
1349 1803 1417 1850 Ber-

363 1887 507 1938 nardinum
527 1885 558 1935 de
578 1885 670 1935 Charis
689 1883 720 1934 de
739 1886 865 1935 Cremona
892 1900 996 1934 summa
1025 1902 1091 1934 cura
1117 1901 1150 1933 ac
1177 1883 1301 1955 diligenti
1325 1885 1417 1936 studio

364 1978 445 2028 Anno
476 1975 575 2026 domini
603 1975 810 2029 MCCCGXCII.
841 1972 884 2023 die
909 1975 1043 2025 XXIIII.
1071 1975 1174 2024 Mensis
1201 1973 1309 2025 Martii.
1334 1973 1354 2026 I.
1380 1993 1415 2026 m.

362 2061 587 2134 Complectuntur
604 2061 753 2112 Paradoxa
773 2070 873 2131 septem
893 2059 965 2113 folia.
1015 2060 1078 2114 Post
1107 2061 1231 2131 quintum
1257 2060 1416 2114 Paradoxon

361 2150 464 2203 videtur
481 2169 536 2203 esse
555 2149 630 2201 finis:
652 2147 750 2218 legitur
769 2146 856 2199 enim:
886 2147 1006 2215 Explicit
1025 2147 1106 2199 Liber
1129 2149 1160 2198 de
1180 2149 1313 2199 Amicitia
1338 2159 1365 2199 et
1385 2149 1416 2198 de

361 2240 502 2288 Senectute
520 2247 547 2287 et
565 2236 797 2287 Paradcxarum.
832 2233 988 2304 Registrum
1006 2245 1055 2288 etc.
1097 2234 1341 2315 Sed‘sequentibus
1367 2257 1416 2309 pa·

361 2324 429 2395 ginis
448 2324 550 2377 duabus
568 2323 675 2375 additur
692 2332 812 2388 sextum,
831 2321 888 2375 sine
906 2323 1116 2389 commentario,
1136 2325 1210 2394 quasi
1230 2336 1289 2394 post
1307 2325 1415 2378 absolu·

362 2424 417 2466 tum
440 2429 507 2482 opus
525 2422 671 2481 repertum.
707 2410 778 2463 Tum
798 2410 907 2463 demum
926 2423 1075 2482 sequuntur
1093 2432 1136 2479 ea,
1159 2431 1227 2484 quae
1245 2432 1294 2465 nos
1314 2414 1341 2465 in
1362 2413 1414 2465 fine

360 2501 421 2554 libri
434 2519 487 2554 esse
500 2499 618 2554 diximus.
654 2499 753 2552 Habuit
771 2498 839 2553 banc
849 2499 994 2552 editionem
1010 2502 1089 2552 etiam
1101 2499 1131 2553 C.
1150 2499 1193 2552 Be
1203 2501 1210 2552 i
1219 2520 1279 2552 eru
1288 2521 1308 2567 s,
1329 2519 1413 2572 quum

361 2589 450 2642 ederet
470 2588 552 2642 libros
577 2588 610 2640 de
629 2581 741 2642 Officiis.
785 2586 845 2640 Vid.
875 2587 931 2640 eius
955 2586 1004 2640 Ed.
1022 2588 1055 2641 Τ.
1072 2588 1105 2640 ll.
1123 2587 1160 2660 Ιρ.
1180 2593 1241 2643 448.
1268 2589 1300 2642 Ν.
1321 2593 1364 2643 14.
1380 2589 1414 2650 “l

361 2675 487 2731 Ceterum
506 2686 531 2731 et
550 2676 620 2730 banc
639 2675 797 2741 editionem,
816 2685 842 2729 et
860 2691 968 2742 omnes,
988 2694 1054 2747 quas
1073 2696 1128 2730 non
1146 2676 1254 2731 aliunde
1272 2698 1315 2732 me
1335 2696 1412 2732 acce-

360 2766 427 2835 pisse
446 2764 514 2829 dixi,
545 2783 629 2836 quum
647 2765 675 2817 in
694 2764 759 2816 meis
783 2762 940 2830 sinilibus,
967 2763 1022 2835 ipse
1040 2766 1139 2836 inspexi
1159 2778 1184 2820 et
1209 2787 1257 2838 per
1275 2778 1361 2820 totum
1382 2768 1413 2819 li-

360 2852 459 2905 bellum
479 2852 590 2906 contuli.
1332 2911 1335 2916 .

424 2946 450 2995 2.
479 2940 571 2993 Marci
590 2939 676 3005 Tullij
688 2939 819 2992 Ciceronis
832 2943 919 3010 Opera
932 2942 962 2992 de
973 2942 1090 3010 Officiis:
1110 2943 1141 2994 de
1150 2945 1299 2996 Amicitia:
1320 2947 1352 2997 de
1363 2952 1412 2999 Se-

359 3039 482 3079 nectute:
500 3028 618 3079 eiusdem
636 3027 791 3080 Paradoxa.
836 3031 902 3080 Cum
920 3031 977 3082 suis
996 3032 1192 3083 commentariis
1210 3052 1266 3083 una
1284 3053 1345 3085 cum
1358 3036 1413 3105 fa·

359 3116 460 3167 utiliori
476 3114 667 3185 explanatione
683 3114 769 3184 ipsius
788 3118 879 3168 Iodoci
897 3119 980 3169 Badii
997 3119 1177 3171 Ascensii:
1197 3121 1329 3172 adiuncta
1340 3123 1412 3176 eius-

359 3204 416 3254 dem
437 3202 562 3255 Ascensii
585 3202 614 3254 in
638 3202 787 3254 Paradoxa
815 3223 886 3258 nova
909 3207 1072 3275 expositione
1099 3208 1247 3277 nuperrime
1273 3210 1410 3276 absoluta,

358 3310 405 3341 nec
423 3290 494 3342 alias
514 3300 564 3340 out
584 3290 701 3341 antehac
719 3308 834 3363 usquam
844 3294 982 3363 impressa.
994 3323 1028 3333 —
1048 3296 1198 3346 Parrlrisiis
1210 3298 1289 3349 1507.
1303 3297 1408 3351 im.-

358 3378 465 3431 Latiuae
484 3377 683 3431 Paradororum
711 3378 899 3450 inscriptiones
922 3380 1031 3435 desunt:
1059 3383 1178 3436 Graecae
1203 3384 1303 3436 Latinis
1321 3384 1414 3438 litteris

358 3477 488 3532 exaratae,
507 3465 551 3518 sed
570 3465 715 3519 admodum
736 3467 889 3522 mendosae.
931 3469 977 3524 Sic
1004 3471 1142 3542 inscriptio
1170 3473 1258 3542 quarti
1285 3483 1337 3525 est:
1368 3476 1414 3524 Oti

356 3553 458 3620 pondes
478 3553 488 3601 i
506 3553 571 3604 mori
589 3554 766 3621 apinissrmde.
803 3554 885 3608 Conf.
904 3556 989 3611 Beier.
1009 3557 1027 3611 l.
1047 3578 1070 3612 c.
1090 3579 1117 3630 p.
1135 3562 1197 3613 449.
1216 3559 1248 3612 Ν.
1267 3563 1311 3613 19.

429 3642 454 3693 3.
490 3640 587 3707 Officia
605 3650 632 3691 et
654 3640 685 3690 de
703 3642 850 3693 Amicitia:
883 3644 914 3694 de
933 3648 1074 3697 Senectute
1096 3656 1124 3696 et
1141 3646 1297 3699 Paradoxa.
1318 3652 1358 3701 M.
1381 3654 1410 3701 ¹1¹.

359 3726 504 3778 Ciceronis:
543 3744 560 3776 a
587 3727 724 3780 Desiderio
755 3730 868 3781 Erusnro
893 3733 1071 3786 Itoterodamo
1099 3734 1241 3805 diligenter
1266 3736 1410 3788 adnotata.

428 3946 455 4013 *)
473 3946 598 4009 Accedit,
618 3948 691 4019 quod
711 3948 748 4001 illi
768 3950 857 4005 libello
876 3954 1107 4027 Heidelbergensi,
1135 3966 1257 4027 separato
1281 3967 1307 4009 et
1326 3976 1411 4027 pecu-

357 4015 415 4069 liari
434 4017 525 4101 titulo,
544 4017 624 4071 nullis
643 4019 801 4091 paginarum
821 4027 953 4092 numeris,
971 4027 1015 4080 sed
1035 4027 1204 4098 plagularum
1223 4027 1316 4079 litteris
1334 4028 1416 4079 addi-1

358 4098 399 4141 tus
418 4099 464 4171 cst·
477 4087 581 4141 libellus
599 4090 630 4140 de
648 4094 803 4158 Senectute,
822 4095 917 4149 decem
936 4108 961 4150 et
979 4109 1081 4169 septem
1101 4098 1170 4151 foliis
1182 4109 1316 4163 constans,
1336 4100 1409 4170 quod

358 4159 436 4230 plane
457 4170 491 4213 tta
511 4179 565 4212 esse
584 4160 612 4212 in
630 4160 700 4214 libro
717 4161 836 4233 Spirensi
855 4168 936 4221 refert
954 4167 1146 4223 Huttenus:
1175 4188 1224 4222 uos
1249 4187 1310 4223 vero
1329 4170 1356 4221 in
1378 4189 1410 4222 eo

357 4249 466 4302 quoque
487 4231 592 4284 easdem
611 4232 694 4285 varias
721 4233 848 4289 lectiones
866 4250 983 4292 enotatas
1008 4242 1171 4311 reperimus,
1199 4261 1266 4311 quas
1289 4240 1411 4294 llutte-

356 4320 419 4355 nus
436 4302 463 4354 in
482 4320 543 4355 suo:
569 4302 617 4355 nisi
637 4303 709 4375 quod
724 4305 787 4359 item
806 4310 949 4363 nonnullas
966 4312 999 4364 ab
1018 4330 1051 4365 eo
1069 4330 1123 4365 non
1150 4312 1346 4366 animadrersas
1362 4312 1410 4364 de-

357 4372 553 4443 prehendimus.

426 4443 467 4513 **)
485 4443 583 4497 Deesse
602 4444 682 4498 etiam
711 4446 793 4501 refert
817 4448 972 4506 Paradoxon
1000 4464 1099 4506 sextum
1119 4452 1139 4506 l.
1158 4452 1178 4509 Ι.
1198 4454 1231 4507 G.
1250 4453 1410 4509 Schelle-

357 4533 412 4567 rus
430 4514 519 4580 (obss.
539 4516 567 4567 in
583 4517 686 4585 priscos
705 4519 862 4589 scriptores,
880 4543 907 4594 p.
926 4527 1001 4593 248.)
1017 4524 1045 4577 in
1064 4524 1134 4579 Edit.
1154 4528 1222 4579 Ven.
1241 4530 1320 4581 1498.
