3517 5450
367 721 417 794 36
696 737 868 787 ecmonus
895 735 1089 785 stoiconuu.

439 905 505 954 Esse
523 899 600 966 duxi]
620 897 709 967 Vulgo
730 896 837 950 additur
854 894 1052 946 numerandos:
1076 894 1150 964 quod
1170 913 1226 947 non
1247 906 1287 950 est
1306 914 1423 950 necesse.

373 991 465 1045 Face.

438 1077 541 1147 Quippe
553 1093 635 1146 quum
648 1073 760 1126 videram
773 1072 891 1124 homines
903 1070 983 1124 rebus
998 1071 1041 1123 bis
1055 1071 1283 1140 circumfluentes]
1302 1075 1423 1143 „Quippe

367 1185 427 1218 cum
451 1165 619 1225 viderentur,
643 1161 704 1214 duo.
742 1160 870 1213 Homines
894 1160 967 1212 abest
990 1178 1006 1212 a
1032 1157 1166 1212 duobust‘
1193 1159 1269 1212 Ald.
1292 1160 1420 1216 Manut.

368 1252 417 1318 „ln
437 1250 547 1313 eodem,
576 1268 655 1321 quem
676 1248 758 1302 modo
775 1247 897 1313 laudari,
921 1247 1014 1301 codice
1032 1247 1144 1318 antiquo
1162 1266 1248 1318 aeque
1267 1248 1339 1301 bene
1356 1250 1419 1304 scri-

331 1369 334 1376 ·
369 1351 445 1411 ptum
464 1349 516 1391 est:
537 1337 633 1408 quibus
651 1334 730 1387 rebus
749 1334 1005 1404 circumfluentibus,
1022 1334 1038 1386 i.
1049 1352 1072 1385 e.
1089 1333 1262 1387 affluentibus
1275 1336 1419 1407 undique.“

366 1428 390 1481 F
396 1446 440 1481 rc.
457 1423 547 1496 Sylr.
585 1424 700 1489 „Venet
715 1421 971 1491 circumfluentibus.
1007 1420 1061 1474 Sed
1076 1420 1153 1486 illud,
1168 1422 1289 1492 quamvis
1300 1421 1354 1474 boc
1366 1441 1416 1475 noo

369 1512 545 1584 rejiciendum
565 1511 643 1564 alicui
661 1510 731 1564 forte
750 1510 883 1574 videatur,
902 1508 1074 1562 retinendum
1092 1518 1174 1580 puto;
1201 1526 1266 1561 nam
1284 1520 1311 1561 et
1329 1508 1416 1561 simili·

369 1613 410 1656 ter
428 1600 483 1654 Au.
503 1601 536 1651 lt.
562 1599 616 1670 [ep.
636 1601 684 1652 21:
712 1598 763 1648 Ille
782 1598 885 1648 anticus
902 1606 993 1649 noster
1010 1615 1111 1665 semper
1127 1597 1157 1647 in
1174 1594 1257 1646 laude
1276 1599 1414 1663 versutus]

368 1690 553 1757 circumfluens
580 1683 697 1757 glorid.“
732 1683 908 1737 Camerar.
953 1682 1135 1749 „Gulielmius
1161 1681 1279 1736 malebat
1307 1685 1414 1735 circun-

360 1774 528 1848 fluentibus,
556 1792 588 1824 en
609 1784 699 1825 tomen
723 1791 767 1824 eos
790 1772 919 1835 maxime,
949 1790 978 1824 ex
996 1770 1176 1824 Mauriciano.
1212 1769 1248 1822 Et
1269 1790 1334 1824 sero
1355 1769 1411 1823 illud

368 1859 613 1931 circumfluentibus
632 1870 711 1913 exstat
730 1870 755 1912 et
774 1859 802 1911 in
822 1858 917 1931 primis
934 1857 1003 1911 Edd.
1019 1868 1046 1911 et
1064 1858 1232 1911 Victoriana:
1253 1870 1360 1913 ceterae
1372 1877 1410 1912 ac·

369 1950 468 2004 cedunt
487 1947 595 2002 nostris:
618 1947 663 2000 sed
682 1948 717 2000 ita
733 1957 838 2012 tamen,
858 1955 889 1998 ut
906 1964 988 2016 supra
1004 1943 1119 1998 babeant
1135 1945 1253 1997 homines
1272 1944 1353 1998 rebus
1369 1945 1409 2006 tis,

365 2039 412 2091 ubi
434 2056 483 2090 nos
501 2035 567 2088 illud
586 2036 703 2087 homines
721 2034 895 2106 expunximus
915 2052 993 2086 suasu
1018 2034 1140 2087 omnium
1164 2031 1222 2086 sere
1245 2034 1409 2086 membrana·

365 2127 456 2178 rum.“
481 2122 623 2176 Gruter.
661 2122 754 2176 Lamb.
779 2131 807 2175 et
829 2119 933 2174 Manut.
958 2120 1078 2173 odeum
1095 2121 1210 2173 viderem
1227 2119 1282 2175 reb.
1301 2121 1346 2172 bis
1365 2121 1408 2171 cir-

366 2213 548 2281 cumfluentes.
584 2208 663 2263 Grut.
682 2209 723 2262 ed.
742 2227 802 2260 cum
822 2207 937 2260 viderem
955 2208 1009 2263 reb.
1027 2209 1071 2260 lais
1088 2207 1314 2276 circumfluentes.
1348 2206 1406 2261 Pitb.

366 2317 426 2351 curn
444 2297 598 2350 viderentur
621 2296 674 2348 reb.
700 2296 743 2347 tis
764 2295 1019 2364 circumfluentibus.
1062 2295 1093 2347 ln
1112 2295 1239 2348 omnibus
1257 2295 1316 2349 sere
1336 2295 1406 2348 MSS.

365 2405 422 2439 non
453 2383 566 2437 babetur
591 2384 733 2438 hominess
757 2413 792 2422 —
838 2381 940 2449 „Quod
968 2385 1132 2454 scripserunt
1159 2383 1254 2436 bamb.
1281 2395 1310 2436 et
1337 2382 1404 2436 Grut.

365 2471 419 2524 reb.
455 2472 498 2522 his
532 2471 759 2539 circumfluentes,
794 2480 890 2522 neuter
917 2470 1021 2542 antiqui
1050 2469 1157 2524 Codicis
1187 2473 1348 2526 auctoritate
1373 2471 1403 2524 sic

363 2558 444 2614 scribi
471 2559 534 2611 ait.“
581 2558 687 2610 Vereor
716 2569 746 2611 ut
773 2557 920 2611 Lambinus
949 2570 995 2612 aut
1024 2578 1057 2611 eo
1085 2558 1222 2630 antiquior
1246 2579 1276 2612 ex
1305 2560 1403 2632 ingenio

364 2647 430 2701 baec
453 2647 492 2700 sic
517 2644 657 2700 refluxerit.
693 2645 762 2698 Nam
788 2644 926 2699 Pitboean.
953 2657 980 2700 et
1004 2646 1039 2699 nl.
1064 2646 1163 2713 codex,
1190 2646 1268 2700 cuius
1292 2658 1403 2718 excerpta

364 2756 447 2809 penes
466 2754 508 2787 me
529 2745 607 2800 sunt,
626 2753 678 2787 nec
696 2753 752 2787 non
770 2735 900 2789 editiones
918 2735 1147 2789 emendatissimae
1164 2736 1259 2806 Langii
1278 2748 1306 2789 et
1323 2737 1403 2789 Victo·

362 2822 395 2876 rii
420 2823 498 2873 rebus
524 2822 567 2873 liis
595 2822 853 2892 circumfluentibus,
883 2824 957 2895 quod
982 2836 1033 2878 est:
1061 2825 1089 2876 iu
1114 2842 1212 2894 magna
1236 2844 1329 2877 rerum
1352 2825 1402 2878 ista·

362 2928 425 2963 rum
447 2908 534 2979 copia.
571 2908 600 2961 ld
625 2908 712 2962 invitis
736 2909 810 2964 libris
834 2913 964 2965 veteribus
988 2931 1045 2965 non
1070 2923 1108 2965 est
1130 2911 1339 2965 immutandum.
1370 2910 1402 2963 llli

290 2991 303 3000 “
363 3000 384 3053 si
409 2996 570 3062 addixerint,
596 3015 653 3050 non
679 2998 881 3070 refragabimur.
925 3001 967 3054 Ad
987 3000 1136 3052 desiderare
1159 3008 1249 3052 autem
1273 3000 1342 3053 istos
1363 2993 1403 3050 u'ni

363 3087 448 3139 susci
465 3083 637 3137 referendum
656 3104 685 3137 ex
703 3089 940 3156 praecedentibus;
966 3088 1040 3160 quod
1066 3107 1129 3142 cum
1153 3106 1210 3140 non
1234 3086 1403 3159 intelligerent

363 3183 542 3238 correctores,
569 3172 700 3226 intrusere
721 3176 847 3229 domines.
885 3177 985 3229 Mirum
1007 3187 1096 3230 autem
1122 3194 1202 3247 quam
1227 3175 1256 3228 in
1276 3176 1318 3230 bis
1333 3178 1403 3229 Para·

362 3260 435 3316 dosis
452 3260 560 3331 grassati
586 3261 638 3315 sint
662 3262 737 3316 scioli
761 3275 786 3317 et
810 3263 1029 3335 interpolatores,
1055 3283 1124 3335 quos
1148 3276 1277 3318 centones
1297 3266 1402 3335 undique

361 3347 506 3413 assuerint,
526 3347 587 3419 quia
607 3349 763 3404 terebantur
781 3351 962 3424 plurimorum
981 3353 1118 3418 manibus,
1137 3354 1184 3424 qui
1203 3373 1255 3424 pro
1274 3366 1352 3426 captu
1368 3354 1402 3405 in·

359 3435 431 3507 genii
451 3445 477 3487 et
493 3435 631 3489 doctrinae
649 3437 733 3493 multa
755 3440 949 3508 immutarunt,
972 3440 1056 3495 multa
1074 3440 1247 3508 adiecerunt,
1266 3441 1401 3514 quaeipsis

360 3524 520 3577 videbantur
541 3523 713 3578 desiderari.“
733 3525 853 3581 Graes.

432 3609 510 3661 rebus
529 3610 571 3661 liis
590 3611 848 3683 circumfluentibus]
871 3614 915 3668 At.
934 3615 1051 3667 homines
1069 3614 1148 3667 rebus
1165 3616 1209 3667 bis
1227 3618 1400 3684 circumfluen-

358 3706 415 3749 tes:
442 3714 523 3767 quam
550 3694 693 3750 lectionem
718 3700 800 3755 refert
818 3701 948 3756 Graevius
972 3701 1007 3756 ad
1030 3700 1126 3755 sciolos
1150 3712 1176 3755 et
1198 3701 1399 3776 interpolatores,

358 3782 386 3835 in
402 3791 489 3834 totum
507 3780 560 3836 boc
578 3802 646 3854 opus
663 3786 837 3843 audacissime
855 3800 994 3862 grassatos.
1030 3788 1131 3844 Face.

430 3870 519 3937 Quum
533 3869 656 3930 videram,
673 3872 751 3928 rebus
768 3877 812 3929 bis
827 3877 1051 3947 circumfluentes]
1070 3875 1229 3940 Ediderunt,
1248 3875 1354 3931 Graevii
1365 3892 1398 3928 ra·

358 3954 477 4009 tionibus
500 3956 631 4026 permoti,
658 3960 906 4032 circumfluentibus
924 3962 1058 4027 Olivetus,
1088 3962 1154 4015 Ern.
1173 3963 1290 4020 Wetael.
1308 3963 1398 4019 Scbirtu

355 4041 482 4114 idemque
501 4041 689 4113 Gernberdus,
716 4067 778 4103 cum
804 4049 833 4103 in
858 4051 986 4105 contextis
1009 4049 1133 4103 edidisset
1150 4049 1221 4103 etin
1241 4049 1399 4104 annotatione

356 4129 567 4183 commendasset
585 4132 812 4204 circumfluentes,
840 4136 869 4190 in
887 4137 1016 4191 addendis
1041 4137 1142 4190 restitui
1166 4136 1275 4193 volebat
1302 4142 1398 4191 circum·

352 4217 505 4284 fluentibus
523 4216 628 4273 dicens:
654 4221 761 4291 Bentb,
780 4225 823 4278 cui
842 4226 1058 4295 circumfluentes
1076 4244 1131 4278 non
1152 4224 1290 4295 displicet,
1308 4230 1395 4278 serrato

360 4313 449 4358 tamen
460 4306 705 4375 circumfluentibus
715 4310 823 4364 coniicit
834 4312 881 4381 qui
890 4312 925 4364 iis
935 4310 1115 4367 abundarent.
1123 4339 1158 4350 -
1178 4312 1270 4382 Atque
1281 4329 1332 4383 ego
1342 4323 1396 4380 qu0·

359 4408 411 4460 que
430 4390 498 4445 tueri
515 4393 586 4446 idern
604 4393 735 4449 debebam
753 4409 855 4451 etcum
873 4398 942 4452 Pitb.
960 4398 1042 4452 duob.
1061 4397 1123 4452 Atd.
1143 4399 1185 4453 ed.
1205 4401 1277 4453 Ven.
1294 4399 1395 4454 scribete

359 4477 455 4547 quippe
465 4498 524 4531 curn
537 4481 697 4546 viderentur,
717 4484 800 4556 (vulg.
812 4485 938 4553 viderem)
957 4484 1035 4538 rebus
1047 4487 1091 4539 bis
1102 4486 1356 4561 circumfluentibus,
1370 4493 1393 4529 et
