3517 5450
566 732 761 779 rananoxou
786 732 833 777 ur.
862 733 931 779 oar.
949 734 983 779 u.
1229 713 1299 784 115

261 904 326 983 quid
338 902 494 967 homiues
509 901 688 965 doctissimi
704 902 890 965 senserint?
914 903 1106 982 praesertim
1123 921 1224 984 quum
1240 906 1301 970 hac

259 1037 410 1102 sententia
438 1054 504 1100 non
530 1036 631 1102 modo
658 1036 779 1111 verior,
806 1036 864 1101 sed
891 1055 932 1101 ue
955 1038 1067 1103 utiiior
1090 1038 1221 1120 quidem
1240 1041 1301 1104 ho-

258 1176 373 1239 minum
402 1174 490 1237 vitae
516 1173 654 1254 reperiri
680 1173 748 1235 ulia
770 1174 883 1253 possit.
936 1172 1030 1250 Quae
1056 1175 1104 1237 vis
1131 1180 1179 1239 est
1204 1178 1302 1253 enim,

258 1329 332 1391 quae
368 1310 478 1391 magis
518 1313 629 1373 arceat
666 1309 817 1373 homines
861 1310 904 1373 ab
950 1310 1158 1389 improbitate
1201 1313 1301 1387 omni,

258 1464 348 1527 quam
375 1448 406 1511 si
433 1446 610 1524 senserint,
644 1447 770 1510 nullum
803 1449 836 1511 in
864 1446 989 1511 deiiotis
1015 1462 1087 1509 esse
1110 1446 1302 1512 discrimen:

257 1601 354 1665 aeque
380 1599 599 1665 pomarese,
624 1582 652 1646 si
677 1583 830 1662 privatis,
853 1601 892 1647 ao
918 1584 945 1646 si
970 1582 1212 1662 magistratibus
1230 1600 1303 1647 ma-

257 1735 309 1782 nus
335 1718 510 1783 adierant:
543 1734 772 1799 quamcunque
813 1719 846 1780 in
873 1716 1009 1783 domum
1042 1721 1190 1799 stuprum
1216 1721 1303 1784 iutu-

258 1854 361 1931 lerint,
387 1850 528 1916 eandem
555 1868 626 1916 esse
652 1852 761 1916 labem
788 1851 958 1917 libidinis?
1011 1848 1163 1917 Nihilne
1189 1853 1304 1943 igitur

259 1987 408 2053 interest
434 1981 522 2073 (nam
547 1988 611 2051 hoo
637 1986 722 2050 diost
744 1985 871 2076 aliquis)
894 1997 1046 2076 patrem
1072 1986 1155 2074 quis
1180 2001 1304 2055 eneces

258 2146 302 2189 an
328 2115 506 2188 servum?
556 2123 652 2189 Nuda
685 2125 748 2188 ista
783 2126 811 2188 si
846 2142 970 2205 ponas,
1003 2124 1158 2202 iudicari,
1195 2127 1305 2207 qualia

258 2262 332 2340 sint,
359 2276 433 2325 non
455 2259 551 2324 iaoiie
576 2264 723 2341 possunt.
782 2261 912 2326 Patrem
939 2262 1006 2326 vita
1031 2261 1162 2341 privare
1196 2263 1223 2325 si
1245 2279 1306 2343 per

258 2416 288 2462 se
319 2399 432 2461 scelus
464 2401 528 2470 est;
565 2394 756 2476 Saguntini,
791 2401 846 2479 qui
883 2404 1035 2481 parentes
1069 2414 1147 2462 suos
1182 2398 1305 2462 liberos

259 2535 376 2612 emori,
401 2550 503 2614 quam
526 2550 640 2599 servos
667 2534 778 2598 vivere
804 2536 999 2611 maluerunt,
1026 2535 1210 2615 parricidae
1232 2535 1306 2598 fue·

259 2676 336 2736 mut
398 2669 490 2751 Ergo
517 2674 549 2735 et
581 2670 711 2753 parenti
734 2686 982 2752 nonnumquam
1010 2669 1110 2734 adimi
1144 2671 1210 2734 vita
1236 2671 1305 2734 sine

257 2765 378 2875 scelere
402 2810 527 2889 potest:
554 2811 586 2870 et
611 2824 708 2871 servo
729 2825 827 2889 saepe
850 2808 922 2872 sine
948 2808 1068 2871 iniuria
1094 2823 1162 2872 non
1189 2810 1306 2886 potest.

261 2942 363 3009 Causa
389 2943 490 3022 igitur
514 2943 613 3018 haee,
648 2960 715 3007 non
749 2929 866 3009 natura
892 2943 1075 3024 distinguit:
1112 2960 1196 3024 quae
1232 2947 1306 3006 utro

262 3072 411 3155 accessit,
447 3077 480 3140 id
521 3080 556 3142 fit
586 3081 799 3160 propensius;
842 3083 869 3144 si
904 3060 1044 3161 utroque
1071 3077 1223 3143 adiunota
1249 3081 1307 3153 est,

262 3217 351 3294 paria
377 3215 473 3291 fiant,
500 3231 634 3279 necesse
660 3222 717 3280 est.
778 3218 861 3281 iilud
890 3221 1001 3282 tamen
1026 3217 1179 3290 interest,
1218 3216 1307 3297 quod

261 3350 289 3413 in
318 3366 418 3413 servo
446 3334 614 3427 necando,
657 3353 685 3415 si
711 3351 743 3413 id
769 3353 805 3415 fit
826 3352 964 3425 iniuria,
1004 3350 1106 3411 semei
1133 3353 1307 3429 peceatum

260 3485 288 3549 iu
318 3487 422 3568 patris
448 3486 514 3550 vita
539 3458 694 3550 violanda
720 3488 823 3550 muita
850 3489 1035 3577 pennantur.
1094 3481 1244 3546 Violatur
1269 3482 1307 3556 is,

261 3624 314 3705 qui
342 3622 547 3704 procreavit;
575 3622 618 3698 is,
646 3621 702 3702 qui
729 3622 827 3696 aluit;
853 3623 899 3700 is,
927 3621 980 3703 qui
1005 3618 1161 3692 erudivit;
1188 3617 1225 3694 is,
1253 3616 1307 3696 qui

258 3757 290 3822 in
332 3755 411 3821 sede
442 3774 489 3841 ao,
521 3757 640 3833 domo,
678 3761 775 3837 atque
813 3758 846 3819 in
884 3776 920 3820 re
955 3756 1087 3837 publica
1125 3752 1308 3817 ooiiooavit.
1405 3796 1418 3825 .

255 3890 469 3960 Multitudine
493 3897 701 3973 peccatorum
729 3897 892 3974 praestat,
918 3908 1025 3973 eoque
1050 3907 1158 3971 poena
1182 3889 1308 3952 maiore

255 4029 378 4110 dignus
400 4031 458 4090 est.
510 4027 575 4092 Sed
604 4046 665 4092 nos
691 4030 725 4091 iu
752 4029 835 4103 vita,
868 4044 937 4090 non
964 4043 1048 4109 quae
1076 4027 1195 4105 suique
1231 4041 1309 4104 pen-

257 4169 336 4228 oato
364 4179 474 4243 poena
498 4163 555 4241 sit,
588 4165 645 4228 sed
675 4169 831 4245 quantum
863 4164 981 4244 cuique
1017 4163 1129 4235 liceat,
1162 4162 1309 4238 spectare

259 4297 440 4360 debemus:
466 4299 619 4379 quioquid
646 4318 714 4364 non
742 4304 888 4380 oportet,
916 4300 1022 4362 scelus
1048 4313 1135 4359 esse:
1156 4289 1309 4374 quioquid

260 4431 448 4507 nonlicet,
472 4433 564 4498 nefas
591 4441 705 4515 putare
732 4435 899 4499 debemus.
950 4434 1100 4499 Etiamne
1121 4432 1154 4492 in
1167 4427 1310 4492 minimis
