3517 5450
592 1534 647 1614 Μ.
674 1535 859 1622 TULLII
885 1537 1173 1621 CICERONIS

414 1726 464 1853 P
533 1727 714 1885 An
784 1730 842 1857 Α
913 1733 972 1860 D
1041 1735 1095 1863 0
1163 1737 1228 1866 X
1296 1744 1355 1869 A

562 1975 1211 2155 STOlCORUM

861 2239 903 2286 AD

718 2399 773 2474 Μ.
799 2400 1036 2476 BRUTUM.

798 2599 962 2608 -.----

693 2736 1070 2796 PROOEMIUM.

362 2870 617 3008 Animadverti,
642 2928 752 3010 Brute,
778 2947 877 3012 saepe
893 2929 1064 3009 Catonem,
1090 2935 1288 2997 avnneuium
1305 2940 1406 3011 tirum,

359 3082 426 3131 enm
459 3068 496 3131 in
529 3071 645 3133 senatu
677 3068 872 3133 sententiam
907 3068 1050 3147 diceret,
1086 3048 1178 3136 loces
1213 3089 1330 3153 graves
1364 3091 1406 3137 ex

355 3203 563 3288 philosophia
594 3210 752 3282 tractare,
786 3204 1002 3270 abhorrentes
1035 3206 1077 3269 ab
1104 3206 1169 3271 hoe
1193 3222 1256 3269 usn
1281 3206 1406 3272 forensi

354 3344 383 3405 et
402 3341 557 3425 puhli003
583 3342 642 3407 sed
667 3342 807 3407 dicendo
834 3340 993 3422 consequi
1018 3345 1139 3418 tamen,
1165 3345 1201 3403 nt
1225 3340 1282 3404 illa
1308 3342 1407 3405 etiam

353 3478 476 3561 populo
496 3479 684 3562 probabilia
702 3479 902 3545 riderentur.
954 3475 1053 3555 Quod
1075 3493 1117 3539 eo
1142 3477 1250 3559 majus
1275 3481 1325 3539 est
1349 3478 1406 3556 iiii,

353 3630 450 3694 qnam
485 3617 542 3679 ant
570 3615 647 3694 tihi,
683 3620 739 3680 nnt
772 3616 887 3681 nobis:
925 3615 1004 3695 quia
1035 3630 1097 3679 nos
1130 3632 1171 3679 ea
1195 3614 1407 3695 philosophia

351 3749 421 3829 pius
447 3750 589 3827 utimur,
623 3767 708 3832 qnae
734 3751 862 3834 peperit
886 3747 1015 3815 dicendi
1041 3752 1190 3831 copiam,
1223 3752 1313 3815 etin
1341 3770 1407 3833 qne

352 3882 505 3949 dicuntur
524 3902 575 3965 ea,
601 3903 687 3967 quae
712 3903 781 3951 non
805 3887 946 3951 multum
966 3886 1153 3968 discrepant
1179 3888 1221 3951 ab
1248 3890 1406 3969 opinione

352 4021 521 4102 populari:
548 4018 631 4087 nato
657 4026 785 4100 antem,
811 4022 993 4104 perfectus,
1019 4038 1095 4087 men
1112 4023 1291 4101 sententia,
1318 4020 1405 4086 Stor-

353 4171 417 4232 ons,
444 4158 479 4217 et
497 4171 542 4219 ea
565 4158 672 4236 sentit,
699 4174 784 4239 quae
810 4174 879 4222 non
905 4142 986 4222 eane
1011 4159 1194 4239 probantur
1218 4160 1254 4221 in
1279 4158 1405 4235 vulgus,

351 4293 381 4353 et
405 4290 441 4353 in
468 4306 511 4353 ea
536 4295 585 4355 est
609 4291 750 4372 haeresi,
777 4310 861 4377 quae
881 4294 1007 4358 nullum
1025 4295 1172 4374 sequitur
1190 4293 1307 4356 florem
1326 4305 1405 4353 ora-

350 4423 468 4503 tionis,
502 4442 612 4506 neque
638 4428 751 4495 dilatat
777 4435 1025 4512 argumentum,
1062 4430 1119 4492 sed
1145 4426 1277 4490 minutis
1303 4425 1404 4489 inter-

1100 4558 1117 4625 l
