3517 5450
661 691 856 739 raatuoxon
877 694 924 739 ιιι.
968 695 1037 741 car.
1057 697 1079 742 ι.
1323 677 1393 750 135

350 850 415 915 fecti,
434 849 543 902 virtutes
561 861 586 902 et
605 849 744 920 pravitates
764 850 862 904 babent
881 852 987 922 gradus.
1035 857 1069 906 Αι
1090 875 1150 907 reru
1178 856 1330 911 Stoicorum
1351 881 1393 912 sa-

350 940 412 1008 piens
428 949 466 990 est
487 937 623 1008 perfectus
649 950 677 991 ut
701 939 781 1005 dens,
811 958 877 1009 ergo
902 939 1122 1010 sapientissimus:
1152 944 1279 1016 insipiens
1303 958 1391 999 autem

348 1045 430 1080 eornm
446 1037 485 1080 est
504 1026 742 1097 insipientissimus.
790 1027 901 1080 Deltae
927 1027 990 1080 falsa
1011 1029 1214 1084 ratiocinatione
1238 1035 1302 1086 recti
1322 1035 1391 1087 eins-

347 1135 389 1188 rpte
406 1115 479 1187 apud
499 1113 606 1168 Stoicos
624 1113 727 1169 fallacia
746 1117 781 1169 cf.
800 1115 904 1168 Seneca
923 1114 972 1185 Ep.
993 1119 1036 1170 65.
1055 1127 1080 1170 et
1099 1117 1213 1187 Epictet.
1233 1141 1259 1190 p.
1269 1125 1331 1175 tat.
1351 1122 1392 1172 ed.

346 1201 437 1272 Uptou.
456 1203 556 1274 quibus
573 1201 687 1255 addatur
707 1202 810 1273 Lipsius
841 1203 868 1255 in
894 1202 1051 1256 Manuduct.
1075 1204 1107 1256 ad
1134 1205 1231 1259 Philus.
1260 1207 1341 1262 Stoic.
1363 1210 1391 1264 la.

346 1291 490 1345 ttt.c.4.⁴⁴
527 1291 710 1360 Wyttenb.

407 1391 479 1431 certe
500 1398 533 1430 ue
553 1378 617 1430 bono
639 1379 744 1450 quidem
763 1379 857 1429 niellus
877 1379 1020 1450 quicquum
1042 1380 1156 1431 inveniri
1173 1385 1283 1449 potest]
1314 1383 1391 1447 „lloc

347 1468 474 1522 mactabit
489 1465 602 1531 Stoicis,
623 1464 787 1534 κατόρθωμα
806 1467 990 1520 statuentibus.
1036 1467 1103 1519 Nam
1130 1468 1157 1519 in
1185 1470 1277 1522 mediis
1296 1470 1390 1522 officiis

345 1568 368 1610 ut
384 1575 433 1610 nec
450 1555 596 1620 virtutum,
616 1555 650 1606 ita
671 1573 722 1606 nee
741 1566 914 1625 peccatorum
935 1555 1081 1626 aequalitas
1106 1575 1161 1608 esse
1186 1559 1292 1627 poterit.
1336 1555 1389 1610 Sed

345 1643 379 1696 illa
397 1639 608 1712 κατορθώματος
628 1642 757 1712 perfectio
778 1662 911 1715 nusquam
930 1645 1050 1714 gentium
1078 1644 1166 1697 adbuc
1190 1646 1295 1698 inventa
1322 1650 1388 1697 est.“

346 1730 426 1801 Xyst.
446 1730 560 1784 Betnl.

404 1830 477 1871 certe
494 1838 554 1870 nec
573 1818 805 1890 bonoquidem]
844 1817 1035 1889 „Exponamns
1061 1819 1133 1872 bunc
1160 1820 1267 1888 locum,
1295 1823 1389 1894 nequis

345 1921 396 1960 enm
413 1907 550 1978 depravet.
591 1907 818 1976 Quemadmodum
839 1907 954 1980 (iuquit)
972 1909 1041 1960 nibil
1058 1918 1130 1959 rectu
1148 1911 1247 1961 tertius
1266 1920 1321 1972 est,
1346 1911 1388 1960 ita

344 2013 383 2046 nec
399 1994 466 2048 bono
480 1996 585 2046 melias.
623 1995 673 2048 llic
702 2015 757 2047 non
786 1995 870 2046 ausim
896 1994 1000 2048 dicere:
1029 1999 1076 2046 Ita
1102 2016 1140 2046 ne
1164 1995 1230 2047 dono
1252 1997 1387 2067 quidem

344 2084 435 2135 niellus.
480 2083 547 2134 Nam
568 2102 629 2135 cnm
649 2082 747 2136 Cicero
768 2084 795 2136 in
814 2083 888 2136 bono
918 2095 945 2137 et
972 2095 1045 2136 recto
1072 2083 1258 2154 aequalitatem
1282 2093 1387 2147 statuat,

344 2169 409 2224 inea
431 2182 522 2223 antem
542 2170 678 2236 oratione,
699 2190 768 2242 quae
786 2190 834 2243 per
852 2191 884 2223 ne
904 2183 928 2224 et
947 2172 1051 2243 quidem
1068 2171 1195 2237 effertur,
1213 2191 1319 2242 semper
1337 2171 1386 2223 ali-

344 2259 397 2328 quid
416 2257 558 2331 inaequale
576 2257 756 2329 significetur,
777 2259 873 2325 idest,
904 2279 961 2312 mea
982 2262 1125 2324 sententia,
1151 2257 1221 2312 inter
1240 2258 1306 2312 baec
1331 2259 1386 2311 duo

344 2342 462 2418 loquendi
482 2365 583 2416 genera
601 2345 775 2412 discriminis,
803 2348 875 2418 qnod
904 2348 974 2401 inter
992 2346 1103 2420 aequale
1122 2359 1149 2400 et
1167 2345 1315 2417 inaequale.
1352 2347 1386 2400 Et

343 2434 396 2502 qnia
414 2434 513 2487 Cicero
530 2452 578 2485 uec
597 2454 646 2504 pro
664 2453 696 2485 nc
714 2447 842 2507 sequente
861 2438 967 2508 quidem
985 2436 1087 2507 aliquot
1106 2434 1171 2488 locis
1189 2437 1325 2506 usurpavit
1343 2436 1386 2504 (nt

342 2518 496 2577 Officiornm
516 2522 549 2573 ll.
576 2522 609 2573 de
631 2522 727 2575 lustitia
747 2524 889 2591 [1¹,40.]:
918 2524 1011 2592 cuius,
1036 2523 1137 2594 inquit,
1162 2532 1244 2573 tanta
1269 2521 1308 2574 ris
1335 2533 1385 2585 est,

342 2623 441 2664 atnec
460 2612 503 2664 illi
521 2611 672 2682 quidem,
698 2612 745 2681 qni
762 2611 895 2678 maleficio
920 2622 946 2662 et
966 2612 1063 2662 scalere
1084 2619 1253 2678 pascuntur,
1279 2608 1384 2676 possint

341 2701 388 2753 rire
405 2702 465 2753 ulla
482 2700 623 2770 particula
641 2698 765 2750 iustitiae
785 2697 901 2764 vivere),
931 2699 956 2750 id
977 2698 1049 2769 quod
1068 2696 1195 2750 Erasmus
1212 2713 1244 2750 ac
1261 2693 1386 2766 Budaeus

340 2800 508 2850 annotarunt,
533 2807 565 2839 eo
586 2785 649 2838 mibi
664 2785 752 2856 lapsus
768 2785 836 2837 risus
855 2797 894 2838 est
912 2785 1033 2852 facilior,
1059 2797 1088 2838 ιιι
1112 2784 1197 2839 lector
1222 2783 1261 2837 sel
1289 2802 1383 2853 parurn

339 2877 451 2931 eruditus
468 2876 507 2929 sel
527 2876 620 2927 miuus.
632 2874 844 2927 animadvertens
869 2874 939 2927 idem
966 2876 1045 2928 etiam
1070 2874 1121 2927 boc
1145 2874 1206 2926 loco
1225 2873 1384 2926 Ciceronem

339 2963 422 3020 fecisse
443 2966 577 3030 crederet,
597 2983 658 3016 cnm
679 2975 767 3015 tamen
788 2964 893 3034 quidem
919 2963 951 3015 ad
972 2962 1166 3033 plenitudinem
1191 2959 1319 3014 orationis
1336 2962 1384 3013 ad-

336 3051 428 3108 iectum
447 3054 488 3105 sit.
524 3051 570 3104 Sic
588 3050 684 3103 Graeci
703 3054 732 3116 γε’
751 3049 880 3121 particula
907 3062 1020 3104 utuntur
1036 3051 1180 3104 interdum.
1225 3048 1384 3101 Demosthe-

336 3158 377 3196 nea
401 3140 551 3210 Philippica
578 3139 662 3209 prima
690 3139 729 3209 [p.
746 3143 791 3205 tt,
817 3141 869 3205 1.];
891 3131 919 3190 'ri
939 3136 990 3208 γάρ
1014 3136 1097 3208 i'pond
1117 3158 1157 3195 τις
1173 3133 1255 3201 ὑμᾶς,
1282 3136 1383 3206 ιιρήνην

334 3221 419 3293 ἄγετε,
442 3216 463 3278 ui
486 3224 580 3296 ἄνδρες
598 3223 752 3299 Ἀβηνπῖοις
775 3222 813 3286 aa*
838 3224 881 3279 Δι’
900 3224 947 3292 οὐχ
971 3221 1043 3296 ἡμεῖς
1060 3247 1110 3292 ys,
1134 3222 1225 3278 εἴποιτ’
1242 3226 1288 3289 ιῖν,
1315 3221 1383 3275 α’λλά

334 3318 452 3384 Φιλίππῳ
472 3314 657 3375 πολεμοῦμεν.“
681 3313 884 3367 Morisotns.
931 3314 1109 3379 „Membrana
1134 3313 1267 3365 Leidensis
1286 3311 1383 3364 omittit

334 3384 451 3471 pridem:
481 3413 570 3465 recte3
588 3421 620 3453 ne
639 3401 710 3453 enim
731 3400 841 3471 ponitur
867 3420 917 3471 pro
938 3402 1111 3472 rae-quidem.
1154 3400 1215 3452 Vid.
1241 3400 1382 3469 exquisitae

334 3487 468 3546 luctrinae
488 3489 590 3554 sirum,
609 3488 640 3541 C.
660 3492 692 3542 Α.
712 3486 868 3540 Dnclernm
895 3488 929 3540 ad
949 3488 1020 3540 flor.
1040 3488 1083 3553 lll,
1103 3492 1147 3554 ll,
1167 3493 1191 3541 2.
1219 3498 1244 3539 et
1270 3486 1301 3537 ad
1327 3485 1379 3537 [ιιι.

334 3575 423 3645 tLtV,
441 3582 505 3634 36.“
522 3576 696 3631 Ruhnken.
725 3576 758 3630 ad
780 3574 860 3630 ttutit.
885 3576 952 3646 Lup.
983 3596 1008 3646 p.
1023 3578 1075 3629 tttt
1093 3596 1131 3648 sq.
1152 3605 1185 3616 -
1229 3574 1381 3628 Obsecutns

334 3679 363 3721 >st
384 3664 547 3719 Rubnlrenio
572 3663 717 3719 Scbiitzins.
754 3664 928 3718 Gernlrardus
946 3678 1034 3718 autem
1061 3664 1088 3716 in
1114 3664 1267 3729 Addendis,
1292 3662 1380 3728 „lnre‚

334 3756 429 3827 nquit,
451 3753 574 3806 Bremins
592 3755 625 3806 ad
645 3753 722 3806 Finn.
736 3753 755 3818 l,
775 3758 801 3818 6,
820 3757 863 3808 31.
884 3765 977 3807 contra
995 3752 1133 3814 Davisium
1150 3764 1175 3805 et
1194 3748 1381 3803 Rnbnlreninm

334 3844 444 3907 lubilat,
464 3862 514 3908 au,
544 3842 565 3894 si
583 3862 615 3893 ne
636 3861 684 3912 pro
703 3842 867 3912 ize-quidem
886 3843 919 3894 ab
946 3842 1003 3894 aliis
1021 3840 1196 3911 scriptoribus
1221 3839 1322 3893 dictum
1341 3837 1381 3898 sit,

334 3933 398 3986 dem
418 3929 596 3983 Ciceroniana
615 3929 728 3994 dicatur,
746 3929 834 3981 donec
853 3948 884 3980 ex
902 3929 959 3999 ipso
979 3929 1110 3983 Cicerone
1128 3939 1199 3982 certa
1219 3938 1246 3981 et
1260 3926 1381 3979 omnium

334 4019 414 4072 lodd.
433 4018 591 4071 anctoritate
610 4016 767 4071 confirmata
786 4016 906 4087 exempla
927 4017 1107 4087 proferantur.
1149 4016 1217 4068 Nam
1236 4017 1305 4068 iusto
1323 4013 1382 4083 plus

334 4105 541 4177 )udeudorpius
559 4104 650 4159 tribuit
668 4103 794 4158 Duclrero
813 4105 846 4157 ad
866 4104 992 4168 Florum,
1019 4116 1049 4158 nt
1067 4104 1206 4157 lleindorf.
1230 4104 1262 4157 ad
1288 4102 1380 4154 Horat.

334 4194 382 4251 iat.
402 4196 435 4261 ll,
456 4198 482 4261 3,
502 4199 563 4248 262.
607 4192 793 4247 Rubnlrenio.“
840 4193 921 4247 Nunc
948 4193 1056 4263 quidem
1086 4212 1119 4244 ne
1147 4211 1196 4264 pro
1221 4189 1381 4260 rte-quidem

334 4284 379 4339 lici
400 4304 455 4337 ιιοιι
476 4302 552 4354 posse
575 4293 698 4336 accurate
724 4283 845 4353 probavit
862 4280 978 4352 Madvig.
1006 4281 1039 4334 ad
1058 4278 1114 4333 Cic.
1141 4280 1173 4332 de
1200 4279 1278 4329 Finn.
1295 4275 1317 4339 l,
1337 4278 1380 4339 11,

334 4374 369 4426 ill.
392 4392 416 4442 p.
437 4375 470 4425 82
491 4392 530 4442 sq.
550 4383 576 4424 et
594 4372 621 4423 in
640 4370 758 4423 Excursn
777 4370 821 4423 lll.
842 4391 867 4440 p.
876 4374 937 4425 818.
977 4372 1030 4422 lam
1052 4388 1113 4421 rero
1132 4368 1210 4420 etiam
1229 4384 1284 4417 non
1306 4375 1382 4435 pote·

335 4460 363 4513 ·it
382 4460 567 4515 commendari
586 4479 634 4511 nec
653 4488 686 4497 -
706 4459 810 4529 quidem
837 4471 896 4529 post
914 4479 961 4524 ea,
994 4477 1063 4529 quae
1088 4456 1239 4509 docuerunt
1259 4452 1380 4522 Madvig.
