3517 5450
677 753 719 798 ao
747 751 1010 815 einamma—rr,
1041 751 1066 801 1.
1333 733 1405 807 341

352 907 395 963 Est
418 907 501 979 igitur
527 909 639 980 insignis
665 909 731 967 baec
748 911 858 964 lacuna:
884 913 993 984 quidam
1021 912 1145 967 librarius
1171 934 1200 967 es
1228 934 1277 970 suo
1304 918 1405 984 codice,

352 1017 431 1068 quem
451 997 575 1074 babebat,
592 998 631 1051 vel
643 1018 697 1052 non
717 1000 905 1055 animadvertit
921 1002 1044 1057 excidisse
1061 1002 1163 1073 aliquot
1177 1003 1249 1071 folia,
1268 1006 1307 1058 vel
1321 1027 1403 1078 quum

352 1086 585 1154 animadvertisset,
605 1107 633 1141 ea
654 1108 723 1160 quae
743 1101 901 1160 supererant
920 1101 1047 1163 tanquam
1067 1091 1194 1145 continua
1213 1102 1240 1145 et
1258 1092 1405 1147 cohaeren-

352 1176 384 1229 tia
405 1177 568 1248 perscripsit.
605 1177 677 1230 Vidit
696 1176 748 1230 boc
775 1179 854 1230 etiam
874 1176 976 1250 Caspar
993 1178 1136 1250 Scioppius
1161 1179 1188 1230 in
1207 1178 1292 1235 Elem.
1315 1182 1407 1235 Philo-

351 1263 459 1336 sophiae
479 1264 590 1317 Moralis
610 1285 634 1335 p.
647 1268 689 1318 Π.
708 1264 829 1319 laudatus
847 1266 926 1319 etiarn
946 1266 1070 1320 Fabricio
1083 1266 1110 1318 in
1130 1266 1160 1320 B.
1169 1265 1199 1319 L.
1209 1266 1242 1319 T.
1252 1266 1270 1320 l.
1291 1287 1316 1338 p.
1328 1270 1407 1322 199.“

350 1354 388 1404 W
395 1351 596 1424 yttenbach.
617 1353 673 1420 [Est
692 1353 719 1405 in
737 1353 787 1406 Ed.
806 1354 921 1408 Fabricii
942 1354 972 1408 B.
990 1354 1020 1409 L.
1039 1353 1235 1425 Hamburgensi
1255 1355 1300 1423 (Α.
1313 1356 1405 1423 tter.)

352 1462 375 1512 p.
397 1445 459 1495 126.
480 1441 513 1496 Τ.
532 1440 562 1508 1.]

422 1527 493 1581 Nihil
514 1547 601 1600 neque
621 1528 708 1581 deesse
740 1549 827 1601 neque
856 1531 1042 1601 perturbatum
1069 1548 1123 1582 esse
1141 1530 1170 1581 in
1196 1527 1247 1582 hoc
1268 1529 1405 1582 Paradoso

352 1637 413 1671 curn
433 1615 643 1671 Gernbardo
663 1637 722 1670 vere
742 1618 819 1671 nobis
838 1617 1002 1672 contendere
1027 1617 1129 1670 ridetur
1147 1616 1273 1669 Orellius.
1326 1616 1406 1684 Quo·

351 1727 412 1759 rum
432 1706 477 1758 ille
498 1718 568 1760 recte
587 1718 679 1760 monet
698 1704 749 1758 hoe
767 1705 907 1759 Paradoro
925 1706 1022 1778 qtiarto
1041 1724 1096 1758 nou
1118 1714 1172 1758 tam
1192 1724 1221 1757 ex
1240 1704 1296 1776 ipsa
1321 1703 1407 1759 stulti-

352 1797 402 1849 tiae
423 1796 533 1848 notione
559 1794 735 1848 demonstrari
762 1812 861 1846 omnem
879 1795 996 1845 stultum
1020 1794 1154 1850 insanire,
1182 1810 1263 1863 quam
1290 1791 1406 1862 aliquem

352 1883 440 1935 Clodii
458 1883 571 1935 similem
601 1882 779 1935 adversarium
798 1882 924 1934 insanum
942 1900 997 1933 esse
1015 1880 1107 1951 argui,
1134 1880 1236 1952 quippe
1261 1881 1306 1951 qui
1327 1879 1406 1933 Cice·

352 1990 446 2023 ronem
467 1991 501 2024 ne
519 1971 621 2024 civitate
642 1970 750 2042 quidem
771 1968 870 2042 pellere
890 1970 1021 2040 potuerit,
1041 1970 1169 2040 quoniam
1190 1979 1247 2022 tum
1267 1988 1322 2021 non
1342 1970 1405 2021 civi-

352 2070 390 2113 tas
410 2059 504 2124 fuerit,
533 2078 595 2112 cum
626 2059 696 2129 leges
714 2059 741 2111 in
762 2077 791 2110 ea
812 2057 875 2111 nibil
903 2057 1032 2110 valebant.
1077 2056 1238 2111 Ciceronem
1268 2058 1348 2128 igitur
1379 2059 1405 2108 in
1508 2074 1512 2080 ’

352 2148 477 2202 stultitiae
496 2159 521 2201 et
540 2147 658 2200 insaniae
678 2147 831 2201 definitione
851 2146 966 2200 noluisse
982 2146 1107 2215 haerere,
1136 2145 1182 2199 sed
1207 2164 1269 2199 cum
1294 2148 1321 2197 in
1341 2143 1406 2197 Clo-

352 2238 388 2289 dii
408 2236 518 2289 libidine
535 2235 655 2289 furorem
675 2247 700 2289 et
717 2235 848 2289 insaniam
868 2237 952 2288 inesse
977 2234 1104 2289 facillime
1132 2254 1208 2306 posse
1233 2233 1344 2304 intelligi
1369 2233 1407 2284 vi-

352 2325 471 2388 deretur,
487 2324 612 2394 exemplis
630 2324 655 2376 id
670 2335 695 2377 et
714 2324 793 2377 rebus
812 2324 934 2377 maluisse
952 2323 1122 2394 persuadere.
1159 2323 1293 2393 Acceptae
1312 2342 1373 2374 vero
1392 2341 1407 2374 a

353 2413 450 2466 Clodio
469 2412 582 2466 iniuriae
601 2413 758 2465 memoriam
777 2425 803 2466 et
821 2414 888 2466 iram
909 2413 934 2465 id
954 2412 1087 2475 ellecisse,
1107 2422 1137 2465 ut
1155 2412 1326 2465 tumultuaria
1345 2431 1406 2463 ora·

352 2499 390 2552 tio
411 2499 438 2552 in
457 2499 529 2552 aliud
549 2499 701 2570 paradoxon
718 2499 870 2554 deflecteret
889 2500 951 2554 huie
969 2499 1175 2553 iunctissimum:
1202 2499 1303 2550 stultos
1320 2518 1407 2550 ornnes

352 2607 410 2640 esse
428 2589 536 2640 exules:
567 2588 614 2640 nisi
635 2588 745 2641 velimus
773 2608 823 2660 pro
852 2589 947 2642 eodem
966 2588 1072 2653 baberi,
1106 2586 1178 2658 quod
1199 2585 1309 2657 plenum
1328 2597 1407 2639 exstet

354 2696 405 2749 pro
423 2675 539 2729 Murena
559 2695 583 2731 e.
602 2679 726 2731 29anos
745 2678 793 2749 qni
817 2678 953 2747 sepientes
978 2696 1156 2743 noueremus,
1179 2676 1331 2746 fugitivos,
1355 2694 1408 2724 ex-

353 2766 461 2830 sules,
479 2766 584 2823 hostes,
601 2766 745 2818 insanos
764 2767 877 2839 denique
895 2785 952 2819 esse
972 2767 1073 2819 dieunt.
1120 2764 1196 2830 „Nec
1215 2765 1312 2816 mirum
1332 2766 1408 2834 (per-

353 2856 393 2927 git
410 2853 459 2922 G.)
482 2851 642 2908 Ciceronem
667 2853 695 2905 in
722 2853 771 2908 bae
790 2854 877 2908 Clodii
905 2854 1077 2908 describenda
1096 2851 1203 2906 stultitia
1234 2872 1281 2904 seu
1306 2851 1408 2904 insania

353 2941 554 3014 opportunitate
572 2959 650 2993 usum
668 2960 722 2993 esse
741 2943 920 3014 opponendae
939 2962 1001 2995 suae
1019 2941 1178 3012 sapientiae,
1208 2940 1253 3011 qui
1280 2940 1341 2992 istas
1366 2940 1408 2991 in·

354 3030 436 3081 iurias
455 3030 634 3082 contemserit.
670 3028 706 3082 lta
725 3029 803 3083 thesis
820 3030 864 3083 illa
893 3050 991 3083 ornnem
1009 3030 1124 3082 stultum
1141 3029 1273 3096 insanire,
1302 3029 1330 3081 in
1356 3049 1408 3099 qua

353 3120 515 3189 interpretes
533 3116 688 3183 haeserunt,
717 3119 780 3172 lerri
807 3132 906 3192 potest,
937 3121 957 3173 si
980 3119 1090 3172 verbum
1118 3118 1169 3171 boc
1188 3117 1312 3171 latissimo
1331 3134 1409 3171 sensu

353 3206 513 3277 intelligitur
531 3205 620 3257 omnia
641 3206 700 3258 sitia
720 3208 885 3261 continere.⁴‘
929 3207 1029 3261 Contra
1054 3206 1160 3259 Graevii
1185 3218 1210 3260 et
1235 3206 1340 3260 Ernesti
1366 3227 1410 3258 es-

354 3294 513 3366 plicationes
531 3295 601 3347 idem
622 3306 724 3359 monet,
745 3314 786 3348 res
801 3316 855 3349 esse
875 3309 930 3348 non
949 3308 1003 3348 tam
1022 3306 1179 3365 argumenta
1193 3315 1274 3365 quarn
1294 3296 1410 3349 rationes

353 3385 383 3436 in
403 3383 479 3436 lactis
497 3383 608 3454 positas:
627 3402 792 3454 quamquam
810 3383 881 3455 apud
902 3383 1061 3437 Ciceronem
1079 3382 1220 3452 singularis
1239 3401 1267 3432 re
1286 3393 1311 3434 et
1324 3385 1408 3453 sucro

354 3471 522 3542 reperiatur,
542 3470 619 3523 rebus
638 3483 726 3524 autem
745 3490 794 3542 pro
813 3472 889 3524 sactis
907 3471 1048 3524 desideres.
1084 3468 1210 3523 Ceterum
1229 3471 1352 3523 c'nnseras
1365 3492 1410 3523 re-

354 3562 401 3613 lim
422 3561 500 3613 etiam
519 3558 678 3631 Herzogium
697 3560 734 3612 ad'
750 3557 825 3613 Caes.
846 3561 878 3612 de
898 3559 928 3613 B.
948 3557 978 3613 C.
998 3559 1017 3626 l,
1037 3562 1062 3612 8.
1080 3558 1126 3629 qui
1144 3559 1177 3611 ad
1198 3558 1291 3610 verba:
1307 3560 1409 3609 Eadem

350 3651 415 3721 sere
433 3659 517 3720 utque
535 3650 631 3701 eisdem
652 3650 754 3701 rebus
776 3649 964 3719 praeteragit
989 3668 1049 3701 cum
1068 3652 1195 3711 Caesare,
1220 3664 1311 3699 rocem
1332 3645 1409 3697 rebus

356 3736 432 3789 vertit
444 3736 584 3809 factisclu
603 3738 726 3801 Griimle‚
743 3736 804 3791 coll.
821 3735 918 3790 Tusce.
935 3736 954 3801 l,
973 3741 1016 3804 48,
1036 3740 1101 3791 1162
1121 3736 1174 3786 His
1192 3733 1348 3786 auctoribus
1367 3737 1410 3786 usi

355 3826 534 3895 confirmant,
562 3842 672 3876 causum
691 3824 794 3877 rebus
818 3824 916 3894 (durch
935 3824 1115 3891 Thatsacben)
1141 3842 1160 3875 o
1180 3824 1232 3875 (liis
1250 3823 1410 3875 immortuli-

354 3913 405 3964 bus
424 3911 588 3964 iudicatam:
613 3911 659 3964 ubi
679 3911 728 3965 vid.
745 3923 837 3966 annot.
857 3923 939 3966 nostr.
957 3912 989 3966 Τ.
1008 3914 1028 3965 1.
1049 3932 1075 3984 p.
1095 3916 1156 3967 391.
1182 3913 1229 3966 ubi
1256 3913 1289 3966 de
1319 3924 1410 3966 nostro

354 4019 465 4073 quoque
483 3999 544 4053 loco
564 4000 726 4054 monuimus.
769 4000 799 4055 ln
819 4001 955 4054 Addendis
986 4002 1067 4054 refert
1084 4000 1260 4055 Gernbardus
1284 4001 1411 4071 suspicari

354 4088 507 4142 Bentleium
526 4089 604 4141 rerba
624 4087 692 4141 Cod.
714 4090 796 4160 Lang.
815 4087 893 4141 rebus
911 4091 949 4140 od
967 4090 1067 4141 victum
1092 4091 1249 4143 necessariis
1273 4090 1350 4141 luisse
1369 4088 1411 4140 ul·

354 4178 419 4230 tima
432 4176 544 4230 alicuius
556 4178 709 4232 sententiae.
746 4176 802 4230 lam
822 4179 895 4249 quod
915 4178 947 4231 ad
967 4178 1099 4232 Orellii
1118 4179 1151 4231 de
1165 4189 1258 4231 nostro
1276 4176 1336 4229 loco
1350 4196 1412 4229 sen-

354 4267 466 4319 tentiam
486 4266 595 4335 attinet,
615 4266 680 4319 nilril
699 4266 763 4319 mihi
784 4268 881 4321 certius
900 4268 1016 4335 videtur,
1046 4287 1126 4339 quarn
1152 4265 1243 4319 locum
1268 4284 1323 4317 esse
1351 4284 1410 4318 cor-

355 4365 483 4425 ruptum,
503 4355 619 4408 necdum
639 4356 673 4408 ita
693 4356 858 4421 restitutum,
877 4369 907 4410 ut
926 4356 989 4409 nihil
1009 4357 1083 4409 dubii
1102 4355 1278 4425 relinquatur.
1315 4352 1411 4406 Serva·

355 4444 389 4495 rit
417 4442 526 4514 quidem
552 4443 692 4497 lectionem
720 4444 821 4499 dudum
854 4445 986 4517 vulgatam
1012 4445 1090 4498 relius
1118 4445 1223 4495 vincam
1247 4446 1412 4509 necessariis,

356 4532 429 4601 quod
451 4533 528 4586 nobis
547 4533 625 4587 etiam
646 4534 797 4587 laciendum
819 4533 901 4589 risum
922 4548 972 4590 est:
994 4544 1088 4589 contra
1110 4531 1203 4603 Langii
1223 4532 1413 4599 coniecturam,
