3517 5450
449 716 523 791 358
859 741 1022 789 uxouusus
1050 744 1082 787 x.

448 906 520 970 tum)
549 904 619 955 servi
637 904 769 954 atrienses
799 913 862 954 artu
879 903 942 971 pari
960 922 1008 955 sue
1033 903 1171 955 stultitiae
1197 920 1263 973 quos
1293 903 1375 974 signa
1395 925 1447 964 -,·
1476 905 1500 956 iu

449 991 546 1045 altero:
564 991 658 1062 Atque
676 1000 708 1041 ut
726 991 755 1041 in
773 1007 871 1060 magna
885 989 1000 1060 familia
1018 990 1166 1042 stultorum
1190 1001 1256 1042 sunt
1286 992 1337 1042 alii
1365 991 1500 1055 lautiores,

451 1089 483 1132 ut
500 1077 551 1130 silri
570 1077 696 1130 videntur
713 1078 794 1141 serui,
813 1077 861 1129 sed
878 1087 968 1130 tamen
986 1079 1057 1130 serui
1075 1078 1216 1130 atrienses.
1258 1080 1336 1132 Actu
1354 1081 1420 1150 pari
1437 1081 1499 1132 stul-

450 1169 512 1219 ticie
530 1184 578 1218 sue
595 1174 669 1217 sunt.
705 1167 779 1234 Quos
796 1166 875 1236 signa
886 1194 930 1219 -.
966 1165 1046 1234 Quae
1066 1177 1127 1219 sunt
1146 1165 1274 1219 lectiones
1295 1165 1431 1221 Codicum
1449 1169 1499 1220 lere

450 1253 579 1307 omnium.
616 1252 713 1304 Merito
732 1252 778 1305 viri
798 1253 883 1306 critici
911 1254 1077 1317 stultorum,
1103 1265 1133 1306 ut
1150 1253 1282 1324 glossam,
1309 1267 1501 1326 expunxerunt:

449 1341 545 1394 merito
571 1341 634 1393 item
652 1339 825 1394 Gernhardus
843 1340 959 1410 glossam
985 1361 1040 1396 esse
1066 1342 1193 1395 existimat
1211 1342 1291 1393 verba
1318 1344 1452 1395 atrienses
1473 1362 1501 1393 or

449 1428 568 1497 topiarii.
604 1426 657 1479 Sed
676 1446 738 1479 cum
757 1438 821 1479 actu
840 1429 903 1497 pari
922 1430 1061 1482 manifesto
1080 1429 1113 1482 sit
1131 1440 1292 1500 corruptum
1314 1450 1343 1482 ex
1364 1449 1399 1482 ao
1418 1431 1501 1499 topia-

449 1515 498 1580 rii,
516 1515 595 1568 facile
613 1515 783 1586 intelligitur,
806 1517 869 1585 pari
895 1518 1020 1569 stultitia
1047 1518 1244 1572 correctoribus
1262 1517 1382 1570 librariis
1407 1517 1500 1581 deberi,

450 1616 565 1657 veterem
587 1615 675 1657 autem
700 1603 872 1673 scriptionem
897 1605 1036 1656 stultitiae
1063 1623 1129 1657 suae
1154 1624 1210 1657 non
1240 1624 1296 1657 esse
1321 1605 1500 1659 obiiciendum.

451 1691 533 1760 Quod
553 1692 573 1743 si
593 1693 725 1757 tenueris,
746 1711 779 1743 eo
798 1690 856 1761 ipso
875 1693 961 1744 statim
981 1692 1089 1745 babebis
1103 1692 1244 1746 lectionem
1264 1711 1374 1758 veram,
1394 1712 1445 1763 qua
1463 1713 1500 1743 re·

449 1790 524 1849 cepta
544 1779 633 1831 omnia
654 1779 722 1832 bene
740 1778 897 1832 cohaerent:
916 1780 1010 1851 Atque
1030 1781 1108 1832 utin
1126 1799 1227 1851 magna
1240 1782 1360 1851 familia
1375 1793 1440 1833 aunt
1458 1781 1500 1830 alii

449 1867 594 1933 lautiores,
612 1877 644 1918 ut
662 1866 713 1918 sibi
731 1867 870 1930 videntur,
890 1866 975 1930 serui,
1000 1868 1048 1917 sed
1072 1877 1161 1919 tamen
1180 1868 1251 1919 servi
1275 1868 1417 1919 stultitiae
1441 1886 1498 1918 suae

449 1965 529 2019 sunt,
550 1974 615 2026 quos
634 1955 713 2026 signa
731 1984 765 1992 -
784 1956 865 2006 nimio
883 1972 961 2022 opere
979 1954 1139 2012 delectant.“

518 2094 549 2148 H.
570 2096 588 2147 l.
607 2093 817 2164 Borgersius
838 2093 969 2164 vulgatam
988 2114 1015 2146 se
1037 2094 1073 2147 ait
1091 2094 1175 2160 tueri,
1194 2093 1345 2165 locumque
1365 2094 1402 2146 ita
1423 2092 1496 2164 expli-

448 2194 506 2236 cat:
532 2182 639 2254 „Atque
658 2193 687 2235 ut
705 2183 775 2234 iuter
793 2201 880 2234 servos
899 2182 932 2250 ii,
958 2185 1003 2254 qui
1025 2183 1134 2235 meliore
1153 2193 1215 2234 sunt
1234 2181 1407 2244 conditione,
1426 2200 1496 2251 quarn

447 2270 527 2324 ceteri
547 2270 681 2334 conservi,
702 2269 812 2321 minime
831 2280 920 2322 tamen
939 2283 1000 2324 sunt
1020 2271 1113 2338 liberi,
1132 2270 1177 2322 sed
1195 2269 1278 2336 sarri,
1297 2268 1362 2322 licet
1379 2289 1407 2321 se
1425 2268 1496 2321 servi·

448 2359 485 2411 tio
504 2369 639 2429 exemptos
656 2357 805 2419 somnient;
824 2357 862 2409 sic
879 2356 933 2422 illi,
953 2378 1019 2429 quos
1040 2387 1074 2394 -
1094 2357 1244 2421 delectant,
1274 2356 1383 2427 egregie
1407 2355 1496 2408 fallun-

447 2458 504 2508 tur,
521 2463 600 2511 cum,
619 2456 648 2498 ut
665 2445 730 2497 servi
752 2446 778 2496 in
801 2445 983 2511 dominorum,
1003 2447 1036 2498 ita
1056 2446 1107 2516 ipsi
1126 2446 1154 2498 in
1175 2445 1331 2497 tabularum
1351 2446 1496 2516 signorum-

448 2553 500 2605 que
519 2534 571 2586 sint
589 2544 725 2605 potestate.
762 2533 831 2586 Hinc
850 2534 929 2586 etiam
942 2534 1123 2605 intelligenda,
1143 2554 1212 2605 quae
1228 2544 1401 2605 sequuntur?
1413 2537 1495 2586 Mino.

447 2623 517 2674 unde
535 2650 569 2659 —
590 2640 695 2673 servum
723 2633 750 2672 te
775 2642 831 2674 esse
856 2624 953 2676 iutlica.
1010 2622 1184 2694 Comparatio
1213 2621 1295 2692 igitur
1326 2642 1383 2673 non
1410 2633 1448 2673 est
1470 2621 1495 2671 de

446 2710 584 2769 stultitia,
602 2710 647 2764 sed
667 2710 700 2763 de
712 2711 794 2782 falsa
813 2732 903 2763 eorum
924 2713 1058 2781 opinione,
1083 2711 1143 2783 qui,
1171 2711 1331 2777 servientes,
1360 2730 1387 2762 se
1408 2709 1495 2762 liberos

447 2818 502 2852 esse
520 2798 694 2855 existiment.“

517 2922 680 2976 Orellius
696 2921 798 2976 exhibet
816 2923 958 2976 lectionem
977 2922 1086 2975 Codicis
1104 2920 1193 2974 Caroli
1215 2919 1364 2992 Stephani:
1391 2919 1439 2970 sed
1458 2929 1495 2967 ta-

447 3031 505 3063 men
523 3012 608 3076 serui,
626 3012 700 3064 sicii
715 3012 779 3080 pari
797 3012 921 3062 stultitia
939 3022 1018 3075 aunt,
1044 3029 1111 3081 quos
1130 3010 1223 3079 signo,
1248 3027 1316 3078 quos
1338 3006 1450 3057 tabulae
1467 3032 1495 3042 —

447 3100 526 3151 nimio
547 3118 622 3167 opere
641 3098 782 3150 delectant.
820 3097 893 3151 ldem
913 3099 990 3163 dicit,
1017 3098 1124 3168 egregie
1143 3096 1289 3168 disputasse
1319 3093 1353 3147 de
1372 3104 1430 3147 toto
1452 3092 1495 3143 hoc

447 3186 507 3239 loco
526 3185 664 3239 Gifanium
684 3186 724 3255 (in
744 3186 864 3242 Conlect.
884 3189 988 3242 Lucret.
1017 3187 1092 3240 cuius
1110 3204 1191 3256 supra
1216 3181 1385 3236 exhibuimus
1412 3181 1494 3251 dispu-

446 3273 602 3340 tationem),
636 3272 768 3326 delentem
794 3276 871 3328 verha
901 3276 1006 3329 insititio
1030 3274 1160 3325 atrienses
1190 3290 1223 3321 ao
1251 3270 1365 3343 ttyriarii
1390 3278 1451 3322 ante
1478 3284 1494 3314 v.

443 3362 521 3431 pari,
553 3379 668 3432 quorum
700 3363 774 3432 prius
802 3361 898 3434 aliquis
925 3363 1054 3434 glossator
1086 3348 1261 3431 iiesumpserit
1289 3378 1304 3410 e
1331 3378 1389 3429 seq.
1418 3359 1440 3425 ξ.
1458 3358 1493 3410 38.

446 3449 589 3500 atriensem
610 3449 775 3519 diligentem,
808 3451 922 3503 alterurn
942 3472 956 3503 a
978 3451 1072 3504 stolide
1099 3450 1178 3501 docto
1198 3447 1326 3500 ellectum
1354 3448 1389 3499 sit
1407 3465 1421 3498 e
1440 3464 1492 3515 per-

446 3556 517 3591 versa
537 3537 717 3607 geminatione
736 3559 758 3592 v.
781 3540 843 3607 pari
864 3540 990 3591 stultitia
1018 3541 1082 3610 (pro
1107 3555 1162 3608 quo
1188 3536 1245 3587 sine
1270 3552 1350 3586 causa
1379 3531 1493 3587 Gilanius

446 3624 557 3677 voluerit
574 3626 649 3693 paris
667 3627 827 3693 stultitiae).
876 3628 985 3693 „Secuti
1005 3639 1067 3680 sunt
1092 3628 1138 3691 (ita
1163 3623 1251 3695 pergit
1268 3621 1333 3683 Or.)
1361 3621 1493 3674 Gifanium

445 3711 579 3766 Sulsridus
598 3714 707 3778 Petrus,
739 3714 823 3767 Aldus
845 3715 949 3787 Nepos,
977 3713 1167 3777 Gernhardus,
1194 3711 1240 3783 qui
1270 3721 1363 3763 tamen
1385 3710 1413 3762 in
1432 3706 1493 3761 Atd.

446 3801 601 3853 sententiam
622 3813 734 3855 mutasse
752 3804 863 3857 ridetur.
906 3804 1006 3856 Sensus
1028 3814 1116 3856 autem
1141 3800 1185 3853 hic
1209 3810 1263 3852 est:
1291 3809 1321 3851 ut
1348 3798 1378 3849 in
1406 3814 1492 3865 magno

446 3886 545 3939 familia
563 3898 624 3940 sunt
649 3889 692 3941 alii
718 3888 856 3956 lautiores,
886 3902 916 3944 ut
943 3892 991 3944 sihi
1021 3892 1154 3955 ridentur,
1181 3888 1264 3952 servi,
1294 3907 1317 3940 v.
1345 3906 1371 3939 c.
1398 3884 1493 3945 medici,

445 3986 621 4047 anagnostae,
640 3977 672 4029 ab
692 3977 809 4047 epistolis
826 3978 950 4045 Graecis,
979 3992 1028 4033 cet.
1049 3987 1117 4047 (non
1146 3988 1217 4031 certe
1244 3975 1376 4028 atrienses
1402 3995 1434 4028 ac
1459 3986 1494 4027 to·

445 4064 538 4136 piarii‚
566 4062 651 4115 infimi
670 4066 758 4136 potius
775 4069 881 4136 generis
899 4070 991 4135 serri:)
1017 4070 1089 4141 iique
1119 4066 1245 4120 lautiores
1267 4063 1336 4117 adeo
1368 4064 1494 4117 interdum

444 4154 602 4223 superbiunt
620 4154 751 4226 stulteque
769 4175 797 4207 se
816 4157 947 4223 esserunt,
968 4169 996 4211 ut
1014 4158 1165 4210 servitutem
1184 4173 1210 4207 se
1228 4154 1329 4206 servire
1350 4173 1437 4224 paene
1453 4152 1494 4204 oh-

444 4241 609 4308 noscantur,
629 4262 793 4314 quamquam
812 4247 877 4297 servi
898 4245 982 4299 nihilo
1002 4246 1090 4299 minus
1108 4256 1185 4310 sunt,
1214 4254 1296 4315 atque
1316 4244 1411 4314 quavis
1437 4242 1493 4294 hora

444 4349 457 4381 a
478 4331 592 4383 dominis
607 4331 676 4382 inter
696 4332 864 4387 merliastinos
883 4335 1019 4388 amandari
1040 4344 1164 4406 possunt,
1191 4352 1248 4385 non
1267 4332 1363 4385 minor
1384 4351 1446 4384 sane
1463 4340 1494 4379 est

445 4435 536 4469 eorum
556 4417 676 4484 stultitia,
696 4419 741 4490 qui
761 4440 820 4473 vere
840 4420 939 4475 liberos
954 4443 981 4477 se
997 4423 1174 4487 arbitrantur,
1193 4421 1240 4474 etsi
1259 4422 1421 4494 signorum,
1447 4420 1494 4471 Co·

445 4502 601 4557 rinthiorum
621 4524 733 4576 operum
753 4518 801 4561 cet.
821 4510 886 4561 servi
905 4523 978 4576 sunt,
1000 4510 1082 4564 nimio
1101 4530 1183 4582 opere
1202 4530 1288 4582 quum
1311 4512 1373 4567 talia
1396 4533 1440 4567 eos
1457 4511 1495 4562 de·
