3517 5450
697 717 892 765 rananoxon
914 719 947 766 v.
980 718 1049 766 car.
1069 721 1090 766 1.
1343 697 1418 774 229

361 880 409 932 Pro
430 878 507 928 dictu
528 887 567 928 est
586 873 687 927 dictum
707 877 734 928 in
754 877 839 930 tribus
857 875 918 929 ttdi
932 877 1016 942 Mam,
1036 878 1082 950 qui
1101 878 1165 933 alias
1179 898 1232 933 esse
1253 880 1316 935 dicit
1332 882 1417 936 dicto:

358 985 434 1038 quam
446 983 500 1036 ego
513 963 655 1018 lectionem
668 965 756 1035 reperi
767 965 795 1018 in
806 964 874 1019 Edd.
888 963 1036 1020 1111518.
1049 966 1125 1020 Roob
1136 967 1248 1022 Lambb.
1260 967 1340 1022 Goth.
1361 970 1416 1023 Pro

357 1053 476 1107 mirabile
496 1052 551 1106 sola
573 1050 793 1106 Ed.tse.1511.
814 1053 893 1106 babet
911 1052 1075 1107 admirabile.
1118 1054 1195 1109 Hanc
1222 1055 1331 1109 fortasse
1349 1054 1416 1108 Edi-

356 1142 454 1195 tionem
475 1151 537 1194 ante
556 1138 649 1192 oculos
668 1139 783 1194 babebat
804 1140 863 1193 Atd.
884 1139 973 1206 Mau,
1000 1160 1061 1195 cum
1089 1144 1215 1197 scriberet
1235 1163 1328 1197 ornnes
1352 1164 1414 1197 suos

356 1229 440 1281 codd.
460 1228 585 1280 exhibere
604 1227 736 1282 nu'robile.
773 1227 844 1281 Gud.
865 1225 896 1279 Α.
916 1228 1013 1281 omittit
1031 1249 1088 1293 eos,
1107 1230 1187 1283 Drsd.
1207 1235 1233 1285 5.
1251 1232 1338 1303 pergit
1356 1251 1413 1285 ser·

354 1337 398 1370 vos
416 1335 493 1376 essc,·
525 1314 619 1368 Duisb.
648 1315 726 1369 babet
754 1318 815 1368 Non
842 1316 911 1368 enim
937 1317 1082 1369 dicimus
1099 1336 1143 1371 eos
1160 1337 1183 1372 e.
1202 1339 1223 1373 s.
1260 1318 1301 1371 Ad
1328 1339 1349 1372 v.
1372 1319 1415 1369 di-

354 1415 417 1456 cunt
437 1413 533 1456 monet
551 1402 611 1456 Aid.
629 1403 704 1456 Man.
722 1392 925 1473 intelligendum
946 1423 1001 1457 esse
1018 1404 1104 1456 Stoici
1110 1425 1121 1466 ,·
1152 1406 1184 1458 ad
1202 1425 1308 1458 servos:
1337 1425 1414 1472 „scr-

355 1493 420 1546 situs
439 1490 551 1561 duplex:
576 1491 658 1544 animi
678 1501 704 1544 et
726 1492 874 1562 corporis.“
894 1524 931 1534 -
976 1492 1041 1558 „Est
1065 1492 1131 1546 baec
1154 1493 1228 1565 quasi
1254 1492 1411 1547 contestatio

354 1579 413 1632 litis.
449 1577 550 1649 Urget,
578 1579 632 1631 imo
656 1579 770 1632 excludit
796 1580 982 1636 definitionem
1010 1581 1093 1645 vocis,
1119 1601 1188 1653 quae
1216 1592 1254 1634 est
1277 1581 1349 1652 apud
1369 1581 1412 1634 iu-

355 1666 538 1722 reconsuitos:
556 1665 609 1718 sive
627 1685 641 1719 a
663 1667 802 1721 serviendo
821 1669 908 1723 dictos
926 1669 1011 1735 voles,
1030 1670 1082 1722 sive
1101 1669 1173 1740 quod
1184 1670 1216 1721 ab
1235 1668 1407 1739 imperatore,

355 1776 368 1808 a
387 1775 444 1828 quo
465 1754 494 1807 in
513 1754 584 1807 bello
603 1755 672 1826 capti
692 1766 785 1824 erant,
804 1757 897 1810 servati
917 1757 997 1811 sint.“
1033 1755 1338 1826 Xyst.Betu1eius.

424 1853 458 1893 ut
478 1842 638 1910 rnancipia,]
658 1841 778 1910 „Mitem
798 1843 900 1916 inquit,
918 1846 984 1897 servi
1004 1845 1145 1910 dicuntur,
1166 1863 1247 1914 quam
1267 1844 1409 1914 mancipia,

354 1950 422 2002 quae
439 1930 524 1984 solam
543 1930 646 1985 civilem
662 1931 898 2002 significationem,
926 1931 991 1984 servi
1011 1943 1147 2002 praeterea
1174 1930 1303 1983 moralem
1323 1949 1412 2002 quau-

354 2019 413 2072 dam
435 2019 543 2071 babent.
595 2018 731 2090 Mancipia
750 2020 897 2091 siquidem,
928 2031 990 2072 teste
1019 2019 1190 2086 Ftorennno,
1219 2019 1308 2084 dicta,
1337 2018 1410 2088 quod

355 2126 438 2159 manu
456 2107 490 2158 ab
517 2105 636 2159 hostibus
654 2107 808 2178 capiuntur.
860 2111 924 2179 Leg.
943 2107 1016 2160 ⁴111.
1037 2107 1069 2159 de
1088 2117 1155 2160 statu
1176 2106 1247 2157 bom.
1292 2105 1334 2158 De
1353 2122 1408 2175 quo

354 2196 411 2265 iege
439 2205 577 2265 praeterea
607 2193 747 2249 Boethium
775 2197 802 2247 in
828 2195 938 2266 Topicis
966 2195 1111 2248 Ciceronis.
1158 2194 1295 2247 servitutis
1320 2204 1410 2245 autem

355 2282 458 2352 piures,
485 2282 523 2335 vei
544 2281 649 2335 Laertio
669 2294 746 2348 teste,
774 2282 982 2355 significationes
999 2294 1068 2336 sunt.
1113 2282 1180 2334 Nam
1202 2292 1343 2353 postquam
1361 2281 1410 2333 dc·

355 2369 438 2424 finivit
466 2363 515 2439 τήν
533 2372 683 2440 ἐλευθερίαν
709 2375 823 2428 ἐξουσίαν
854 2364 920 2422 εἶναι
942 2373 990 2438 τῆς
1015 2368 1210 2440 αὐτοπραγίας,
1240 2368 1277 2421 1111
1297 2368 1411 2439 opponit

354 2454 400 2526 τήν
418 2459 552 2523 δουλείαν,
571 2477 652 2530 quam
671 2458 764 2512 definit
783 2464 903 2530 στέρησιν
928 2463 975 2528 τῆς
994 2446 1181 2528 αὐτοπραγίας,
1219 2457 1324 2510 Deinde
1344 2457 1409 2509 sub·

354 2546 441 2617 iungit
459 2545 556 2610 aliam,
586 2550 706 2599 δουλείαν
723 2544 771 2615 τήν
789 2552 815 2599 iv
834 2543 963 2606 ὑποτάξει.
1000 2546 1069 2599 Hinc
1088 2545 1161 2598 addit
1181 2544 1299 2610 tertiam,
1317 2539 1366 2612 τήν
1383 2547 1409 2595 ir

354 2631 442 2704 κτήσει
462 2654 490 2686 τε
511 2637 555 2685 καί
574 2629 706 2700 ὑποτάξει,
735 2636 777 2688 cui
805 2637 953 2707 opponitur
981 2630 998 2704 ἡ
1023 2638 1175 2695 δεσποτεία,
1204 2651 1272 2703 quac
1300 2642 1326 2684 ct
1353 2631 1409 2700 ipsa

355 2742 435 2797 prava
469 2734 516 2775 est.
579 2721 651 2776 Sunt
674 2735 763 2777 autem
790 2723 854 2777 baec
887 2741 996 2796 quoque
1020 2723 1192 2777 subobscura.
1242 2720 1312 2775 Satis
1338 2719 1407 2774 clara
1431 2762 1433 2766 .

353 2810 435 2864 fuerit
461 2810 629 2878 differentia,
658 2813 678 2865 si
706 2812 840 2879 dicamus,
870 2814 993 2885 corporis
1016 2812 1166 2865 servitutem
1194 2808 1408 2880 nihiiderogare
1491 2800 1493 2805 ¹

353 2899 468 2951 libertati
496 2900 587 2952 animi.
643 2892 772 2972 Epicteti,
800 2900 914 2972 opinor,
946 2901 1067 2954 doctrina
1097 2901 1163 2953 baec
1187 2910 1236 2952 est:
1265 2892 1307 2950 iu
1331 2894 1409 2956 κακίς

353 2986 447 3050 δεσμός
466 2984 587 3051 σώματος
604 2993 650 3051 μὶν
665 2987 748 3059 τύχη,
776 2993 862 3059 ψυχῆς
888 2992 917 3041 δὲ
942 2996 1029 3044 κακία.
1049 2984 1063 3039 ὅ
1082 2992 1127 3050 μὶν
1152 2981 1202 3057 γαρ
1222 2978 1252 3037 ri
1272 2988 1346 3047 σῶμα
1366 2988 1408 3036 λε-

352 3078 475 3143 λυμένος,
494 3075 541 3146 τήν
561 3080 590 3129 δὲ
608 3073 696 3147 ψυχήν
712 3081 861 3144 δεδεμένος,
879 3080 983 3136 δοῦλος.
1000 3072 1014 3127 ὅ
1032 3074 1059 3128 δ’
1076 3064 1111 3128 αὖ
1125 3073 1155 3127 cd
1174 3078 1248 3137 σῶμα
1266 3076 1408 3138 δεδεμένος,

351 3161 398 3235 τήν
418 3168 449 3217 δὲ
467 3162 554 3234 ψυχήν
573 3168 721 3232 λελυμένος,
739 3165 903 3237 ὶλείιθερος.“
922 3166 1014 3238 Xyst.
1034 3163 1143 3217 Betut.

423 3264 577 3325 quaesunt
597 3255 858 3326 dorninorumjbcta
877 3255 974 3319 neam]
1011 3251 1135 3321 „Optimi
1154 3249 1214 3302 tibri
1232 3268 1308 3330 pexo.
1346 3248 1406 3303 Viu.
1435 3252 1439 3258 '

352 3340 493 3392 Budaeum
513 3340 540 3392 in
561 3340 756 3395 Pandect'.“'C.
776 3342 877 3411 L'ang.
916 3339 1039 3405 „Omnes
1057 3338 1118 3391 iibri
1138 3349 1238 3390 veteres
1258 3338 1290 3389 ad
1312 3356 1405 3401 unum,

352 3446 421 3499 quos
432 3427 543 3498 quidem
558 3428 675 3495 viderim,
697 3417 795 3483 babent
812 3448 887 3493 nexo,
907 3428 979 3500 quod
992 3425 1087 3498 probo,
1107 3436 1186 3495 atque
1205 3425 1241 3476 ita
1255 3442 1351 3477 censeo
1366 3423 1406 3476 ie-

351 3517 500 3588 gendum.“
519 3517 560 3569 La
570 3537 595 3569 m
604 3518 635 3570 bi
646 3539 663 3570 n
673 3539 715 3571 us.
752 3520 850 3584 „Nero
860 3516 912 3570 boc
922 3527 968 3591 est,
987 3534 1055 3587 quac
1065 3512 1200 3582 mancipio
1219 3511 1321 3563 vendita
1335 3521 1405 3575 sunt,

350 3606 376 3658 11
395 3614 449 3669 est,
476 3595 545 3675 quae
563 3606 602 3659 sic
619 3606 723 3659 vendita
743 3617 870 3673 sunt,-ut
889 3603 1024 3659 evictionis
1043 3599 1190 3674 periculum
1210 3600 1283 3652 inse
1303 3599 1406 3669 recipe-

349 3705 391 3748 ·ret
419 3702 447 3747 et
475 3704 619 3762 praestaret
644 3694 772 3747 venditor.
817 3696 973 3745 Nesusest
997 3689 1132 3760 obligatio.
1181 3686 1242 3738 Vid.
1271 3697 1348 3739 notas
1371 3685 1405 3737 ad

349 3782 455 3835 Famm.
476 3782 534 3847 Vll,
553 3784 617 3835 311.α
635 3780 812 3835 Graevius.
849 3781 990 3836 Neminem
1010 3776 1156 3831 Lambinus
1170 3774 1338 3828 obedientem
1358 3772 1406 3826 ba·

349 3868 421 3932 buit,
441 3887 529 3939 neque
548 3869 604 3939 ipse
624 3870 739 3940 recepit,
760 3888 840 3941 quarn
862 3870 1009 3940 probabat,
1030 3866 1172 3920 lectionem
1190 3883 1265 3916 nexo.
1302 3864 1362 3916 Mr.

422 3974 494 4007 nexu
514 3967 564 4007 aut
583 3957 676 4028 aliquo
694 3959 752 4009 iure
771 3957 859 4023 civite]
893 3942 1072 4021 „servitutem
1100 3954 1187 4021 idem,
1216 3972 1296 4025 quern
1324 3972 1404 4023 supra

349 4042 474 4107 laudavi,
494 4042 667 4096 Florentinus
686 4045 764 4099 docet
784 4045 863 4099 etiam
883 4044 947 4097 iuris
965 4044 1086 4114 gentium
1105 4062 1159 4095 esse
1179 4040 1404 4102 constitutionem,

349 4152 404 4186 non
422 4131 505 4184 modo
518 4132 583 4184 iuris
600 4131 690 4185 civilis.
727 4133 882 4186 Marcianus
894 4132 974 4185 etiam
989 4150 1077 4184 servos
1094 4131 1131 4182 ait
1141 4149 1206 4182 non
1227 4118 1333 4182 tantum'
1347 4126 1408 4178 iure

349 4220 471 4292 gentium
490 4220 519 4273 in
539 4231 661 4273 nostrum
681 4220 829 4273 dominium
848 4219 950 4289 redigi,
969 4218 1015 4272 sed
1034 4218 1113 4271 ctiam
1134 4218 1191 4273 iure
1213 4214 1290 4268 civiti.
1324 4212 1407 4265 Cuius

348 4309 501 4380 exemplum
521 4308 574 4363 hoc
592 4310 696 4380 insigne
715 4320 754 4363 est
772 4310 805 4362 de
825 4328 901 4361 nexu.
949 4308 1018 4387 Nam
1045 4306 1091 4378 qui
1116 4305 1173 4375 iege
1198 4303 1269 4360 tabb·
1291 4298 1349 4353 XII.
1369 4301 1404 4353 ob

348 4417 392 4450 aes
411 4397 532 4450 alienum
552 4397 729 4472 creditoribus
755 4398 782 4450 in
809 4398 1000 4467 temporariam
1024 4393 1175 4449 servitutem
1206 4388 1406 4452 addicebantur,

348 4486 448 4541 addicti
467 4497 494 4540 et
514 4486 572 4539 nexi
593 4488 677 4541 vocati
697 4487 760 4542 olim
783 4489 911 4540 suerunt'
949 4486 990 4538 De
1010 4505 1064 4556 quo
1084 4481 1141 4551 iege
1161 4477 1227 4530 Bud·
1256 4476 1284 4529 1¹²
1310 4476 1348 4528 111·
1375 4475 1408 4527 de
