3517 5450
599 727 794 776 rsaauaxan
821 730 865 777 vi.
893 730 964 780 cea.
983 730 1020 778 u.
1258 708 1332 783 293

277 886 331 938 Pro
353 884 509 955 provincias
527 884 595 941 cod.
614 886 685 941 Gud.
706 887 738 942 A.
759 887 836 940 hahet
852 888 997 958 provintiis
1015 887 1079 957 (sic)
1094 892 1234 960 moussiae.
1266 891 1333 947 Cael.

277 974 355 1027 Suer.
376 973 552 1047 amittitque.
589 975 649 1028 Mr.
996 1033 998 1037 ,

349 1063 577 1134 defaenerandas]
598 1062 711 1116 loenore
729 1063 930 1134 demergendos.
978 1064 1063 1117 Nemo
1082 1083 1111 1118 er
1131 1065 1230 1119 Latinis
1254 1085 1334 1138 prae·

276 1162 316 1204 ter
335 1149 481 1222 Apuleium
499 1150 597 1204 imitari
617 1152 728 1205 verbnm
747 1151 800 1206 hoc
820 1171 900 1206 ausus
924 1163 972 1207 est.
1008 1151 1061 1206 set
1081 1151 1157 1207 locus
1186 1174 1241 1207 non
1261 1164 1334 1209 caret

276 1239 367 1293 mendi
387 1239 545 1310 suspicione.
582 1240 682 1295 Face.
1287 1246 1298 1259 '¹

347 1328 387 1378 ad
399 1328 580 1398 fenerandas]
600 1331 650 1396 „tn
669 1329 804 1400 prioribus
821 1328 903 1383 Editt.
914 1329 1013 1402 legitur
1031 1331 1238 1402 defenerandas,
1258 1333 1332 1403 quod

275 1415 361 1487 magis
379 1415 504 1469 convenit
523 1434 585 1471 cum
604 1417 734 1472 sententia
757 1415 912 1483 Ciceronis,
931 1418 949 1471 i.
967 1437 990 1472 e.
1020 1416 1136 1490 aliquem
1162 1419 1255 1473 fenore
1277 1421 1332 1473 exi-

274 1505 366 1576 gendo
385 1522 491 1573 verare,
510 1501 657 1561 exhaurire.
693 1505 782 1559 Semel
802 1503 846 1559 hic
864 1506 967 1560 dictum
985 1504 1143 1560 eCicerone
1163 1507 1331 1576 defenerari:

274 1594 338 1648 hinc
355 1604 446 1648 tumen
465 1593 536 1649 duait
556 1591 706 1666 Appuleius
725 1593 752 1646 in
772 1592 906 1665 Apologia
926 1595 965 1666 [p.
987 1597 1049 1661 3²2,
1071 1596 1136 1663 2l.].
1180 1593 1332 1647 Utehantur

274 1693 364 1736 autem
384 1682 418 1736 ed
435 1680 486 1736 hoc
503 1683 557 1737 suis
575 1683 684 1748 libertis,
703 1682 748 1754 qui
769 1682 950 1736 commendati
970 1691 1048 1736 erant
1058 1681 1256 1753 magistratibus
1275 1681 1332 1735 Ro·

274 1770 361 1824 manis
379 1771 407 1823 in
427 1770 578 1843 provinciis,
596 1771 668 1842 apud
689 1788 756 1843 quas
775 1771 845 1824 hanc
862 1772 1005 1842 pecuniam
1025 1771 1051 1823 in
1064 1771 1158 1823 leuare
1178 1780 1331 1841 posuerant.

273 1859 360 1913 Multa
381 1858 438 1911 eius
453 1858 492 1911 rei
512 1859 631 1931 exempla
650 1870 712 1913 sunt
730 1859 802 1930 apud
822 1857 981 1913 Ciceronem
1012 1860 1039 1911 in
1058 1858 1183 1930 Epistolis
1205 1870 1233 1911 ct
1257 1857 1331 1911 Ora-

273 1949 402 2002 tionihus.
444 1947 517 2001 ldem
543 1949 623 2001 etism
652 1959 690 2001 est
715 1951 906 2018 argumentum
924 1946 1060 2005 Plutarchi
1084 1945 1113 1999 ia
1139 1945 1208 1999 libro
1233 1945 1266 1997 de
1292 1944 1330 1996 vi-

273 2036 357 2090 tando
375 2053 438 2090 aere
455 2035 571 2090 alieno.“
599 2037 781 2108 Wyttenb.
826 2035 896 2089 Satis
921 2035 1086 2107 significatur
1108 2034 1190 2086 serbo
1214 2031 1334 2104 simplici

266 2125 453 2198 fenerandus,
480 2125 552 2196 quod
580 2124 633 2178 vult
657 2123 773 2191 Cicera,
800 2142 864 2179 cum
892 2125 1010 2178 additum
1038 2125 1070 2178 sit
1096 2121 1328 2192 diripiendasque:

273 2232 360 2287 quare
379 2231 434 2266 non
454 2214 631 2266 necessarium
662 2214 765 2268 videtur
790 2212 925 2268 vindicare
940 2210 1066 2268 Ciceroni
1096 2210 1221 2275 verbum,
1253 2209 1329 2262 cuius

272 2303 328 2356 ‹luo
348 2301 525 2370 substantiva,
552 2299 721 2371 defeneratia
746 2310 773 2354 et
792 2302 979 2372 desereretur,
1009 2317 1088 2353 nemo
1115 2299 1195 2352 hahet
1221 2305 1329 2368 praeter

272 2389 472 2461 Augustinum‚
500 2389 676 2461 Participium
701 2400 790 2443 autem
811 2390 987 2461 defeneratus
1014 2407 1077 2442 cum
1095 2384 1231 2458 Appuleio
1255 2384 1329 2438 solus

272 2479 354 2533 hahet
370 2476 518 2533 Scholiasta
537 2479 731 2533 Ambrosianus
754 2478 788 2531 cd
808 2476 944 2550 l'regmm.
964 2476 1020 2532 cic.
1050 2477 1077 2529 in
1097 2476 1128 2528 P.
1149 2473 1274 2527 Clodium
1302 2485 1328 2526 et

272 2567 422 2622 Curionem
448 2587 472 2638 p.
492 2570 534 2622 92.
561 2567 603 2621 ed.
627 2566 713 2621 Beier.
742 2584 768 2638 p.
785 2569 847 2621 332.
878 2565 926 2619 Ed.
952 2563 1048 2618 Orellii
1076 2576 1103 2617 et
1130 2561 1237 2615 Baiteri.
1267 2560 1326 2614 Mr.

271 2657 423 2726 „Plenerari
438 2656 603 2727 provinciam
623 2673 690 2709 nove
709 2655 810 2709 dictum
830 2666 881 2720 est,
910 2654 1032 2727 quamvis
1044 2651 1170 2724 finerari
1188 2649 1329 2719 pecuniam

272 2756 299 2800 et
319 2744 476 2815 beneficium
500 2745 563 2798 alibi
589 2744 659 2799 dicat
677 2743 786 2799 Cicero:
816 2756 845 2798 ut
869 2744 930 2798 Act.
954 2744 982 2797 in
1012 2745 1090 2797 Verr.
1110 2740 1152 2809 [ll.
1170 2740 1201 2793 1..
1220 2738 1252 2805 ll,
1270 2739 1326 2805 tu]

270 2834 347 2885 Idem
361 2841 504 2903 praetcrea
519 2834 692 2903 pecunias
714 2832 796 2885 istius
814 2819 1047 2885 entraordinarias
1067 2831 1185 2903 grandes
1209 2847 1261 2882 sua
1278 2844 1328 2880 na-

271 2923 341 2974 mine
356 2919 621 2992 fenerabatur5
643 2921 714 2974 etin
735 2920 804 2974 lihro
821 2920 855 2974 de
875 2920 961 2975 Amic.
981 2920 1031 2989 [9.]
1077 2922 1170 2991 Neque
1188 2918 1257 2970 enim
1276 2916 1328 2967 lie-

270 3027 309 3062 ne
310 3008 349 3081 fi
356 3009 444 3061 cium
454 3008 675 3079 feneramur,
694 3010 743 3062 sed
758 3018 861 3063 natura
878 3012 1005 3080 propensi
1022 3010 1061 3060 ad
1072 3008 1263 3061 liberalitatem
1279 3024 1326 3059 su·

270 3103 358 3152 mue.“
394 3094 465 3150 Frc.
484 3093 575 3167 Sylv.
745 3155 749 3162 .

345 3185 392 3257 qui
409 3184 579 3253 expulsiones
597 3186 769 3255 vicinorurn,]
809 3190 862 3238 Vox
892 3187 939 3257 qui
964 3187 1037 3239 ahest
1063 3205 1076 3238 a
1105 3186 1172 3239 cod.
1199 3183 1279 3237 Drsd.
1297 3186 1324 3236 4.

270 3275 301 3329 ln
322 3272 395 3327 Gud.
415 3275 447 3325 A.
468 3272 565 3344 legitur
583 3273 719 3331 vitiorum.
756 3274 870 3346 Egregie
891 3274 999 3328 scilicet.
1046 3274 1087 3326 Ad
1114 3273 1193 3326 verba
1219 3273 1326 3326 confert

268 3363 351 3432 Borg.
371 3359 428 3413 Cic.
447 3360 563 3432 Philipp.
581 3361 650 3428 xtV,
672 3365 703 3417 8:
723 3372 774 3413 aut
792 3362 905 3413 eiiciunt
926 3362 1034 3415 ricinos.
1054 3389 1088 3398 -
1125 3360 1171 3424 „ln
1190 3361 1262 3430 agris
1276 3358 1325 3410 lie-

268 3454 336 3506 hant
354 3449 520 3521 expulsiones
539 3450 687 3504 vicinorum
706 3450 724 3504 i.
737 3470 760 3506 e.
780 3468 794 3503 a
814 3448 906 3502 vicinis
923 3467 1001 3520 agros
1015 3448 1154 3519 exigebant
1173 3465 1254 3519 parva
1273 3445 1325 3497 ah·

268 3540 323 3593 lato
343 3535 444 3610 pretio,
463 3538 536 3610 quod
556 3539 574 3591 ii
593 3540 614 3592 si
631 3538 735 3593 nollent
760 3537 896 3611 accipere,
926 3556 972 3591 eos
997 3556 1046 3609 per
1073 3538 1125 3591 vim
1150 3534 1324 3607 erpellebant.

266 3630 429 3682 Latrocinia
448 3639 536 3681 autem
555 3629 584 3680 in
603 3630 679 3701 agris
700 3628 848 3695 faciehant,
867 3645 930 3683 cum
950 3626 1072 3682 homines
1088 3625 1187 3680 liberos
1213 3623 1264 3676 iter
1282 3621 1323 3674 fa·

266 3719 369 3790 cientes
395 3736 444 3789 per
469 3716 516 3771 hos
542 3735 621 3789 egros
654 3718 807 3789 reciperent
842 3728 867 3769 ct
902 3716 930 3769 in
960 3715 1110 3769 servitutem
1142 3712 1323 3784 redigerent-‘⁴

266 3807 377 3877 Wytt.
414 3806 628 3875 „Expulsianes‚
655 3825 693 3859 sc.
718 3807 849 3878 creagris,
877 3825 945 3877 quos
969 3814 1135 3876 occuparant
1158 3801 1322 3875 potentiores

266 3904 292 3947 et
314 3892 498 3963 opulentiores
516 3905 562 3945 eut
580 3892 603 3944 vi
622 3905 648 3946 et
665 3893 860 3947 calumniarum
878 3895 965 3959 metu,
993 3903 1038 3946 aut
1057 3892 1142 3964 pretio
1169 3910 1223 3944 non
1242 3890 1320 3953 iusto,

264 3993 313 4036 eut
333 3983 507 4052 usurpatione
525 3991 552 4034 et
569 3977 650 4035 furto.
697 3981 767 4036 Hinc
793 3982 837 4041 illu
864 3980 1003 4035 latifundia
1027 3980 1213 4034 Romanorum
1243 3976 1323 4029 nohi-

264 4072 349 4137 lium,
368 4069 402 4121 de
421 4069 517 4141 quibus
534 4069 617 4122 multa
636 4071 727 4125 multis
744 4071 771 4124 in
798 4069 863 4125 locis
881 4070 952 4142 apud
971 4069 1154 4124 Plutarchum.
1203 4065 1268 4119 lude
1294 4076 1321 4116 et

265 4158 340 4214 Flor.
359 4155 404 4222 ΙΙΙ,
425 4159 467 4211 ΙΙ.
493 4157 527 4211 de
544 4156 684 4212 Gracchos
709 4160 852 4229 depulsam
874 4159 950 4230 agris
973 4160 1031 4211 suis
1053 4158 1156 4228 plebem
1178 4156 1322 4207 miseratur

264 4250 334 4299 est.“
357 4244 477 4299 Graev.
522 4246 606 4302 Addit
623 4246 726 4301 Gernh.
746 4246 803 4301 Cic.
831 4266 880 4317 pro
906 4246 1001 4300 Milon.
1020 4250 1065 4312 ΙΙ,
1084 4250 1126 4301 14.
1147 4243 1193 4297 uhi
1212 4239 1323 4294 Cloelius

264 4335 365 4388 (licitur
383 4335 514 4407 pepulisse
525 4336 585 4389 suis
603 4335 812 4407 possessionibus
836 4336 872 4404 Q.
894 4335 1022 4402 Varium,
1048 4333 1081 4388 Τ.
1100 4331 1263 4394 Pacuvium,
1288 4330 1322 4382 T.

265 4427 442 4491 Furianium,
460 4424 581 4497 Appium
599 4426 718 4480 fratrem.
756 4424 814 4477 Mn.

333 4499 489 4582 latrocinia]
520 4512 616 4586 „Rapti
636 4533 685 4585 per
702 4514 780 4585 agros
807 4516 931 4579 viatores,
962 4525 992 4566 ut
1018 4523 1056 4565 est
1082 4511 1108 4564 in
1136 4508 1265 4564 Suetonio
1287 4507 1320 4561 de
