3517 5450
744 740 779 785 ll.
823 740 1008 791 uutttottuu
1353 744 1397 789 XV

356 904 500 955 D.XV.-
522 899 574 953 llas
594 911 645 952 trrs
664 899 731 953 Edd.
750 920 800 972 ego
820 903 875 973 ipse
896 901 1011 963 contuli,
1031 919 1092 954 cum
1113 899 1245 972 plerisque
1265 900 1398 967 omnibus,

357 1009 413 1061 quae
430 999 589 1060 sequuntur.
626 988 698 1042 Haec
717 1000 805 1042 autem
825 988 914 1042 Editio
935 987 1029 1042 collata
1052 1000 1122 1042 esta
1143 1007 1184 1040 me
1203 987 1401 1060 Heidelbergae.

414 1082 438 1132 4.
476 1081 517 1130 M.
540 1081 571 1131 Τ.
592 1077 723 1128 Ciceronis
740 1076 888 1127 Paradosu
910 1077 959 1128 VI.
986 1075 1023 1126 ud
1041 1080 1082 1128 M.
1100 1079 1219 1128 Brutum
1246 1096 1306 1130 cum
1331 1079 1400 1129 Hie-

359 1165 446 1232 ronymi
475 1163 574 1232 Wotstt
602 1163 770 1234 Ortingcnsis
798 1161 1029 1216 annotationibus.
1080 1163 1208 1217 Basileus
1242 1166 1303 1234 (oss.
1331 1164 1400 1218 Her·

360 1268 413 1321 wag.
431 1270 479 1322 per
498 1249 561 1303 Eus.
580 1249 783 1321 Episcopiumz)
808 1248 847 1302 M.
868 1248 904 1305 D.
924 1249 1013 1303 LXlX.
1031 1249 1050 1302 s.
1071 1269 1106 1303 m.
1149 1249 1238 1321 Saepe
1267 1252 1400 1319 lectiones,

363 1350 494 1409 quaesunt
513 1338 541 1390 in
561 1338 684 1392 lemmate
713 1336 933 1403 annotationum,
961 1356 1015 1390 non
1036 1338 1199 1392 conveniunt
1223 1358 1284 1393 cum
1314 1342 1399 1396 verbis

362 1428 380 1478 in
395 1437 512 1480 contextu
532 1426 654 1497 receptis.
691 1424 780 1479 Editio
800 1425 910 1479 minime
929 1435 967 1478 est
985 1425 1191 1479 contemnenda.

415 1518 439 1568 5.
476 1517 516 1568 M.
541 1514 625 1566 Tullii
644 1513 774 1567 Ciceronis
792 1512 941 1565 Paradoxa
959 1512 997 1563 ud
1014 1516 1054 1568 M.
1074 1517 1201 1566 Brutum.
1237 1517 1293 1567 Mit
1311 1516 1399 1569 histo-

363 1601 446 1653 riscben
466 1601 524 1653 und
539 1601 772 1670 pbilosopbiscben
791 1599 983 1671 Einleitungen
1002 1600 1060 1652 und
1071 1601 1263 1656 erlr‘iuternden
1280 1605 1397 1656 Aninet-

364 1688 448 1758 kungen
466 1689 522 1760 sr'ir
541 1717 575 1728 -
595 1690 757 1759 Gymnosien
783 1687 873 1742 beart.
902 1709 926 1743 v.
949 1687 976 1740 J.
995 1687 1030 1741 D.
1060 1688 1249 1761 Biichling.
1276 1691 1345 1744 Berl.
1374 1712 1401 1746 u.

365 1773 498 1843 statuunt,
517 1779 598 1829 titt.
616 1779 640 1829 8.
683 1776 725 1829 Ad
754 1775 873 1830 criticam
898 1786 924 1828 et
950 1777 1153 1846 grammaticam
1173 1778 1304 1832 rationem
1324 1779 1399 1833 nihili

364 1862 404 1916 lere
420 1863 594 1917 aestimanda:
622 1864 655 1916 ad
680 1865 926 1935 interpretationem
956 1863 1041 1932 utilis,
1067 1865 1112 1918 sed
1139 1864 1266 1937 pleraque
1292 1865 1399 1920 aliunde

364 1961 407 2003 suut
424 1960 559 2022 excerpta,
579 1963 604 2006 et
623 1951 702 2004 nimis
722 1950 829 2023 quidem
849 1952 966 2005 verbose.

417 2042 440 2094 b.
477 2042 518 2098 M.
541 2038 625 2091 Tullii
645 2038 776 2090 Ciceronis
795 2037 943 2089 Paradoxa
970 2037 1008 2088 ad
1024 2042 1065 2091 M.
1083 2042 1210 2093 Brutum.
1253 2041 1413 2091 Recensuit'

364 2134 382 2173 et
396 2124 662 2179 animadversionibus
681 2125 813 2178 instruxit
831 2125 862 2177 H.
884 2125 901 2178 l.
923 2125 1101 2196 Borgers.,
1120 2125 1187 2178 Phil.
1207 2125 1306 2180 Theor.
1325 2126 1398 2199 Mag.

364 2222 381 2262 et
395 2212 448 2268 litt.
457 2213 538 2267 llum.
551 2213 663 2267 Ductor.
676 2242 709 2251 -
729 2213 814 2284 Lugd.
827 2212 916 2267 Batai.
936 2226 961 2268 et
980 2213 1238 2284 Noviomagi.1826.
1258 2234 1303 2286 pp.
1311 2218 1355 2273 ill..
1371 2220 1395 2270 8.

364 2294 396 2350 Est
410 2300 471 2354 haec
489 2300 571 2354 editio
590 2309 637 2353 tua
661 2299 740 2354 laude
760 2321 816 2354 non
843 2302 1010 2368 fraudanda,
1040 2321 1204 2374 quamquam
1225 2314 1301 2369 sunt,
1330 2323 1398 2375 quae

365 2402 428 2453 quum
446 2387 479 2440 ad
498 2388 649 2441 orationem
668 2399 694 2442 et
714 2389 745 2441 ad
765 2388 922 2456 lectionem,
948 2400 1005 2443 tum
1026 2390 1059 2442 ad
1086 2410 1176 2442 rerum
1196 2391 1397 2462 explicationem

365 2471 515 2529 desideranda
535 2476 682 2529 videantur.
730 2475 820 2543 Quam
848 2495 897 2529 nos
917 2478 1041 2548 proprie,
1069 2497 1097 2528 ex
1118 2475 1249 2530 hodierno
1268 2477 1396 2550 loquendi

364 2578 411 2627 usu,
426 2563 537 2617 dicimus
559 2563 741 2617 recensionem
762 2575 899 2617 contextus
917 2584 1022 2629 nouam,
1044 2583 1098 2616 non
1112 2564 1215 2619 exhibet
1234 2567 1333 2620 editor:
1352 2569 1397 2620 sed

364 2649 505 2706 utilissimam
532 2665 622 2724 tamen
649 2651 738 2705 libello
765 2663 856 2705 nostro
881 2650 986 2704 edendo
1014 2652 1115 2705 navavit
1143 2672 1268 2723 operam,
1301 2653 1396 2708 collata

363 2756 404 2791 non
420 2753 519 2795 tantum
540 2740 629 2795 multis
647 2740 712 2795 locis
739 2740 854 2793 editione
883 2740 1005 2812 principe
1031 2741 1205 2812 Moguntina,
1231 2743 1295 2795 unni
1319 2747 1398 2811 1465,

363 2827 396 2878 sed
411 2830 514 2883 totidem
542 2829 620 2882 etiam
645 2828 710 2882 locis
736 2828 883 2882 Codicibus
908 2829 1043 2883 Vossianis
1061 2829 1181 2893 duobus,
1211 2830 1257 2902 qui
1284 2843 1344 2885 sunt
1369 2833 1396 2886 in

361 2912 505 2972 Bibliotheca
529 2917 688 2969 Academica
708 2917 983 2988 Lugduno·Batava,
1008 2917 1080 2969 unde
1099 2918 1228 2988 excerpsit
1246 2919 1398 2991 complures

360 3001 467 3060 lectiones
486 3025 542 3061 non
562 3005 785 3071 contemnendas,
806 3024 892 3056 unum
910 3005 988 3057 etiam
1009 3004 1099 3057 locum
1119 3003 1306 3058 difficillimum
1332 3027 1396 3078 pro·

360 3090 463 3149 labiliter
479 3093 599 3148 restituit.
643 3091 765 3145 Contulit
784 3091 854 3143 idem
875 3091 972 3145 multos
989 3089 1128 3144 Ciceronis
1145 3091 1234 3159 locos,
1263 3112 1330 3162 quos
1355 3092 1396 3145 di·

361 3192 421 3247 cunt,
439 3178 639 3253 παραλλήλους,
665 3178 711 3250 qui
732 3198 929 3251 nonnunquam
961 3178 998 3232 vel
1025 3178 1198 3232 stabiliendae
1224 3180 1332 3233 lectioni
1357 3181 1396 3235 uel

359 3269 486 3323 sententiae
498 3267 668 3339 explicandae
680 3267 833 3320 inserviunt.
869 3267 915 3321 Est
929 3268 1017 3334 etiam,
1035 3266 1080 3319 uhi
1095 3266 1128 3319 de
1142 3268 1272 3322 sententia
1281 3270 1397 3340 scripto-

358 3355 384 3408 ris
406 3356 575 3428 intelligenda
604 3354 702 3408 utiliter
727 3353 864 3425 praecipit.
914 3352 1039 3408 Ceterum
1067 3353 1117 3405 vid.
1142 3353 1226 3407 Orell.
1255 3354 1396 3430 Onomast.

357 3442 411 3499 Tull.
431 3447 461 3501 T.
483 3448 502 3501 l.
523 3466 548 3517 p.
566 3447 628 3500 364.

411 3537 437 3587 i.
473 3533 652 3587 Adhibuimus
670 3532 749 3586 etiam
768 3530 895 3584 lectiones
921 3528 1056 3580 Editionis
1076 3528 1159 3581 seculi
1187 3528 1277 3601 quinti
1294 3528 1397 3594 decimi,

355 3638 407 3690 quas
424 3621 552 3694 excerpsit
570 3620 590 3673 l.
609 3618 644 3673 G.
664 3620 808 3686 llutten,
827 3617 966 3690 Gymnasii
993 3615 1126 3689 Spirensis
1144 3617 1250 3672 Rector.
1296 3616 1342 3672 Est
1366 3620 1392 3672 in

354 3706 503 3765 bibliotheca
523 3710 594 3776 eius,
614 3709 686 3781 quod
706 3709 830 3775 diximus,
850 3706 999 3779 Gymnasii.
1028 3708 1160 3760 Accusate
1180 3706 1317 3777 descripsit
1337 3726 1395 3759 eam

352 3792 489 3852 Editiunem
511 3798 549 3850 vir
566 3797 661 3850 doctus
679 3797 706 3849 in
726 3795 809 3861 libro,
835 3795 880 3867 qui
899 3794 1067 3848 inscribitur:
1101 3795 1395 3847 Historisclr-littcru-

352 3880 692 3957 risclr-bibliogroplrisclres
723 3886 871 3956 Muguzin,
902 3884 1029 3954 bernusg.
1057 3901 1107 3933 von
1137 3882 1162 3935 J.
1190 3880 1223 3935 G.
1251 3882 1392 3937 Meusel.

352 3973 398 4039 (Vl.
416 3972 513 4039 Stiicls3
532 3972 680 4039 Chemnitu,
699 3976 778 4028 1792.
797 3993 822 4044 p.
840 3970 1019 4037 tus-126.)
1056 3968 1192 4023 Existimat
1210 3970 1392 4037 liuttenus,

352 4078 397 4113 eam
418 4083 472 4117 esse
491 4064 562 4117 circa
581 4066 694 4117 attsu.
711 4061 780 4133 typis
798 4060 963 4132 exscriptam.
1001 4056 1067 4110 Mihi
1087 4057 1205 4130 quidem,
1224 4078 1307 4131 quum
1327 4058 1392 4111 Edi-

352 4145 454 4215 tionem,
474 4170 554 4222 quam
574 4149 625 4202 diui
643 4148 912 4219 Heidelbergensem,
936 4166 1004 4217 quae
1031 4145 1059 4198 in
1087 4146 1211 4200 manibus
1236 4159 1288 4215 est,
1317 4165 1391 4201 nunc

352 4236 449 4291 confero
468 4258 531 4291 cum
550 4237 659 4291 Hutteni
678 4238 871 4308 descriptione,
899 4253 1063 4307 quamquam
1092 4233 1195 4306 aliquot
1220 4234 1346 4288 lectiones
1363 4234 1392 4285 iu

352 4321 385 4376 illa
404 4327 506 4397 reperi,
526 4345 596 4397 quae
615 4346 670 4380 non
689 4338 817 4380 notantur
835 4325 862 4377 in
881 4323 1026 4378 collatione
1044 4321 1179 4392 Spirensi,
1200 4322 1292 4375 eadem
1312 4320 1391 4391 plane

352 4426 394 4463 esse
413 4413 528 4479 uidetur,
548 4432 632 4484 quum
652 4426 678 4468 et
697 4433 841 4485 operarum
859 4432 963 4466 errores
981 4424 1005 4465 et
1028 4409 1179 4463 chartarum
1199 4409 1284 4461 forma
1306 4420 1331 4462 et
1350 4410 1391 4461 so-

309 4559 313 4570 ·
353 4491 434 4551 liorum
454 4520 582 4554 numerus
603 4502 776 4568 conveniant,
795 4521 884 4574 neque
903 4500 991 4571 aliqua
1008 4498 1087 4551 lectio
1108 4500 1139 4553 sit
1158 4498 1191 4551 ab
1205 4496 1322 4551 Hutteno
1341 4516 1391 4549 an-
