3517 5450
360 737 381 782 X
512 735 612 782 multx
639 733 821 780 Aertntrus
850 732 968 780 cutrtcl
997 735 1037 778 tn
1065 734 1250 782 esntnoxt.

359 895 386 947 in
405 893 459 946 fine
477 891 586 964 legitur:
612 893 701 943 Marci
723 891 809 957 Tulle)
827 891 959 944 Ciceronis
979 890 1057 943 Liber
1083 891 1114 941 de
1136 891 1284 960 paradoxis
1303 892 1412 961 explicit

354 982 477 1052 feliciter
495 980 649 1048 Erffordiae
667 981 701 1030 In
724 978 824 1048 Vigitia
843 980 951 1030 Matbie
963 969 1026 1049 a—pli
1035 980 1115 1032 Anno
1127 977 1331 1032 MCCCCLXH.
1357 979 1413 1032 Ha-

361 1067 405 1121 bet
424 1067 492 1120 solas
510 1067 695 1138 inscriptiones
721 1066 842 1134 Latinas,
870 1066 990 1121 Graecae
1009 1069 1112 1123 desunt.
1149 1068 1288 1121 Vocabula
1308 1067 1411 1122 Graeca

361 1157 515 1228 depravata,
544 1167 570 1209 et
591 1156 625 1208 ita
646 1156 770 1228 quidem,
797 1167 827 1209 ut
845 1157 961 1229 scriptor
985 1157 1084 1211 litteras
1102 1157 1220 1211 Graecas
1246 1176 1295 1228 pro
1314 1159 1413 1212 Latinis

360 1246 493 1317 corruptis
515 1244 635 1298 babuisse
662 1244 797 1309 videatur,
827 1263 842 1296 a
869 1263 896 1296 se
929 1246 1113 1316 corrigendas:
1145 1246 1183 1300 sic
1209 1246 1281 1316 quod
1308 1245 1413 1299 Graece

358 1335 487 1406 scriptum
511 1334 615 1387 videbat
638 1330 747 1398 θετικιὶ,
779 1333 891 1386 fortasse
924 1354 1066 1405 perperam
1091 1345 1224 1387 exaratum
1252 1335 1412 1398 ΘΗΤΙΚΑ,

357 1422 462 1495 scripsit
479 1423 643 1477 ONOYNA.
689 1420 815 1474 Ceterum
843 1441 895 1476 nec
913 1422 1021 1475 Latinae
1046 1421 1232 1492 inscriptiones
1250 1421 1329 1493 plane
1350 1439 1411 1473 cum

357 1510 433 1564 editis
451 1510 630 1565 consentiunt.
667 1507 815 1581 Aliquoties
833 1508 1004 1581 reperiuntur
1025 1505 1280 1580 διττογραφούμενα,
1300 1508 1345 1560 sed
1365 1526 1411 1561 co·

358 1599 415 1653 lore
441 1599 525 1651 rubro
549 1598 639 1652 oblita.
683 1597 801 1668 Vestigia
827 1598 953 1669 antiquae
977 1597 1144 1669 scriptionis,
1171 1616 1252 1668 quam
1278 1593 1410 1666 ὄρθογρα·

357 1695 419 1752 oter
437 1697 547 1753 vocant,
566 1686 645 1740 babet
663 1686 759 1739 multa:
788 1706 871 1757 quare
891 1705 920 1738 ex
950 1685 1042 1739 codice
1070 1684 1216 1738 admodum
1245 1695 1345 1737 vetusto
1364 1683 1411 1734 de-

357 1775 471 1847 scriptus
490 1774 600 1828 videtur.
643 1774 737 1846 Neque
755 1774 966 1827 contemnendas
983 1773 1062 1827 babet
1080 1773 1169 1826 multis
1188 1773 1253 1826 locis
1272 1772 1411 1826 lectiones:

358 1862 431 1917 valde
449 1874 538 1916 autem
558 1862 674 1915 diversus
692 1874 730 1916 est
748 1882 762 1914 a
783 1860 850 1916 Cod.
871 1860 929 1914 Cre.
947 1865 973 1915 1.

427 1954 453 2005 3.
492 1951 553 2006 Cod.
573 1951 743 2003 Creuzeri
761 1952 874 2014 tertius,
891 1951 955 2004 item
975 1950 1142 2016 chartaceus,
1161 1948 1278 2013 octonis,
1298 1947 1411 2018 scriptus

357 2060 380 2093 a.
400 2036 668 2092 MCCCCLxxxtv.
695 2058 746 2092 nec
771 2049 861 2092 tamen
889 2038 990 2092 videtur
1008 2037 1156 2108 descriptus
1173 2037 1217 2105 (ut
1244 2034 1328 2088 multa
1356 2035 1411 2088 eius

358 2127 483 2198 temporis
502 2125 619 2198 exempla
639 2125 771 2178 librorum
791 2125 942 2195 minorum)
961 2145 990 2177 ex
1008 2123 1078 2176 libro
1097 2124 1165 2194 typis
1184 2122 1330 2193 exscripto:
1350 2140 1409 2175 cum

357 2214 431 2268 nulla
450 2213 522 2267 euim
540 2233 570 2265 ex
589 2213 693 2279 multis,
713 2234 778 2285 quas
796 2213 897 2280 babeo,
916 2212 1085 2266 Editionibus
1098 2212 1227 2264 veteribus
1246 2209 1326 2281 plane
1344 2228 1411 2265 cone

358 2303 437 2357 venit.
479 2301 566 2354 Habet
593 2301 717 2355 lacunam
736 2302 800 2355 inde
826 2301 951 2354 amedio
969 2300 1098 2353 Paradoxi
1118 2299 1198 2370 primi
1216 2298 1303 2368 capite
1322 2297 1409 2368 primo

358 2409 443 2462 usque
472 2390 505 2441 ad
531 2389 623 2461 capitis
650 2390 758 2444 secundi
786 2389 919 2456 medium,
952 2400 982 2442 ut
1007 2388 1102 2441 folium
1127 2387 1250 2440 excidisse
1274 2397 1409 2458 appareat.
1443 2406 1450 2422 ·

357 2475 476 2531 Graecas
494 2476 682 2548 inscriptiones
700 2498 755 2532 non
775 2478 859 2532 babet.
896 2479 926 2530 in
946 2498 978 2530 eo
996 2476 1135 2541 vocabulo,
1155 2475 1187 2528 de
1206 2496 1261 2546 quo
1279 2475 1313 2528 ad
1324 2474 1409 2528 Codd.

358 2568 383 2619 1.
402 2570 427 2618 2.
445 2565 528 2620 locuti
547 2586 653 2633 sumus,
673 2566 725 2620 boc
743 2566 823 2620 babet
839 2566 988 2638 singulare,
1017 2565 1090 2636 quod
1109 2563 1201 2617 litteris
1220 2562 1321 2616 Latinis
1338 2575 1409 2616 recte

357 2655 481 2708 scribitur
499 2655 618 2722 thetica,
636 2655 681 2708 sed
700 2655 788 2709 addita
807 2656 835 2708 in
854 2655 983 2708 orationis
999 2653 1066 2706 serie
1087 2651 1186 2724 glossa:
1215 2652 1246 2701 id
1270 2662 1312 2702 est
1335 2669 1409 2719 pos·

357 2745 512 2807 sessiva,
530 2744 603 2796 uude
620 2743 746 2814 apparet,
766 2763 796 2796 ea
815 2744 988 2799 conversione
1008 2760 1115 2813 pravam
1128 2740 1275 2792 multorum
1285 2738 1408 2809 scriptio-

358 2851 420 2885 nem
439 2828 550 2902 κτητικιὶ
575 2851 629 2884 esse
654 2831 794 2885 redditam.
840 2832 911 2884 Inest
934 2830 962 2882 in
988 2829 1040 2882 boc
1058 2826 1157 2880 Codice
1176 2827 1254 2879 etiam
1273 2825 1409 2877 Somnium

356 2920 498 2989 Scipionis.
534 2918 596 2973 Non
618 2931 732 2990 praestat
750 2920 856 2972 duobus
874 2916 1107 2982 antecedentibus,
1141 2916 1262 2986 adeoque
1292 2914 1324 2967 iis
1338 2913 1407 2966 inie-

357 3006 414 3060 rior
429 3006 540 3061 videtur.
585 3004 807 3079 inscriptionibus
825 3005 1026 3060 Paradoxorum
1046 3005 1146 3058 Latinis
1164 3005 1328 3076 praecedunt
1347 3002 1409 3055 bae:

353 3097 443 3165 prima
460 3095 624 3165 propositio:
642 3096 761 3147 secunda
776 3096 938 3165 propositio,
958 3094 1006 3147 rel.
1025 3123 1060 3134 -

428 3182 483 3235 Hos
501 3200 551 3253 ego
570 3180 694 3236 Creuzeri
712 3183 794 3236 libros
811 3183 868 3254 ipse
887 3183 988 3237 contuli
1008 3201 1070 3236 cum
1088 3180 1138 3233 Ed.
1159 3178 1321 3232 Gernbardi.

427 3273 520 3324 4—8.
557 3271 636 3324 Codd
654 3272 868 3324 Dresdenses
887 3273 1012 3343 quinque.
1031 3300 1066 3309 —
1097 3268 1190 3336 Quum
1209 3268 1294 3321 tribus
1312 3266 1410 3320 abbinc

356 3356 433 3411 anuis
457 3356 575 3429 legerem
602 3358 633 3411 F.
652 3356 687 3413 G.
711 3357 859 3413 Ottouis
883 3358 941 3427 (cui
968 3358 1095 3411 debemus
1122 3357 1252 3411 editiones
1276 3357 1408 3409 librorum

357 3444 496 3500 Ciceronis
522 3446 555 3499 de
573 3445 716 3502 Senectute
741 3447 818 3501 etde
837 3445 963 3513 Finibus,
987 3464 1056 3517 quae
1075 3445 1233 3515 prodierunt
1250 3463 1275 3496 a.
1293 3446 1364 3497 1830
1385 3452 1410 3494 et

355 3534 447 3601 1831.)
467 3536 671 3587 Commentarios
692 3536 802 3588 Oriticos
821 3537 849 3587 in
863 3535 942 3587 codd.
960 3533 1033 3587 Bibl.
1054 3533 1195 3589 Gissensis‚
1214 3532 1247 3601 (f.
1262 3550 1298 3583 m.
1310 3530 1409 3591 Gissae,

357 3621 452 3691 Heyer.
471 3622 549 3674 1842.
568 3621 638 3673 LVll
654 3633 679 3675 et
693 3624 745 3675 322
766 3643 811 3693 pp.
830 3627 926 3676 cum2.
947 3622 1017 3674 tabb.
1037 3619 1156 3691 lithogr.)
1174 3618 1256 3672 incidi
1275 3618 1408 3672 inlocum

357 3705 474 3779 aliquem
492 3707 533 3778 (p.
553 3707 625 3776 tt),
645 3728 699 3780 quo
717 3709 815 3763 dicitur
833 3720 933 3763 exstare
952 3709 980 3761 in
1008 3728 1038 3761 ea
1056 3706 1222 3760 Bibliotheca
1242 3705 1333 3759 Codex
1353 3712 1410 3757 Pa-

358 3794 519 3847 reduxerunt
539 3793 685 3862 Ciceronis,
704 3798 778 3868 isque
798 3797 925 3868 pessimae
946 3808 1039 3849 notae:
1057 3796 1136 3862 „Non
1156 3795 1410 3865 melius(baecsunt

358 3884 455 3949 „verba
475 3881 598 3951 Ottonis,
617 3887 650 3937 V.
659 3884 714 3954 (ΙΙ.)
733 3904 814 3957 quam
834 3886 867 3938 de
887 3885 1031 3939 Codicibus
1048 3884 1129 3937 Laelii
1148 3895 1176 3945 et
1193 3881 1303 3935 Catonis
1321 3882 1409 3934 Maio-

357 3970 426 4036 „ris,
451 3969 580 4024 iudicium
605 3972 669 4025 serri
695 3984 782 4044 potest
799 3974 833 4026 de
852 3973 908 4026 eius
927 3971 1034 4026 Codicis
1057 3970 1177 4042 exemplo
1194 3972 1410 4033 Paradoxornm,

356 4078 457 4128 „quem
475 4078 555 4130 supra
570 4059 602 4113 N.
624 4060 667 4123 ΙΙΙ,
686 4065 712 4115 4.
730 4061 932 4134 descripsimus,
959 4061 987 4113 in
1007 4078 1061 4132 quo
1086 4059 1129 4112 bic
1147 4058 1252 4111 libellus
1271 4055 1409 4110 Ciceronis

356 4146 414 4213 „iit
432 4145 456 4206 d.
474 4146 519 4202 ΙοΙ.
539 4149 702 4202 tta-151.
722 4161 774 4203 tam
794 4151 871 4203 foede
895 4148 1070 4219 interpolatus
1097 4158 1192 4210 exstat,
1217 4158 1246 4199 ut
1274 4146 1312 4197 vix
1332 4145 1410 4199 Cice·

357 4250 470 4298 „renem
488 4233 515 4285 in
535 4253 567 4285 eo
585 4253 721 4305 agnoscas.
759 4238 850 4306 Quare
864 4236 982 4310 exempla
995 4236 1126 4289 variarum
1143 4235 1290 4289 lectionum
1302 4235 1410 4301 afferre,

358 4321 402 4388 „id
423 4339 483 4375 vero
502 4334 540 4375 est
559 4323 677 4377 cbartam
698 4326 818 4396 perdere.
856 4329 897 4380 At
916 4345 998 4398 quum
1018 4325 1073 4393 ipse
1087 4344 1135 4395 ego
1153 4324 1235 4374 tinius
1247 4322 1332 4373 libelli
1344 4325 1409 4374 Tul-

360 4409 446 4474 „linni
463 4412 555 4463 varios
572 4413 696 4467 lectiones
714 4436 728 4467 e
747 4418 863 4489 quinque
884 4414 964 4468 Codri.
983 4412 1179 4465 Dresdensibus
1197 4411 1275 4482 longe
1294 4412 1410 4464 meliori-

362 4494 430 4563 „bns
448 4497 573 4566 lrobenrn,
598 4504 688 4573 gratis
706 4524 752 4557 eos
769 4505 867 4574 offero,
896 4502 981 4575 siquis
999 4500 1037 4552 eis
1056 4502 1097 4551 uti
1123 4500 1213 4553 velit.“
1260 4499 1333 4553 Haec
1361 4519 1409 4571 ego
