3517 5450
443 702 518 776 356
862 717 1026 767 excursus
1054 718 1086 762 x.

442 895 536 958 putant
556 881 687 935 lautiores.
724 882 850 932 Ceterum
869 888 923 930 tota
950 875 1015 929 haec
1034 874 1158 947 periodus
1177 874 1254 926 variis
1273 875 1434 928 lectionibus
1448 886 1497 926 tnr-

444 973 550 1025 batur.“
588 969 646 1040 lpse
665 967 767 1022 Gernh.
785 965 886 1020 Gilanii
901 964 999 1018 librum
1020 976 1044 1016 et
1059 962 1201 1017 lectionem
1221 964 1328 1033 probat,
1347 963 1383 1014 ita
1403 974 1495 1029 tamen,

444 1071 474 1112 ut
492 1057 570 1109 rerba
591 1059 722 1109 atrienses
741 1073 773 1105 ac
793 1054 905 1124 topiarii
923 1072 979 1104 non
999 1051 1100 1116 eiiciat,
1120 1051 1165 1103 sed
1184 1051 1291 1104 uncinis
1310 1050 1444 1107 includat:
1472 1054 1495 1104 in

445 1144 581 1200 Addendis
614 1155 701 1197 tamen
729 1141 839 1195 liberata
869 1140 939 1206 rult,
972 1138 1111 1209 additque:
1145 1137 1298 1210 „Equidem
1326 1158 1403 1192 nunc
1429 1140 1499 1191 rerba

445 1235 575 1286 atrienses
595 1251 628 1283 ac
655 1231 765 1301 topiarii
797 1227 917 1299 intelligo
949 1228 1056 1279 etiamsi
1080 1226 1257 1294 appellantur
1281 1226 1413 1279 atrienses
1437 1223 1500 1276 servi

446 1323 489 1376 vel
508 1321 615 1393 topiarii
634 1321 712 1374 servi.
749 1316 803 1370 Sed
819 1315 921 1369 Gisanii
940 1313 1083 1367 lectionem
1102 1314 1180 1381 paris
1198 1313 1340 1364 stultitiae
1366 1332 1422 1364 non
1442 1333 1499 1383 pro-

447 1412 506 1476 bat,
526 1427 615 1481 neque
633 1405 758 1459 withofii
778 1405 976 1469 coniecturam,
989 1402 1042 1474 'qui
1062 1400 1179 1454 volebat:
1197 1401 1246 1452 sed
1257 1411 1349 1451 tamen
1368 1401 1439 1452 servi
1458 1403 1500 1451 vi·

448 1496 710 1566 lioresaliqui,
735 1493 902 1562 sicporis
921 1489 1113 1543 stultitiae
1132 1498 1212 1552 sunt,
1241 1487 1288 1559 qui
1307 1499 1359 1540 etc.
1406 1484 1499 1538 Ibidem

449 1585 545 1650 etiam,
574 1581 649 1636 nullo
669 1581 760 1633 addito
779 1578 894 1644 iudicio,
921 1576 971 1629 Th.
992 1575 1104 1630 Bentleii
1122 1574 1200 1628 huius
1223 1574 1275 1628 loci
1303 1574 1500 1646 explicationem

450 1671 574 1743 apposuit
593 1669 674 1722 hanc:
704 1668 834 1719 atrienses
853 1684 886 1716 ac
911 1665 1022 1734 topiarii
1050 1663 1195 1734 (serrorum
1212 1664 1337 1716 omniurn
1369 1665 1464 1717 summi
1480 1676 1501 1717 et

451 1755 656 1825 honestissimi),
672 1755 693 1809 si
712 1755 799 1822 lubet,
819 1754 885 1817 sint,
904 1771 970 1824 quos
989 1752 1143 1822 signoetc,
1162 1762 1219 1803 tom
1236 1761 1304 1803 sunt
1323 1755 1397 1804 servi
1411 1763 1499 1817 tamen,

452 1865 534 1917 quarn
552 1845 600 1917 qui
618 1854 746 1915 tergunt,
767 1852 875 1913 ungunt
894 1851 944 1894 etc.

524 1931 609 1984 God.
637 1931 859 1983 Hermaunus
892 1930 919 1982 in
954 1948 1066 1982 censura
1099 1928 1149 1980 Ed.
1182 1927 1406 1981 Gernhardianae
1433 1927 1500 1997 (Lpz.

452 2022 544 2091 Litztg.
564 2021 720 2072 astutas.
740 2039 767 2089 p.
787 2018 863 2086 utu.)
881 2017 1032 2072 accuratius
1051 2015 1239 2069 Gernhardum
1265 2016 1293 2068 in
1321 2016 1397 2070 bunc
1421 2015 1500 2068 locun

453 2107 642 2179 inquisiturum
663 2106 740 2158 luisse
759 2117 865 2170 monet,
892 2105 941 2156 nisi
962 2104 985 2156 ei
1004 2105 1095 2175 ignota
1116 2104 1206 2158 suisset
1225 2105 1243 2156 l.
1263 2103 1284 2158 l.
1301 2104 1500 2176 Hottingeri

456 2194 488 2247 de
507 2194 530 2246 h.
548 2191 565 2246 l.
597 2192 739 2264 disputatio
764 2193 791 2244 in
811 2191 970 2244 Prolusione
993 2190 1134 2244 'l'uricensi
1162 2212 1186 2244 a.
1205 2195 1285 2245 1190.
1303 2192 1360 2244 ΡΡ.
1379 2190 1501 2244 Vlll.re-

455 2301 516 2336 cusa
535 2282 563 2333 in
582 2282 638 2334 eius
657 2279 801 2352 Opusculis
819 2299 845 2350 p.
865 2283 918 2332 147
924 2280 1027 2331 -155.
1052 2278 1127 2330 cuius
1147 2279 1209 2349 quia
1229 2278 1321 2349 paullo
1347 2279 1455 2350 longior
1473 2290 1502 2330 est

456 2367 606 2439 disputatio,
626 2386 766 2437 excerpere
785 2367 959 2431 sententiam,
979 2384 1059 2435 quam
1079 2365 1228 2419 describere
1248 2368 1339 2433 rerba,
1359 2367 1502 2431 maluimus,

457 2454 571 2508 addituri
590 2454 685 2507 deinde
705 2455 851 2508 Hermanni
871 2455 1038 2507 sententiam:
1073 2455 1244 2526 Hottingerus
1264 2456 1350 2527 igitur
1369 2467 1502 2526 corrupte·

458 2545 510 2597 lam
530 2561 585 2595 non
605 2554 657 2595 tam
677 2543 704 2594 in
725 2543 866 2595 verborum
899 2542 987 2614 aliqua
1007 2542 1209 2614 depravatione,
1238 2563 1321 2615 quarn
1350 2543 1379 2595 in
1405 2555 1502 2596 senten-

456 2632 552 2685 tiarum
570 2631 650 2684 totius
668 2631 760 2701 capitis
779 2649 873 2700 parum
895 2641 956 2701 apta
975 2629 1151 2684 collocatione
1169 2629 1360 2702 deprehendit:
1380 2631 1415 2682 ad
1435 2630 1502 2682 rerba

458 2719 566 2794 quidem
597 2716 745 2772 aGraevio
765 2717 833 2772 bene
863 2719 1035 2772 constitutum
1062 2738 1116 2771 esse
1136 2717 1225 2772 locum
1244 2719 1389 2786 concedit,
1418 2737 1502 2790 quam·

457 2826 537 2879 quam
558 2806 585 2858 in
606 2807 690 2859 verbis
704 2808 768 2875 puri
786 2807 910 2858 stultitia
928 2818 994 2859 sunt
1014 2807 1107 2860 durius
1125 2808 1249 2861 omissam
1277 2825 1335 2861 esse
1361 2826 1454 2860 vocem
1472 2808 1502 2858 sic

458 2893 496 2945 rel
515 2894 557 2944 ito
575 2895 727 2960 contendit,
752 2913 831 2965 quam
851 2895 971 2965 erigebat
990 2895 1119 2965 particula
1137 2894 1317 2968 comparativa
1337 2906 1386 2960 ut,
1414 2896 1441 2949 in
1467 2915 1503 2947 su-

459 2982 559 3050 periori
575 2982 696 3034 membro
716 2983 808 3052 posita.
845 2981 951 3034 Deinde
965 2982 1103 3035 transitum
1117 2984 1149 3035 ab
1161 3003 1201 3049 eo,
1220 2984 1264 3035 cui
1277 2985 1377 3036 mulier
1393 2989 1504 3054 imperat,

459 3070 491 3121 ad
512 3088 581 3133 eum,
602 3070 647 3140 qui
666 3070 747 3121 nimia
765 3069 939 3123 artificiorum
960 3070 1103 3141 cupiditate
1122 3083 1235 3139 tenetur,
1256 3083 1310 3125 tam
1330 3072 1432 3125 durum
1450 3089 1503 3133 esse,

460 3174 542 3224 quam
561 3174 655 3225 parurn
676 3156 837 3227 praevisum,
864 3156 938 3210 nullo
957 3157 995 3209 vel
1017 3158 1158 3211 verborum
1179 3159 1217 3212 rel
1241 3162 1438 3215 sententiarum
1457 3161 1505 3211 rin-

446 3242 521 3295 rculo
537 3243 683 3303 munitum:
711 3244 857 3315 siquidem,
888 3246 934 3317 qni
953 3245 1046 3317 legerit
1069 3247 1112 3299 illa
1139 3259 1222 3319 atque
1248 3250 1329 3301 utin
1347 3269 1449 3323 magna
1461 3248 1505 3319 fa-

460 3331 548 3398 milio,
568 3351 622 3383 non
643 3344 773 3402 exspectet
790 3353 848 3386 rern
867 3335 929 3386 novi
947 3336 1112 3405 argumenti,
1131 3335 1175 3388 sed
1195 3337 1284 3405 potius
1303 3356 1416 3404 eorum,
1449 3356 1505 3409 quae

460 3430 520 3472 ante
540 3419 608 3472 dicta
629 3431 703 3484 sunt,
722 3420 760 3472 vel
780 3421 1014 3476 confirmationem
1031 3423 1070 3476 rel
1089 3423 1303 3478 illustrationem.
1333 3425 1450 3496 lntelligi
1466 3443 1505 3476 au-

460 3519 512 3560 tem
532 3507 569 3557 vix
589 3526 678 3577 posse,
700 3527 827 3578 quorsum
848 3512 979 3581 pertineat
996 3531 1133 3564 serrorum
1153 3530 1215 3564 cum
1233 3511 1321 3565 stultis
1340 3513 1505 3584 comparatio.

462 3593 549 3662 „Eos,
571 3595 672 3665 inquit,
693 3615 759 3667 quoe
777 3596 853 3668 signa
872 3609 922 3651 etc.
942 3599 1027 3652 nimio
1043 3619 1125 3671 opere
1144 3599 1292 3666 delectant,
1317 3603 1385 3671 pori
1411 3603 1506 3674 praedi·

460 3693 503 3734 cat
520 3681 642 3748 stultitia,
670 3694 709 3750 et,
731 3684 803 3754 quod
824 3686 919 3739 merito
940 3688 1055 3754 mireris,
1081 3689 1190 3757 perinde
1211 3689 1290 3759 pari,
1318 3700 1352 3740 ut
1378 3691 1445 3758 servi
1471 3687 1505 3740 alii

459 3770 512 3822 sint
529 3769 586 3821 aliis
604 3770 728 3824 lautiores
745 3773 762 3823 i.
782 3792 804 3825 e.
830 3774 907 3825 troad
921 3776 986 3844 pari
1010 3775 1180 3829 conditiones
1198 3777 1320 3843 accedit,
1341 3778 1433 3849 quod,
1453 3796 1507 3849 quos

461 3855 504 3908 hic
520 3858 583 3924 pari
603 3877 663 3910 cum
684 3860 778 3913 ceteris
795 3861 921 3913 stultitia
940 3864 1016 3930 dicit,
1046 3865 1148 3916 eosdem
1175 3863 1265 3935 paullo
1295 3875 1358 3936 post
1383 3865 1507 3919 contendit

460 3941 590 3996 servitutis
608 3944 676 4010 eius,
696 3966 764 4015 quae
784 3959 821 4001 est
839 3968 854 4001 a
873 3949 992 4018 stultitia,
1011 3951 1097 4003 locum
1116 3972 1201 4023 paene
1220 3954 1346 4022 infimum
1368 3955 1507 4008 obtinere.“

460 4030 589 4083 Universe
608 4043 696 4102 aptam
715 4034 750 4087 ait
769 4035 956 4107 Hottingerus,
976 4050 1114 4111 utcunque
1134 4053 1217 4095 vertas
1234 4041 1417 4109 sententiam,
1444 4058 1508 4095 com·

459 4118 625 4189 parationem
646 4138 700 4172 non
720 4140 782 4175 esse.
817 4124 1036 4197 Transpositione
1055 4129 1136 4199 igitur
1152 4130 1303 4183 sanandum
1318 4144 1413 4186 censet
1431 4132 1508 4185 locum

460 4201 511 4258 hoc
529 4204 627 4259 modo:
646 4209 712 4273 „An
731 4209 777 4260 itte
795 4214 860 4263 milri
878 4213 958 4280 liber,
977 4218 1021 4267 rai
1040 4217 1135 4268 mulier
1152 4218 1292 4287 imperat?
1311 4221 1359 4271 cui
1378 4222 1449 4292 leges
1465 4220 1505 4269 im-

455 4292 534 4360 1¹⁰”ll
539 4330 546 4355 ι
563 4294 737 4363 Praescribit,
756 4297 844 4366 iubet,
867 4312 959 4369 vetat,
977 4305 1050 4375 quod
1067 4304 1195 4358 videtur?
1214 4308 1262 4377 qui
1281 4309 1354 4360 nihil
1376 4306 1508 4380 imperanti

459 4397 558 4451 negare
574 4391 678 4450 potest,
698 4385 767 4437 nilril
784 4406 908 4442 recusare
928 4391 1033 4444 audet?
1067 4394 1181 4447 Poscit?
1199 4396 1322 4448 dandum
1340 4407 1401 4449 est:
1421 4394 1507 4450 vocat?

462 4466 631 4519 veniendum.-
651 4471 745 4524 eiicit?
763 4474 930 4531 abeundumx
950 4481 1092 4532 minatur?
1110 4483 1348 4541 extimescendum.
1386 4490 1444 4559 Ego
1456 4505 1507 4539 uero
