3517 5450
467 701 541 803 346
865 727 1028 774 excursus
1057 730 1114 775 vu.

473 888 612 942 Ciceronis
630 904 756 950 manum,
786 885 831 956 qui
857 891 1008 956 postserra
1032 888 1120 957 pulsis
1148 887 1360 958 niogistrutibus
1387 891 1515 945 additurus

466 975 575 1028 sortasse
594 974 698 1026 suisset:
718 984 829 1025 senatus
849 993 887 1026 ne
907 991 999 1025 norrien
1017 975 1151 1045 quidem
1168 975 1198 1027 in
1215 973 1244 1027 're
1261 977 1375 1045 publica
1395 993 1464 1044 erat,
1482 980 1514 1032 vel

466 1072 578 1116 senatus
598 1061 653 1113 vis·
672 1080 764 1112 iiomen
781 1061 810 1112 in
828 1061 982 1132 republica
1000 1073 1070 1114 erat·
1113 1062 1221 1131 Quare,
1251 1064 1272 1117 si
1298 1067 1436 1120 coniicere
1455 1067 1514 1132 licet,

466 1150 647 1204 coniecturam
665 1149 794 1203 faciamus
812 1169 893 1220 quam
914 1151 1055 1203 minimum
1073 1171 1087 1203 a
1107 1150 1238 1203 librorum
1259 1150 1378 1207 lectione
1398 1156 1515 1208 receden-

466 1250 532 1301 tem,
551 1237 595 1291 cui
615 1237 724 1309 quidem
743 1257 798 1290 non
820 1237 965 1291 admodum
985 1251 1180 1310 pepercerunt,
1200 1241 1247 1311 qui
1266 1240 1358 1294 locum
1380 1245 1514 1297 emendare

465 1326 580 1398 aggressi
598 1336 668 1379 sunt.
705 1324 779 1392 Quid
799 1345 859 1379 iero
878 1326 982 1380 facilius
1006 1326 1063 1379 sieri
1091 1327 1190 1397 potuit,
1218 1346 1301 1398 quam
1330 1339 1360 1382 ut
1386 1342 1448 1383 ante
1470 1331 1514 1385 ΝΟ

466 1415 597 1469 excideret
615 1403 667 1468 NI?
698 1413 790 1481 Quare
805 1415 982 1468 coniecerim:
1000 1425 1113 1466 senatus
1131 1414 1203 1466 nisi
1220 1434 1316 1468 nomeu
1329 1418 1359 1468 in
1370 1437 1399 1469 re
1415 1417 1515 1487 publico

466 1523 531 1555 non
548 1513 626 1555 erat:
655 1503 723 1570 [non
742 1501 817 1568 dico,
843 1503 984 1554 nonnisi
1007 1521 1116 1568 nomn,
1148 1521 1216 1573 quae
1242 1515 1300 1558 erat
1318 1507 1515 1576 Wytteubacbii

465 1590 547 1644 altera
566 1589 732 1643 coniectura:
759 1609 820 1642 nam
839 1591 874 1644 ita
894 1610 949 1643 uon
968 1590 1073 1645 locutus
1090 1602 1130 1644 cst
1147 1591 1270 1659 Ciceros]
1298 1592 1332 1646 Et
1357 1596 1394 1647 ita
1419 1595 1515 1666 aliquo·

466 1677 526 1729 tles:
546 1677 579 1729 de
598 1675 685 1730 Amic.
705 1678 738 1742 V,
761 1680 807 1730 18:
836 1678 884 1729 sed
901 1678 950 1730 lroc
965 1679 1082 1746 primum
1100 1680 1201 1743 sentio,
1225 1681 1296 1732 nisi
1314 1684 1343 1732 in
1364 1682 1439 1736 bonis
1456 1685 1515 1734 omi-

467 1765 559 1816 citiam
577 1783 633 1821 esse
650 1785 714 1817 non
736 1784 832 1834 possm·
859 1765 928 1833 VIlI,
949 1771 996 1820 28:
1024 1786 1094 1838 quae
1117 1768 1239 1836 (caritas)
1263 1769 1355 1820 dirimi
1380 1772 1453 1822 nisi
1477 1772 1514 1821 de-

467 1852 587 1906 testabili
605 1853 700 1905 scelere
718 1873 782 1906 non
801 1864 901 1924 potest;
925 1855 958 1908 ad
984 1854 1019 1922 Q.
1039 1855 1126 1909 Fratr.
1145 1854 1190 1922 III,
1208 1860 1235 1923 4,
1255 1860 1287 1911 3:
1315 1877 1388 1928 quoe
1407 1888 1442 1900 -
1461 1878 1516 1909 con-

461 1942 513 2010 fici
531 1943 604 1995 nisi
621 1961 669 2011 per
687 1943 817 1994 lioruinem
835 1973 871 1984 -
888 1944 1006 2012 peritum
1025 1972 1059 1983 -
1081 1963 1148 1996 aion
1170 1948 1313 2013 possunt.⁴‘
1353 1945 1415 1999 Vid.
1444 1945 1516 2016 Sym·

466 2030 520 2084 bol.
539 2042 620 2085 nostr.
640 2029 706 2084 Crit.
725 2031 756 2096 II,
775 2035 811 2108 ²²,
820 2052 845 2102 p.
863 2036 890 2085 5.
916 2031 1039 2100 (Ulmae,
1060 2035 1138 2084 1828.
1158 2033 1199 2098 4.)
1246 2032 1303 2100 Qui
1329 2033 1427 2085 eodem
1452 2051 1515 2084 anuo

467 2121 494 2172 in
514 2120 564 2172 Ed.
578 2119 651 2191 Opp.
665 2118 721 2172 Cic.
741 2118 806 2172 baec
824 2119 960 2172 Paradoxa
981 2118 1143 2184 edidiior,
1163 2119 1226 2172 nibil
1245 2120 1301 2190 ipse
1321 2120 1441 2184 tentavit,
1458 2118 1516 2171 alio-

468 2227 528 2260 rum
545 2209 640 2274 modo,
660 2206 782 2273 Graevii,
800 2207 952 2278 Borgersii,
972 2206 1166 2278 Peerlkampii,
1187 2219 1213 2261 et
1232 2206 1260 2259 in
1275 2207 1414 2261 Analectis
1433 2211 1516 2278 putu.

469 2309 584 2349 nostram
604 2296 780 2360 enumeravit,
807 2295 881 2348 nullo
907 2296 963 2349 sere
991 2296 1082 2349 addito
1101 2296 1215 2361 iudicio,
1243 2295 1293 2348 nisi
1320 2295 1395 2366 quod
1427 2296 1515 2347 bonam

468 2382 609 2454 appellavit
627 2382 761 2454 Borgersii
780 2382 976 2454 suspIcionem,
1007 2384 1134 2437 nimirum
1153 2384 1173 2437 si
1201 2384 1236 2436 ita
1256 2384 1376 2438 colloces
1393 2384 1471 2437 rerba
1489 2403 1516 2434 re

467 2492 533 2525 iton
550 2482 610 2523 erat
629 2475 693 2542 (pro
710 2491 775 2525 non
793 2491 825 2523 ra
843 2478 935 2538 erat):
954 2474 990 2526 ita
1009 2485 1113 2537 tamen,
1134 2472 1207 2525 utin
1227 2471 1361 2525 librorum
1380 2472 1516 2543 scriptione

468 2560 586 2614 videatur
611 2560 788 2631 acquiescere.
834 2559 890 2627 Qui
920 2561 1059 2613 novissime
1085 2560 1176 2614 locum
1204 2571 1329 2613 nostrum
1356 2558 1515 2614 tractavitll.

468 2648 644 2714 Klotaius,
664 2649 704 2717 (in
724 2648 919 2716 Quaestionum
938 2648 1125 2702 Tullianarum
1152 2646 1223 2700 libro
1242 2648 1349 2719 primo,
1377 2648 1480 2718 Lipsiae
1496 2666 1515 2698 a.

468 2741 548 2793 183⁰.
566 2738 651 2791 edito:
669 2758 695 2808 p.
715 2740 767 2792 182
785 2737 839 2808 sq.)
856 2737 893 2791 ita
912 2737 1065 2808 disputavit,
1085 2749 1114 2791 ut
1133 2737 1251 2809 primum
1270 2738 1389 2804 diceret,
1416 2739 1438 2790 si
1458 2736 1516 2787 Bor-

469 2828 547 2900 gersii
566 2826 748 2880 coniecturam
773 2826 887 2896 probes,
916 2846 978 2880 cum
997 2825 1101 2879 Orellio
1120 2827 1299 2881 necessarium
1325 2846 1382 2880 esse
1412 2828 1517 2880 scribere

469 2925 659 2967 renouarat:
679 2913 779 2965 mirum
804 2924 891 2966 tamen
917 2914 966 2966 sibi
986 2914 1083 2979 rideri,
1108 2933 1139 2967 ca
1164 2915 1244 2967 verba
1273 2913 1364 2969 babila
1395 2936 1452 2968 esse
1476 2935 1516 2986 pro

470 3005 616 3072 corruptis,
647 3021 716 3071 quae
742 3021 776 3054 ne
801 3003 917 3072 speciem
951 3002 1059 3073 quidem
1085 3022 1149 3073 prae
1176 3022 1203 3055 se
1227 3005 1318 3057 ferant
1337 3004 1518 3076 corruptionis.

470 3090 598 3156 ‚,Cicero,
618 3088 668 3156 (sic
687 3088 802 3159 pergit,)
826 3091 864 3141 uti
884 3089 935 3142 boc
953 3090 1014 3143 Ioco
1032 3091 1093 3144 satis
1110 3110 1156 3157 ea,
1182 3110 1252 3161 quae
1271 3092 1350 3159 dicit,
1379 3104 1518 3166 exaggerat,

469 3178 572 3255 italistis
590 3197 700 3249 quoque
719 3177 803 3230 verbis
821 3176 924 3229 videtur
943 3178 1013 3230 idem
1039 3179 1144 3233 iecisse:
1170 3199 1253 3251 quare
1270 3201 1328 3251 quo
1352 3184 1461 3251 gravius
1485 3180 1519 3230 di·

469 3277 556 3331 ceret,
576 3266 705 3320 civitatem
727 3283 759 3319 eo
778 3276 898 3338 tempore
917 3267 1037 3339 exiguam
1056 3288 1088 3323 ac
1110 3288 1194 3340 paene
1219 3268 1323 3321 nullam
1343 3270 1440 3335 fuisse,
1464 3270 1519 3322 baec

470 3355 574 3427 scripsit
591 3374 674 3427 quum
694 3383 726 3394 -
746 3366 858 3407 seizutus
882 3374 975 3407 nornen
998 3358 1027 3407 in
1052 3375 1080 3407 re
1102 3355 1216 3426 publica
1238 3376 1292 3409 non
1318 3368 1396 3422 erat,
1424 3370 1452 3412 ut
1477 3357 1519 3408 boc

470 3445 581 3497 diceret:
602 3463 684 3514 quam
704 3471 737 3479 -
758 3454 870 3494 senatus
889 3462 982 3494 noriam
1000 3445 1029 3495 in
1047 3444 1201 3514 republica
1226 3465 1279 3497 non
1304 3456 1384 3512 erat,
1410 3447 1519 3499 nedum

470 3533 691 3584 auctoritas:
718 3530 791 3600 quod
810 3550 842 3583 eo
861 3532 964 3584 facilius
989 3533 1040 3587 erit
1062 3532 1096 3586 ad
1121 3532 1342 3604 intelligendum,
1367 3534 1390 3587 si
1421 3536 1518 3587 verbum

469 3639 561 3673 nomen
581 3618 787 3690 pronunciando
805 3618 968 3685 iuvabimus,
993 3621 1065 3674 unde
1083 3632 1210 3693 appareat
1234 3621 1382 3693 cogitando
1403 3624 1518 3695 quiddam

470 3707 579 3779 opponi.
624 3705 652 3759 Si
676 3706 820 3778 scripsisset
845 3706 956 3761 Cicero:
981 3729 1064 3780 quum
1089 3740 1123 3749 -
1142 3715 1255 3763 senatus
1281 3730 1319 3761 ne
1344 3731 1442 3764 norrun
1459 3711 1519 3784 qui-

471 3798 585 3846 demin
604 3815 631 3847 re
648 3794 758 3864 publica
780 3805 855 3861 erat,
875 3795 915 3848 vel
935 3816 1018 3867 quum
1037 3808 1197 3851 -senatus
1211 3798 1322 3850 etiam
1340 3818 1438 3851 nomen
1455 3798 1482 3849 in
1498 3814 1519 3847 re

468 3883 577 3953 publica
596 3903 648 3934 non
665 3894 741 3947 erut,
770 3904 849 3937 nemo
875 3884 953 3937 facile
978 3884 1011 3937 de
1037 3885 1089 3941 boc
1106 3885 1167 3940 Ioco
1186 3886 1344 3941 dubitasset:
1375 3908 1467 3942 verum
1493 3904 1519 3936 ne

470 3977 517 4029 ista
544 3970 652 4043 quidem
680 3971 782 4024 ratione
808 3992 893 4044 quum
921 3985 959 4027 est
981 3972 1076 4030 Cicero
1101 3974 1220 4040 locutus,
1250 3976 1399 4047 quisquam
1427 3973 1519 4029 debebit

471 4058 610 4124 haesitare,
630 4078 714 4129 quum
733 4071 835 4114 constet
853 4060 924 4114 inter
942 4081 1036 4114 ornnes
1062 4081 1155 4115 nornen
1173 4082 1252 4132 saepe
1272 4064 1308 4117 ita
1328 4065 1401 4131 dici,
1435 4075 1463 4116 ut
1478 4080 1518 4123 res,

471 4150 637 4214 auctoritas,
655 4160 742 4201 cetera
761 4161 942 4220 opponantur.
987 4150 1042 4203 Nos
1069 4150 1204 4204 dicamus:
1235 4150 1307 4204 Alsa
1326 4171 1386 4204 war
1406 4153 1460 4203 dies
1477 4149 1517 4198 da·

471 4237 539 4289 mals
558 4238 615 4289 kein
634 4240 730 4303 Stant,
756 4238 798 4289 als
817 4239 858 4289 dic
884 4243 994 4291 Gesetza
1018 4240 1047 4290 in
1073 4238 1218 4292 demsclben
1248 4241 1342 4294 niclita
1368 4242 1474 4314 gulten,
1490 4266 1515 4276 -·

472 4326 540 4377 nacla
557 4326 745 4395 gewoltsomer
770 4326 949 4400 Vertteibung
968 4329 1014 4380 der
1033 4329 1347 4399 Magistratspersonen,
1378 4331 1424 4383 des
1447 4333 1515 4381 Sena-

473 4423 512 4465 tes
533 4416 633 4465 Name
654 4415 759 4484 (sogor)
784 4415 839 4481 [sed
865 4414 916 4469 boc
934 4416 1021 4487 ipsum
1047 4434 1128 4487 sogor
1153 4415 1237 4483 deest]
1268 4436 1323 4469 aus
1352 4419 1412 4469 dem
1434 4422 1514 4469 Stante

475 4505 678 4557 versclrwuuden
699 4505 782 4555 uun.u
819 4503 891 4558 Ilaec
911 4504 963 4561 ille.
999 4503 1055 4558 Iam
1074 4517 1102 4560 ut
1121 4524 1208 4559 meam
1231 4504 1453 4578 qualemcunque
1469 4520 1514 4555 sen·
