<?xml version="1.0" encoding="UTF-8"?>
<!DOCTYPE html PUBLIC "-//W3C//DTD XHTML 1.0 Transitional//EN"
    "http://www.w3.org/TR/xhtml1/DTD/xhtml1-transitional.dtd">
<html xmlns="http://www.w3.org/1999/xhtml" xml:lang="en" lang="en">
 <head>
  <title>
</title>
<meta http-equiv="Content-Type" content="text/html;charset=utf-8" />
  <meta name='ocr-system' content='tesseract 3.04.00' />
  <meta name='ocr-capabilities' content='ocr_page ocr_carea ocr_par ocr_line ocrx_word'/>
</head>
<body>
  <div class='ocr_page' id='page_1' title='image "./mtulliiciceroni15cicegoog_0011.png"; bbox 0 0 3517 5450; ppageno 0'>
   <div class='ocr_carea' id='block_1_1' title="bbox 613 1519 999 1600">
    <p class='ocr_par' dir='ltr' id='par_1_1' title="bbox 613 1519 999 1600">
     <span class='ocr_line' id='line_1_1' title="bbox 613 1519 999 1600; baseline -0.016 0"><span class='ocrx_word' id='word_1_1' title='bbox 613 1519 999 1600; x_wconf 79' lang='lat' dir='ltr'><strong>PRAEFATIO.</strong></span> 
     </span>
    </p>
   </div>
   <div class='ocr_carea' id='block_1_2' title="bbox 258 1928 1334 2895">
    <p class='ocr_par' dir='ltr' id='par_1_2' title="bbox 258 1928 1334 2895">
     <span class='ocr_line' id='line_1_2' title="bbox 275 1928 1334 2057; baseline 0.004 -23"><span class='ocrx_word' id='word_1_2' title='bbox 275 1928 495 2052; x_wconf 72' lang='lat' dir='ltr'><strong>Quindecim</strong></span> <span class='ocrx_word' id='word_1_3' title='bbox 524 1973 599 2034; x_wconf 92' lang='lat' dir='ltr'><strong>suut</strong></span> <span class='ocrx_word' id='word_1_4' title='bbox 616 1975 703 2051; x_wconf 91' lang='lat' dir='ltr'><strong>anni,</strong></span> <span class='ocrx_word' id='word_1_5' title='bbox 730 1991 773 2038; x_wconf 88' lang='lat' dir='ltr'><strong>ex</strong></span> <span class='ocrx_word' id='word_1_6' title='bbox 797 1991 874 2055; x_wconf 95' lang='lat' dir='ltr'><strong>quo,</strong></span> <span class='ocrx_word' id='word_1_7' title='bbox 902 1993 1003 2057; x_wconf 91' lang='lat' dir='ltr'><strong>quum</strong></span> <span class='ocrx_word' id='word_1_8' title='bbox 1019 1978 1211 2041; x_wconf 83' lang='lat' dir='ltr'><strong>Tusculanis</strong></span> <span class='ocrx_word' id='word_1_9' title='bbox 1232 1976 1334 2039; x_wconf 91' lang='lat' dir='ltr'><strong>eden·</strong></span> 
     </span>
     <span class='ocr_line' id='line_1_3' title="bbox 276 2090 1333 2169; baseline 0.001 -15"><span class='ocrx_word' id='word_1_10' title='bbox 276 2092 321 2154; x_wconf 92' lang='lat' dir='ltr'><strong>dis</strong></span> <span class='ocrx_word' id='word_1_11' title='bbox 353 2107 409 2152; x_wconf 89' lang='lat' dir='ltr'><strong>me</strong></span> <span class='ocrx_word' id='word_1_12' title='bbox 449 2090 674 2169; x_wconf 82' lang='lat' dir='ltr'><strong>accingerem,</strong></span> <span class='ocrx_word' id='word_1_13' title='bbox 714 2091 919 2158; x_wconf 90' lang='lat' dir='ltr'><strong>edendorum</strong></span> <span class='ocrx_word' id='word_1_14' title='bbox 951 2095 1048 2159; x_wconf 92' lang='lat' dir='ltr'><strong>simul</strong></span> <span class='ocrx_word' id='word_1_15' title='bbox 1081 2095 1333 2160; x_wconf 86' lang='lat' dir='ltr'><strong>Paradoxorum</strong></span> 
     </span>
     <span class='ocr_line' id='line_1_4' title="bbox 277 2207 1333 2288; baseline 0.002 -16"><span class='ocrx_word' id='word_1_16' title='bbox 277 2209 450 2274; x_wconf 90' lang='lat' dir='ltr'><strong>consilium</strong></span> <span class='ocrx_word' id='word_1_17' title='bbox 485 2209 568 2288; x_wconf 89' lang='lat' dir='ltr'><strong>cepi.</strong></span> <span class='ocrx_word' id='word_1_18' title='bbox 636 2207 736 2275; x_wconf 83' lang='lat' dir='ltr'><strong>Cuius</strong></span> <span class='ocrx_word' id='word_1_19' title='bbox 771 2212 900 2277; x_wconf 91' lang='lat' dir='ltr'><strong>consilii</strong></span> <span class='ocrx_word' id='word_1_20' title='bbox 934 2231 1036 2279; x_wconf 87' lang='lat' dir='ltr'><strong>causa</strong></span> <span class='ocrx_word' id='word_1_21' title='bbox 1066 2230 1133 2278; x_wconf 94' lang='lat' dir='ltr'><strong>uon</strong></span> <span class='ocrx_word' id='word_1_22' title='bbox 1167 2230 1234 2277; x_wconf 87' lang='lat' dir='ltr'><strong>una</strong></span> <span class='ocrx_word' id='word_1_23' title='bbox 1262 2212 1333 2275; x_wconf 84' lang='lat' dir='ltr'><strong>luit</strong></span> 
     </span>
     <span class='ocr_line' id='line_1_5' title="bbox 278 2327 1333 2413; baseline 0.002 -20"><span class='ocrx_word' id='word_1_24' title='bbox 278 2329 513 2394; x_wconf 76' lang='lat' dir='ltr'><strong>offerebantur</strong></span> <span class='ocrx_word' id='word_1_25' title='bbox 550 2327 630 2391; x_wconf 90' lang='lat' dir='ltr'><strong>mibi</strong></span> <span class='ocrx_word' id='word_1_26' title='bbox 665 2329 784 2395; x_wconf 89' lang='lat' dir='ltr'><strong>eodem</strong></span> <span class='ocrx_word' id='word_1_27' title='bbox 823 2335 973 2413; x_wconf 90' lang='lat' dir='ltr'><strong>tempore</strong></span> <span class='ocrx_word' id='word_1_28' title='bbox 1007 2331 1221 2398; x_wconf 82' lang='lat' dir='ltr'><strong>aGrcuzero</strong></span> <span class='ocrx_word' id='word_1_29' title='bbox 1255 2347 1333 2395; x_wconf 90' lang='lat' dir='ltr'><strong>meo</strong></span> 
     </span>
     <span class='ocr_line' id='line_1_6' title="bbox 277 2449 1332 2534; baseline -0.002 -20"><span class='ocrx_word' id='word_1_30' title='bbox 277 2456 340 2514; x_wconf 90' lang='lat' dir='ltr'><strong>tres</strong></span> <span class='ocrx_word' id='word_1_31' title='bbox 366 2449 506 2514; x_wconf 82' lang='lat' dir='ltr'><strong>Codices</strong></span> <span class='ocrx_word' id='word_1_32' title='bbox 529 2465 631 2514; x_wconf 90' lang='lat' dir='ltr'><strong>mauu</strong></span> <span class='ocrx_word' id='word_1_33' title='bbox 658 2452 789 2533; x_wconf 90' lang='lat' dir='ltr'><strong>scripti,</strong></span> <span class='ocrx_word' id='word_1_34' title='bbox 816 2470 885 2517; x_wconf 92' lang='lat' dir='ltr'><strong>non</strong></span> <span class='ocrx_word' id='word_1_35' title='bbox 910 2454 957 2516; x_wconf 90' lang='lat' dir='ltr'><strong>illi</strong></span> <span class='ocrx_word' id='word_1_36' title='bbox 984 2452 1117 2534; x_wconf 89' lang='lat' dir='ltr'><strong>quidem</strong></span> <span class='ocrx_word' id='word_1_37' title='bbox 1143 2450 1332 2534; x_wconf 86' lang='lat' dir='ltr'><strong>pervetusti,</strong></span> 
     </span>
     <span class='ocr_line' id='line_1_7' title="bbox 278 2569 1333 2652; baseline 0.002 -20"><span class='ocrx_word' id='word_1_38' title='bbox 278 2570 334 2633; x_wconf 90' lang='lat' dir='ltr'><strong>sed</strong></span> <span class='ocrx_word' id='word_1_39' title='bbox 359 2569 502 2648; x_wconf 88' lang='lat' dir='ltr'><strong>saeculi,</strong></span> <span class='ocrx_word' id='word_1_40' title='bbox 529 2573 564 2632; x_wconf 91' lang='lat' dir='ltr'><strong>ut</strong></span> <span class='ocrx_word' id='word_1_41' title='bbox 590 2569 737 2649; x_wconf 86' lang='lat' dir='ltr'><strong>videtur,</strong></span> <span class='ocrx_word' id='word_1_42' title='bbox 764 2573 868 2652; x_wconf 92' lang='lat' dir='ltr'><strong>quinti</strong></span> <span class='ocrx_word' id='word_1_43' title='bbox 895 2573 1033 2652; x_wconf 82' lang='lat' dir='ltr'><strong>decimi,</strong></span> <span class='ocrx_word' id='word_1_44' title='bbox 1058 2571 1243 2648; x_wconf 80' lang='lat' dir='ltr'><strong>chartacei,</strong></span> <span class='ocrx_word' id='word_1_45' title='bbox 1273 2569 1333 2634; x_wconf 87' lang='lat' dir='ltr'><strong>sed</strong></span> 
     </span>
     <span class='ocr_line' id='line_1_8' title="bbox 258 2690 1331 2776; baseline 0.001 -22"><span class='ocrx_word' id='word_1_46' title='bbox 258 2691 422 2755; x_wconf 78' lang='lat' dir='ltr'><strong>nondum</strong></span> <span class='ocrx_word' id='word_1_47' title='bbox 448 2691 561 2755; x_wconf 88' lang='lat' dir='ltr'><strong>collati</strong></span> <span class='ocrx_word' id='word_1_48' title='bbox 585 2695 618 2754; x_wconf 92' lang='lat' dir='ltr'><strong>et</strong></span> <span class='ocrx_word' id='word_1_49' title='bbox 643 2691 750 2772; x_wconf 89' lang='lat' dir='ltr'><strong>primo</strong></span> <span class='ocrx_word' id='word_1_50' title='bbox 777 2691 935 2775; x_wconf 86' lang='lat' dir='ltr'><strong>adspectu</strong></span> <span class='ocrx_word' id='word_1_51' title='bbox 962 2710 1054 2776; x_wconf 90' lang='lat' dir='ltr'><strong>spem</strong></span> <span class='ocrx_word' id='word_1_52' title='bbox 1078 2692 1235 2758; x_wconf 87' lang='lat' dir='ltr'><strong>iacientes</strong></span> <span class='ocrx_word' id='word_1_53' title='bbox 1257 2690 1331 2755; x_wconf 87' lang='lat' dir='ltr'><strong>iore</strong></span> 
     </span>
     <span class='ocr_line' id='line_1_9' title="bbox 280 2810 1333 2895; baseline -0.002 -19"><span class='ocrx_word' id='word_1_54' title='bbox 280 2817 315 2876; x_wconf 91' lang='lat' dir='ltr'><strong>ut</strong></span> <span class='ocrx_word' id='word_1_55' title='bbox 340 2812 463 2894; x_wconf 89' lang='lat' dir='ltr'><strong>aliquid</strong></span> <span class='ocrx_word' id='word_1_56' title='bbox 497 2810 574 2875; x_wconf 90' lang='lat' dir='ltr'><strong>iude</strong></span> <span class='ocrx_word' id='word_1_57' title='bbox 609 2811 718 2877; x_wconf 88' lang='lat' dir='ltr'><strong>bonae</strong></span> <span class='ocrx_word' id='word_1_58' title='bbox 750 2812 854 2895; x_wconf 78' lang='lat' dir='ltr'><strong>frugis</strong></span> <span class='ocrx_word' id='word_1_59' title='bbox 880 2832 901 2879; x_wconf 91' lang='lat' dir='ltr'><strong>a</strong></span> <span class='ocrx_word' id='word_1_60' title='bbox 926 2816 1023 2879; x_wconf 90' lang='lat' dir='ltr'><strong>nobis</strong></span> <span class='ocrx_word' id='word_1_61' title='bbox 1044 2812 1179 2894; x_wconf 81' lang='lat' dir='ltr'><strong>excerpi</strong></span> <span class='ocrx_word' id='word_1_62' title='bbox 1204 2814 1333 2892; x_wconf 88' lang='lat' dir='ltr'><strong>posset:</strong></span> 
     </span>
    </p>
   </div>
   <div class='ocr_carea' id='block_1_3' title="bbox 277 2928 1432 3012">
    <p class='ocr_par' dir='ltr' id='par_1_3' title="bbox 277 2928 1432 3012">
     <span class='ocr_line' id='line_1_10' title="bbox 277 2928 1432 3012; baseline -0.004 -18"><span class='ocrx_word' id='word_1_63' title='bbox 277 2949 362 3012; x_wconf 88' lang='lat' dir='ltr'><strong>quae</strong></span> <span class='ocrx_word' id='word_1_64' title='bbox 389 2947 464 3011; x_wconf 90' lang='lat' dir='ltr'><strong>spes</strong></span> <span class='ocrx_word' id='word_1_65' title='bbox 491 2946 559 2993; x_wconf 90' lang='lat' dir='ltr'><strong>uon</strong></span> <span class='ocrx_word' id='word_1_66' title='bbox 584 2930 681 3011; x_wconf 86' lang='lat' dir='ltr'><strong>plane</strong></span> <span class='ocrx_word' id='word_1_67' title='bbox 708 2930 832 2997; x_wconf 80' lang='lat' dir='ltr'><strong>fefellit.</strong></span> <span class='ocrx_word' id='word_1_68' title='bbox 885 2934 1094 2998; x_wconf 82' lang='lat' dir='ltr'><strong>Accedebant</strong></span> <span class='ocrx_word' id='word_1_69' title='bbox 1109 2932 1236 3012; x_wconf 84' lang='lat' dir='ltr'><strong>aliquot</strong></span> <span class='ocrx_word' id='word_1_70' title='bbox 1261 2928 1333 2992; x_wconf 89' lang='lat' dir='ltr'><strong>edi·</strong></span> <span class='ocrx_word' id='word_1_71' title='bbox 1427 2998 1432 3004; x_wconf 49' lang='grc'>,</span> 
     </span>
    </p>
   </div>
   <div class='ocr_carea' id='block_1_4' title="bbox 269 3050 1365 4579">
    <p class='ocr_par' dir='ltr' id='par_1_4' title="bbox 269 3050 1365 4579">
     <span class='ocr_line' id='line_1_11' title="bbox 277 3050 1365 3132; baseline -0.002 -17"><span class='ocrx_word' id='word_1_72' title='bbox 277 3053 383 3115; x_wconf 87' lang='lat' dir='ltr'><strong>tiones</strong></span> <span class='ocrx_word' id='word_1_73' title='bbox 411 3055 559 3129; x_wconf 88' lang='lat' dir='ltr'><strong>veteres,</strong></span> <span class='ocrx_word' id='word_1_74' title='bbox 585 3050 706 3129; x_wconf 91' lang='lat' dir='ltr'><strong>abiis,</strong></span> <span class='ocrx_word' id='word_1_75' title='bbox 732 3052 788 3132; x_wconf 92' lang='lat' dir='ltr'><strong>qui</strong></span> <span class='ocrx_word' id='word_1_76' title='bbox 815 3052 923 3117; x_wconf 87' lang='lat' dir='ltr'><strong>adhuc</strong></span> <span class='ocrx_word' id='word_1_77' title='bbox 949 3053 1120 3118; x_wconf 85' lang='lat' dir='ltr'><strong>ediderant</strong></span> <span class='ocrx_word' id='word_1_78' title='bbox 1145 3050 1332 3126; x_wconf 75' lang='lat' dir='ltr'><strong>Paradene,</strong></span> <span class='ocrx_word' id='word_1_79' title='bbox 1360 3106 1365 3114; x_wconf 86' lang='grc'>,</span> 
     </span>
     <span class='ocr_line' id='line_1_12' title="bbox 278 3170 1332 3252; baseline -0.003 -17"><span class='ocrx_word' id='word_1_80' title='bbox 278 3189 342 3236; x_wconf 93' lang='lat' dir='ltr'><strong>non</strong></span> <span class='ocrx_word' id='word_1_81' title='bbox 371 3173 549 3251; x_wconf 88' lang='lat' dir='ltr'><strong>inspectae,</strong></span> <span class='ocrx_word' id='word_1_82' title='bbox 576 3186 678 3251; x_wconf 91' lang='lat' dir='ltr'><strong>quum</strong></span> <span class='ocrx_word' id='word_1_83' title='bbox 702 3171 736 3234; x_wconf 94' lang='lat' dir='ltr'><strong>in</strong></span> <span class='ocrx_word' id='word_1_84' title='bbox 762 3172 846 3236; x_wconf 90' lang='lat' dir='ltr'><strong>meis</strong></span> <span class='ocrx_word' id='word_1_85' title='bbox 872 3173 975 3252; x_wconf 91' lang='lat' dir='ltr'><strong>libris,</strong></span> <span class='ocrx_word' id='word_1_86' title='bbox 997 3177 1067 3237; x_wconf 93' lang='lat' dir='ltr'><strong>tum</strong></span> <span class='ocrx_word' id='word_1_87' title='bbox 1082 3172 1214 3239; x_wconf 86' lang='lat' dir='ltr'><strong>aliunde</strong></span> <span class='ocrx_word' id='word_1_88' title='bbox 1241 3170 1332 3247; x_wconf 94' lang='lat' dir='ltr'><strong>mibi,</strong></span> 
     </span>
     <span class='ocr_line' id='line_1_13' title="bbox 277 3290 1334 3373; baseline -0.001 -17"><span class='ocrx_word' id='word_1_89' title='bbox 277 3291 471 3373; x_wconf 87' lang='lat' dir='ltr'><strong>praesertim</strong></span> <span class='ocrx_word' id='word_1_90' title='bbox 510 3307 553 3353; x_wconf 86' lang='lat' dir='ltr'><strong>ex</strong></span> <span class='ocrx_word' id='word_1_91' title='bbox 584 3290 783 3355; x_wconf 87' lang='lat' dir='ltr'><strong>bibliotheca</strong></span> <span class='ocrx_word' id='word_1_92' title='bbox 826 3290 1112 3372; x_wconf 80' lang='lat' dir='ltr'><strong>Heidelbergensi,</strong></span> <span class='ocrx_word' id='word_1_93' title='bbox 1153 3291 1334 3355; x_wconf 87' lang='lat' dir='ltr'><strong>liberaliter</strong></span> 
     </span>
     <span class='ocr_line' id='line_1_14' title="bbox 279 3410 1331 3492; baseline 0 -17"><span class='ocrx_word' id='word_1_94' title='bbox 279 3412 420 3489; x_wconf 90' lang='lat' dir='ltr'><strong>oblatae,</strong></span> <span class='ocrx_word' id='word_1_95' title='bbox 448 3412 566 3491; x_wconf 93' lang='lat' dir='ltr'><strong>quibus</strong></span> <span class='ocrx_word' id='word_1_96' title='bbox 590 3429 652 3492; x_wconf 92' lang='lat' dir='ltr'><strong>pro</strong></span> <span class='ocrx_word' id='word_1_97' title='bbox 667 3429 704 3475; x_wconf 89' lang='lat' dir='ltr'><strong>re</strong></span> <span class='ocrx_word' id='word_1_98' title='bbox 723 3414 803 3476; x_wconf 89' lang='lat' dir='ltr'><strong>nata</strong></span> <span class='ocrx_word' id='word_1_99' title='bbox 823 3414 944 3475; x_wconf 86' lang='lat' dir='ltr'><strong>uterer.</strong></span> <span class='ocrx_word' id='word_1_100' title='bbox 997 3410 1061 3476; x_wconf 87' lang='lat' dir='ltr'><strong>Sed</strong></span> <span class='ocrx_word' id='word_1_101' title='bbox 1085 3411 1150 3475; x_wconf 89' lang='lat' dir='ltr'><strong>alia</strong></span> <span class='ocrx_word' id='word_1_102' title='bbox 1176 3415 1247 3475; x_wconf 90' lang='lat' dir='ltr'><strong>erat</strong></span> <span class='ocrx_word' id='word_1_103' title='bbox 1273 3427 1331 3475; x_wconf 88' lang='lat' dir='ltr'><strong>ea-</strong></span> 
     </span>
     <span class='ocr_line' id='line_1_15' title="bbox 277 3531 1332 3613; baseline -0.002 -18"><span class='ocrx_word' id='word_1_104' title='bbox 277 3550 340 3613; x_wconf 87' lang='lat' dir='ltr'><strong>que</strong></span> <span class='ocrx_word' id='word_1_105' title='bbox 368 3531 503 3611; x_wconf 79' lang='lat' dir='ltr'><strong>gravior</strong></span> <span class='ocrx_word' id='word_1_106' title='bbox 529 3546 646 3609; x_wconf 90' lang='lat' dir='ltr'><strong>causa,</strong></span> <span class='ocrx_word' id='word_1_107' title='bbox 683 3547 750 3611; x_wconf 90' lang='lat' dir='ltr'><strong>qua</strong></span> <span class='ocrx_word' id='word_1_108' title='bbox 775 3533 945 3611; x_wconf 90' lang='lat' dir='ltr'><strong>permotus</strong></span> <span class='ocrx_word' id='word_1_109' title='bbox 970 3531 1100 3595; x_wconf 90' lang='lat' dir='ltr'><strong>iunctos</strong></span> <span class='ocrx_word' id='word_1_110' title='bbox 1123 3531 1222 3595; x_wconf 88' lang='lat' dir='ltr'><strong>edere</strong></span> <span class='ocrx_word' id='word_1_111' title='bbox 1248 3548 1332 3594; x_wconf 92' lang='lat' dir='ltr'><strong>con·</strong></span> 
     </span>
     <span class='ocr_line' id='line_1_16' title="bbox 275 3648 1330 3733; baseline 0.001 -21"><span class='ocrx_word' id='word_1_112' title='bbox 275 3651 446 3713; x_wconf 86' lang='lat' dir='ltr'><strong>stitueram</strong></span> <span class='ocrx_word' id='word_1_113' title='bbox 472 3648 594 3727; x_wconf 90' lang='lat' dir='ltr'><strong>libros,</strong></span> <span class='ocrx_word' id='word_1_114' title='bbox 618 3664 702 3730; x_wconf 90' lang='lat' dir='ltr'><strong>quos</strong></span> <span class='ocrx_word' id='word_1_115' title='bbox 727 3648 815 3712; x_wconf 85' lang='lat' dir='ltr'><strong>dixi:</strong></span> <span class='ocrx_word' id='word_1_116' title='bbox 842 3650 978 3729; x_wconf 89' lang='lat' dir='ltr'><strong>eadem,</strong></span> <span class='ocrx_word' id='word_1_117' title='bbox 1005 3654 1142 3733; x_wconf 90' lang='lat' dir='ltr'><strong>opinor,</strong></span> <span class='ocrx_word' id='word_1_118' title='bbox 1169 3668 1255 3732; x_wconf 87' lang='lat' dir='ltr'><strong>quae</strong></span> <span class='ocrx_word' id='word_1_119' title='bbox 1271 3666 1330 3716; x_wconf 90' lang='lat' dir='ltr'><strong>eos</strong></span> 
     </span>
     <span class='ocr_line' id='line_1_17' title="bbox 275 3767 1332 3852; baseline 0.002 -19"><span class='ocrx_word' id='word_1_120' title='bbox 275 3771 476 3849; x_wconf 84' lang='lat' dir='ltr'><strong>coniungere</strong></span> <span class='ocrx_word' id='word_1_121' title='bbox 504 3767 596 3832; x_wconf 92' lang='lat' dir='ltr'><strong>iussit</strong></span> <span class='ocrx_word' id='word_1_122' title='bbox 623 3767 810 3833; x_wconf 88' lang='lat' dir='ltr'><strong>Sebiitzium</strong></span> <span class='ocrx_word' id='word_1_123' title='bbox 837 3773 869 3833; x_wconf 89' lang='lat' dir='ltr'><strong>et</strong></span> <span class='ocrx_word' id='word_1_124' title='bbox 897 3768 1067 3849; x_wconf 89' lang='lat' dir='ltr'><strong>Orellium,</strong></span> <span class='ocrx_word' id='word_1_125' title='bbox 1095 3774 1127 3835; x_wconf 91' lang='lat' dir='ltr'><strong>et</strong></span> <span class='ocrx_word' id='word_1_126' title='bbox 1152 3771 1240 3835; x_wconf 93' lang='lat' dir='ltr'><strong>bunc</strong></span> <span class='ocrx_word' id='word_1_127' title='bbox 1258 3772 1332 3852; x_wconf 91' lang='lat' dir='ltr'><strong>qui-</strong></span> 
     </span>
     <span class='ocr_line' id='line_1_18' title="bbox 275 3886 1332 3972; baseline 0.005 -21"><span class='ocrx_word' id='word_1_128' title='bbox 275 3888 350 3951; x_wconf 88' lang='lat' dir='ltr'><strong>dem</strong></span> <span class='ocrx_word' id='word_1_129' title='bbox 377 3902 446 3950; x_wconf 92' lang='lat' dir='ltr'><strong>non</strong></span> <span class='ocrx_word' id='word_1_130' title='bbox 473 3886 612 3950; x_wconf 89' lang='lat' dir='ltr'><strong>seorsim</strong></span> <span class='ocrx_word' id='word_1_131' title='bbox 636 3887 738 3951; x_wconf 93' lang='lat' dir='ltr'><strong>modo</strong></span> <span class='ocrx_word' id='word_1_132' title='bbox 761 3888 887 3965; x_wconf 91' lang='lat' dir='ltr'><strong>editos,</strong></span> <span class='ocrx_word' id='word_1_133' title='bbox 912 3889 971 3953; x_wconf 90' lang='lat' dir='ltr'><strong>scd</strong></span> <span class='ocrx_word' id='word_1_134' title='bbox 997 3890 1115 3968; x_wconf 88' lang='lat' dir='ltr'><strong>etiam,</strong></span> <span class='ocrx_word' id='word_1_135' title='bbox 1142 3890 1231 3972; x_wconf 92' lang='lat' dir='ltr'><strong>qnod</strong></span> <span class='ocrx_word' id='word_1_136' title='bbox 1253 3891 1332 3956; x_wconf 88' lang='lat' dir='ltr'><strong>item</strong></span> 
     </span>
     <span class='ocr_line' id='line_1_19' title="bbox 273 4004 1331 4089; baseline 0.004 -17"><span class='ocrx_word' id='word_1_137' title='bbox 273 4009 399 4072; x_wconf 86' lang='lat' dir='ltr'><strong>iecerat</strong></span> <span class='ocrx_word' id='word_1_138' title='bbox 426 4004 614 4083; x_wconf 87' lang='lat' dir='ltr'><strong>Sohiitzius,</strong></span> <span class='ocrx_word' id='word_1_139' title='bbox 648 4007 682 4069; x_wconf 94' lang='lat' dir='ltr'><strong>in</strong></span> <span class='ocrx_word' id='word_1_140' title='bbox 709 4024 849 4089; x_wconf 91' lang='lat' dir='ltr'><strong>operum</strong></span> <span class='ocrx_word' id='word_1_141' title='bbox 873 4006 1042 4073; x_wconf 84' lang='lat' dir='ltr'><strong>Ciceronis</strong></span> <span class='ocrx_word' id='word_1_142' title='bbox 1078 4010 1225 4074; x_wconf 91' lang='lat' dir='ltr'><strong>omnium</strong></span> <span class='ocrx_word' id='word_1_143' title='bbox 1259 4012 1331 4076; x_wconf 90' lang='lat' dir='ltr'><strong>edi·</strong></span> 
     </span>
     <span class='ocr_line' id='line_1_20' title="bbox 273 4127 1328 4211; baseline 0.003 -18"><span class='ocrx_word' id='word_1_144' title='bbox 273 4132 374 4195; x_wconf 89' lang='lat' dir='ltr'><strong>tione.</strong></span> <span class='ocrx_word' id='word_1_145' title='bbox 428 4127 620 4207; x_wconf 77' lang='lat' dir='ltr'><strong>argumenti</strong></span> <span class='ocrx_word' id='word_1_146' title='bbox 644 4128 799 4192; x_wconf 90' lang='lat' dir='ltr'><strong>nimirum</strong></span> <span class='ocrx_word' id='word_1_147' title='bbox 817 4134 888 4194; x_wconf 90' lang='lat' dir='ltr'><strong>crat</strong></span> <span class='ocrx_word' id='word_1_148' title='bbox 909 4129 1072 4210; x_wconf 87' lang='lat' dir='ltr'><strong>quaedam</strong></span> <span class='ocrx_word' id='word_1_149' title='bbox 1092 4132 1185 4211; x_wconf 87' lang='lat' dir='ltr'><strong>quasi</strong></span> <span class='ocrx_word' id='word_1_150' title='bbox 1203 4149 1328 4211; x_wconf 83' lang='lat' dir='ltr'><strong>cogna-</strong></span> 
     </span>
     <span class='ocr_line' id='line_1_21' title="bbox 272 4248 1331 4331; baseline 0.004 -18"><span class='ocrx_word' id='word_1_151' title='bbox 272 4252 337 4328; x_wconf 92' lang='lat' dir='ltr'><strong>tio,</strong></span> <span class='ocrx_word' id='word_1_152' title='bbox 366 4268 432 4331; x_wconf 85' lang='lat' dir='ltr'><strong>qua</strong></span> <span class='ocrx_word' id='word_1_153' title='bbox 455 4253 565 4313; x_wconf 91' lang='lat' dir='ltr'><strong>motus</strong></span> <span class='ocrx_word' id='word_1_154' title='bbox 591 4248 659 4313; x_wconf 90' lang='lat' dir='ltr'><strong>iam</strong></span> <span class='ocrx_word' id='word_1_155' title='bbox 684 4250 836 4313; x_wconf 91' lang='lat' dir='ltr'><strong>trecentis</strong></span> <span class='ocrx_word' id='word_1_156' title='bbox 863 4249 933 4313; x_wconf 87' lang='lat' dir='ltr'><strong>iere</strong></span> <span class='ocrx_word' id='word_1_157' title='bbox 968 4251 1088 4314; x_wconf 91' lang='lat' dir='ltr'><strong>abbiuc</strong></span> <span class='ocrx_word' id='word_1_158' title='bbox 1122 4253 1215 4316; x_wconf 91' lang='lat' dir='ltr'><strong>aunis</strong></span> <span class='ocrx_word' id='word_1_159' title='bbox 1248 4254 1331 4317; x_wconf 93' lang='lat' dir='ltr'><strong>scri·</strong></span> 
     </span>
     <span class='ocr_line' id='line_1_22' title="bbox 269 4364 1331 4451; baseline 0.001 -17"><span class='ocrx_word' id='word_1_160' title='bbox 269 4370 333 4451; x_wconf 90' lang='lat' dir='ltr'><strong>psit</strong></span> <span class='ocrx_word' id='word_1_161' title='bbox 368 4368 500 4434; x_wconf 91' lang='lat' dir='ltr'><strong>lason</strong></span> <span class='ocrx_word' id='word_1_162' title='bbox 526 4366 729 4434; x_wconf 86' lang='lat' dir='ltr'><strong>Denores</strong></span> <span class='ocrx_word' id='word_1_163' title='bbox 767 4364 925 4449; x_wconf 84' lang='lat' dir='ltr'><strong>Cyprius,</strong></span> <span class='ocrx_word' id='word_1_164' title='bbox 961 4369 995 4432; x_wconf 94' lang='lat' dir='ltr'><strong>in</strong></span> <span class='ocrx_word' id='word_1_165' title='bbox 1023 4366 1264 4434; x_wconf 82' lang='lat' dir='ltr'><strong>Institutione</strong></span> <span class='ocrx_word' id='word_1_166' title='bbox 1292 4369 1331 4435; x_wconf 89' lang='lat' dir='ltr'><strong>in</strong></span> 
     </span>
     <span class='ocr_line' id='line_1_23' title="bbox 273 4481 1330 4579; baseline -0.003 -24"><span class='ocrx_word' id='word_1_167' title='bbox 273 4484 330 4555; x_wconf 91' lang='lat' dir='ltr'><strong>M.</strong></span> <span class='ocrx_word' id='word_1_168' title='bbox 383 4484 500 4554; x_wconf 83' lang='lat' dir='ltr'><strong>Tullii</strong></span> <span class='ocrx_word' id='word_1_169' title='bbox 546 4482 738 4552; x_wconf 79' lang='lat' dir='ltr'><strong>Ciceronis</strong></span> <span class='ocrx_word' id='word_1_170' title='bbox 782 4481 1062 4579; x_wconf 74' lang='lat' dir='ltr'><strong>Philosophiam</strong></span> <span class='ocrx_word' id='word_1_171' title='bbox 1100 4485 1146 4553; x_wconf 82' lang='lat' dir='ltr'><strong>de</strong></span> <span class='ocrx_word' id='word_1_172' title='bbox 1182 4485 1259 4556; x_wconf 82' lang='lat' dir='ltr'><strong>vito</strong></span> <span class='ocrx_word' id='word_1_173' title='bbox 1296 4498 1330 4552; x_wconf 84' lang='lat' dir='ltr'><strong>et</strong></span> 
     </span>
    </p>
   </div>
   <div class='ocr_carea' id='block_1_5' title="bbox 0 0 1764 5450">
    <p class='ocr_par' dir='ltr' id='par_1_5' title="bbox 0 0 1764 5450">
     <span class='ocr_line' id='line_1_24' title="bbox 0 0 1764 5450; baseline 0 2"><span class='ocrx_word' id='word_1_174' title='bbox 0 0 1764 5450; x_wconf 95' lang='lat' dir='ltr'><strong> </strong></span> 
     </span>
    </p>
   </div>
  </div>
 </body>
</html>
