3517 5450
718 728 910 777 pussilum.
1295 731 1339 777 vll

289 915 336 962 me
361 913 501 979 operam
529 894 676 972 dedisse,
705 901 749 974 ut,
777 915 862 978 quae
887 899 929 962 ad
953 899 1139 977 lectionem,
1166 901 1208 964 ad
1234 903 1338 967 ratio-

288 1033 358 1081 nem
381 1015 633 1096 grammaticam
660 1018 692 1077 ei
719 1014 760 1078 ad
783 1022 1014 1097 argumentum
1039 1018 1202 1097 iacerent,
1236 1020 1343 1086 ailer-'

288 1152 370 1214 rem,
411 1135 572 1215 quantum
600 1133 732 1214 quidem
765 1133 800 1196 in
823 1134 888 1199 hoe
913 1139 1075 1202 terrarum
1111 1138 1233 1219 angulo
1267 1140 1338 1204 fieri

289 1263 412 1340 posset,
439 1260 476 1320 ut
503 1273 545 1319 ne
570 1256 648 1336 quid
675 1258 944 1336 praetermissum
972 1258 1139 1322 videretur
1165 1260 1216 1322 vel
1244 1260 1339 1324 ineu·

288 1377 411 1444 rinvel
437 1375 647 1440 festinatione
674 1377 723 1440 vel
750 1379 885 1458 operosi
912 1378 1035 1442 laboris
1056 1377 1186 1442 taedioz
1221 1396 1339 1459 quam·

286 1517 382 1581 quam
407 1496 508 1574 nihil,
545 1497 634 1578 quod
668 1515 791 1580 operae
817 1500 958 1582 pretium
985 1500 1027 1563 sit
1052 1499 1191 1577 addere,
1224 1502 1339 1566 deesse

286 1622 437 1703 equidem
464 1621 633 1701 praestare
659 1620 794 1684 minime
819 1622 936 1685 ausim.
1000 1619 1129 1699 Quodsi
1167 1637 1249 1685 vero
1276 1621 1337 1685 ali-

285 1740 360 1822 quid
387 1740 457 1804 sive
484 1739 642 1804 omissum
673 1739 743 1803 sive
770 1741 982 1804 commissum
1017 1739 1198 1816 videbitur,
1233 1756 1275 1802 ne
1305 1741 1338 1804 id

283 1859 390 1923 solum
410 1857 556 1922 tribuant
582 1858 705 1922 iudioes
730 1858 1000 1923 adiumentorum
1021 1858 1181 1940 penuriae
1207 1852 1338 1944 (quam-

284 1994 382 2058 quam
404 1993 447 2041 ne
473 1975 513 2040 iis
547 1976 680 2057 quidem
713 1976 761 2040 uti
797 1977 889 2041 licuit
921 1978 1094 2055 omnibus,
1128 1993 1213 2057 quae
1249 1978 1337 2044 hand

283 2095 398 2178 procui
426 2094 545 2159 abesse
569 2095 687 2159 scirem
697 2089 716 2182 :)
752 2094 811 2158 sed
850 2096 950 2159 etiam
980 2094 1108 2160 muneri
1137 2096 1336 2162 scholastico

282 2214 422 2296 duplici,
462 2212 553 2294 quod
586 2231 688 2294 quum
713 2215 831 2279 merito
866 2215 929 2279 sihi
951 2215 1110 2296 deposeat
1131 2231 1244 2278 euram
1268 2215 1338 2296 pri-

281 2334 441 2412 mariam,
466 2348 607 2413 eamque
633 2349 677 2397 ne
702 2334 839 2400 minima
866 2335 1000 2416 quidem
1028 2335 1093 2398 diei
1115 2339 1208 2416 parte
1235 2335 1337 2400 inter-

281 2454 435 2531 missam,
462 2453 702 2532 permultorum
728 2453 902 2517 hominum
917 2453 1180 2535 interpellatione
1196 2458 1336 2532 auctam,

280 2573 338 2637 vix
364 2587 468 2636 unam
493 2570 674 2635 alteramve
700 2571 819 2636 horam
845 2573 933 2636 euris
961 2569 1064 2654 'plane
1089 2573 1229 2638 liberam
1254 2592 1336 2639 con·

281 2690 395 2770 cessit,
422 2691 463 2755 ut
481 2689 673 2771 saepissime
700 2688 734 2754 in
756 2691 867 2756 medio
895 2708 997 2773 opere
1029 2690 1188 2757 aliorsum
1214 2709 1338 2759 avoca·

285 2816 355 2890 tus,
379 2809 460 2888 vix,
487 2827 573 2891 quae
598 2810 754 2875 inchoata
767 2812 974 2894 reliquissem
996 2809 1159 2877 memoria
1177 2829 1337 2878 revocare

281 2948 322 2995 ao
347 2930 504 3011 supplere
525 2928 648 2994 liceret.
701 2927 796 3007 Quae
818 2948 919 3012 quum
946 2932 991 2996 ita
1017 2931 1098 3009 sint,
1123 2931 1196 2994 fieri
1222 2932 1337 3013 potuit,
1392 2946 1397 2955 ·

280 3056 335 3128 ut,
363 3067 466 3132 quum
487 3066 530 3114 ne
554 3050 702 3129 relegere
729 3050 861 3131 quidem
897 3051 1017 3115 librum
1051 3052 1122 3114 sine
1146 3049 1336 3131 interpella·

279 3169 410 3233 toribus
435 3168 568 3247 liceret,
593 3168 756 3250 quaedam
780 3171 946 3235 nonsatis
973 3170 1154 3251 perpolita,
1176 3170 1337 3234 nonnulla

279 3280 350 3351 non
370 3303 434 3351 suo
460 3288 538 3352 loeo
558 3277 683 3369 posita,
719 3289 895 3371 aliquoties
920 3290 1036 3369 etiam,
1074 3307 1159 3371 quae
1181 3289 1336 3371 superius

279 3412 391 3472 essent
417 3406 514 3486 dieta,
544 3407 694 3488 repetita,
721 3406 873 3487 denique,
901 3424 986 3487 quae
1012 3409 1088 3471 sunt
1110 3399 1240 3483 similia,
1267 3421 1335 3469 non

278 3527 359 3591 satis
385 3529 576 3590 constanter
600 3527 739 3589 tractata
766 3530 958 3605 appareant.
1018 3524 1211 3590 Cuiusmodi
1236 3525 1334 3589 rebus

281 3645 413 3710 veniam
438 3643 563 3709 dabunt
593 3644 718 3709 iudices
753 3645 869 3725 aequi:
903 3662 1002 3726 quam
1041 3662 1109 3710 non
1142 3650 1239 3727 poto,
1272 3645 1334 3708 nisi

280 3764 360 3829 item
377 3762 568 3846 apparuerit
593 3763 753 3845 pleraque
779 3779 851 3828 esse
874 3765 922 3827 sio
938 3763 1174 3841 administrata,
1201 3768 1236 3827 ut
1259 3780 1334 3827 oum

281 3883 472 3949 assiduitate
498 3886 687 3948 accuratum
714 3882 861 3946 studium
884 3889 917 3946 et
936 3883 1093 3947 iudicium
1117 3886 1250 3948 cautum
1276 3881 1336 3945 ad·

282 4001 422 4065 hibitum
448 4017 521 4065 esse
547 4001 708 4066 videatur.
739 4016 742 4021 “
772 4000 871 4080 Quod
906 4007 1073 4082 superest,
1109 4003 1263 4065 nimirum
1301 4005 1337 4066 ut

283 4121 404 4199 gratias
431 4136 528 4200 agam
557 4120 634 4184 viris
661 4120 923 4197 humanissimis,
963 4120 1018 4199 qui
1051 4135 1159 4182 meam
1187 4121 1335 4200 qualem·

284 4257 414 4323 nunque
456 4256 593 4319 operam
624 4239 716 4303 libris
757 4243 789 4302 et
825 4240 954 4319 seriptis
988 4241 1020 4301 et
1057 4238 1151 4301 editis
1191 4238 1336 4318 itemque

286 4358 627 4423 animadversionibus
654 4359 754 4423 variis
779 4358 992 4435 adiuverunt,
1018 4356 1052 4419 id
1075 4356 1137 4419 ieoi
1164 4355 1199 4417 in
1224 4354 1335 4418 lndioe

285 4480 469 4560 Apparatus
491 4474 602 4542 Critioi
628 4496 690 4544 suo
710 4479 828 4559 cuique
854 4480 950 4556 loeo,
985 4493 1050 4557 quo
1078 4473 1147 4537 eius
1173 4473 1333 4538 beneficia
