3517 5450
468 708 543 784 238
804 738 977 785 rennuunt
1002 737 1195 787 srorcuuuu.

467 897 520 949 lem
545 896 577 947 de
597 896 635 949 Re
656 895 778 961 Rustica,
799 895 877 948 lerion
898 896 1003 948 docent.
1047 896 1184 967 Scriptum
1212 898 1292 951 etiem
1312 911 1353 954 est
1370 911 1470 972 tergent
1484 904 1503 955 in

466 984 533 1036 Edd.
553 984 622 1037 viee
641 983 710 1036 Rob.
728 982 820 1054 steph.
840 981 945 1036 Cemer.
966 995 991 1039 et
1009 983 1094 1037 Sullr.
1113 986 1184 1038 Petr.
1203 987 1326 1041 Verbum
1346 999 1451 1060 ungunt
1465 1009 1504 1043 non

465 1072 546 1127 hebet
563 1072 631 1126 cod.
650 1070 701 1124 Or.
714 1071 745 1124 N.
782 1071 811 1124 lu
831 1071 881 1124 01.
891 1090 920 1131 ψ.
940 1083 978 1124 eet
996 1072 1131 1142 iungunt,
1149 1074 1176 1126 in
1195 1073 1312 1128 Druna.
1333 1087 1441 1146 urgent.
1460 1076 1504 1128 Mt.

536 1162 583 1230 qui
601 1169 726 1229 tergunt,
744 1161 792 1230 qui
810 1160 943 1230 ungunt]
979 1159 1131 1222 „Nimirum
1147 1161 1239 1232 signe,
1257 1173 1288 1215 ut
1305 1164 1395 1233 magis
1413 1164 1503 1227 niteant,

465 1258 537 1301 etue
555 1248 653 1318 rubigo
666 1257 712 1300 eut
721 1265 822 1318 aerugo
837 1247 1041 1300 incommodum
1056 1248 1180 1302 allent.“
1195 1243 1220 1301 'F
1228 1268 1272 1303 rc.
1290 1250 1384 1323 sylv.
1421 1252 1503 1320 „Quod

465 1336 587 1407 inprimis
605 1335 739 1389 faciebant
751 1335 917 1389 solemnibus
935 1345 961 1389 et
970 1333 1043 1390 lestis
1058 1335 1159 1389 diebus.
1195 1336 1328 1404 Quemvis
1346 1339 1430 1410 poreie
1442 1340 1503 1393 etiarn

464 1424 612 1495 intelligere
630 1423 663 1476 de
682 1423 775 1488 servis,
795 1442 911 1493 quorum
931 1441 1013 1494 opere
1037 1423 1182 1479 utebentur
1206 1424 1235 1477 iu
1254 1424 1366 1479 balneis.
1409 1427 1503 1495 Aliptoe

464 1532 527 1565 sane
546 1513 597 1567 sive
614 1522 738 1565 unctores
755 1522 817 1565 sunt
835 1510 974 1565 notissimi.
1010 1509 1067 1564 Nec
1084 1511 1178 1566 dubito
1196 1511 1276 1566 luisse
1294 1531 1386 1567 servos
1404 1532 1503 1584 quoque,

466 1601 512 1670 qui
531 1610 666 1671 tergerent
683 1599 822 1664 dominos,
840 1597 908 1653 sicut
925 1609 1016 1664 erant,
1035 1599 1081 1670 qui
1099 1599 1250 1655 tonderent.
1292 1600 1371 1654 Zeno
1397 1600 1429 1654 de
1451 1600 1501 1653 iusi·

465 1688 565 1742 tatione
583 1687 616 1740 ad
636 1688 738 1741 sontem
757 1705 834 1741 serm.
853 1686 895 1738 ll:
928 1689 989 1739 Ium
1006 1685 1147 1740 balneator
1170 1689 1347 1757 praecinetur
1372 1699 1502 1760 exspectat,

466 1776 539 1846 quod
558 1777 666 1839 unctui,
684 1775 757 1847 quod
775 1776 861 1827 tersui
879 1794 946 1845 opus
964 1785 1020 1839 est,
1036 1774 1221 1844 praebiturus.
1257 1776 1330 1833 niue
1349 1777 1429 1833 lintea
1445 1778 1501 1850 apud

465 1863 614 1920 luvenalem
635 1863 690 1917 Set.
707 1866 733 1918 3.
753 1863 850 1934 quibus
868 1863 969 1918 seilicet
988 1864 1160 1934 tergebantur
1179 1884 1193 1918 a
1211 1865 1307 1931 serris,

554 1980 944 1992 -----
999 1951 1121 2021 perettae

554 2044 614 2093 Ium
633 2041 727 2097 lavat,
750 2049 778 2091 et
798 2038 880 2091 bucca
895 2039 1023 2108 foculum
1039 2040 1160 2104 excitat,
1176 2051 1204 2093 et
1222 2050 1302 2092 sonat
1323 2042 1413 2090 unctis

553 2128 700 2200 Striglilus
717 2127 842 2197 etpleno
859 2128 993 2197 componit
1011 2127 1098 2180 lintea
1120 2138 1209 2200 gutte.

464 2219 522 2272 Hoc
541 2229 592 2271 est:
611 2216 752 2287 componit
769 2214 866 2280 lintea,
890 2216 990 2286 quibus
1005 2225 1125 2284 tergetur
1141 2215 1275 2269 dominus.
1321 2216 1418 2274 Plauto
1435 2227 1468 2269 est
1480 2215 1500 2266 iu

465 2308 545 2360 Cure.
565 2304 610 2370 lv,
629 2310 654 2359 4.
673 2305 785 2356 linteum
800 2314 939 2361 externus,
952 2321 1013 2376 que
1032 2323 1132 2375 eorpus
1148 2307 1329 2375 extergebam,
1351 2304 1500 2376 partimqui-

464 2395 514 2447 bus
539 2405 597 2464 post
625 2392 752 2447 balneum
776 2374 953 2446 inlolvasur.·⁴
983 2392 1165 2448 Graevius.
1210 2394 1300 2448 lacus
1327 2394 1454 2449 luvenalis
1473 2403 1501 2445 est

464 2479 509 2542 lll,
528 2483 581 2534 161
600 2501 658 2552 sqq.
707 2480 794 2534 Plauti
813 2478 895 2532 Cure.
912 2478 960 2546 IV,
979 2484 1006 2546 4,
1025 2485 1069 2534 22.
1088 2482 1121 2535 ed
1140 2500 1210 2552 quos
1229 2481 1305 2537 locos
1323 2483 1376 2537 rid.
1393 2484 1501 2550 interprr.

465 2571 534 2624 edd.
552 2569 605 2622 Tit.
621 2569 725 2640 Popme
744 2568 777 2621 de
796 2567 897 2640 Operis
914 2587 1053 2623 serrorum
1072 2588 1099 2640 p.
1119 2573 1172 2623 141
1191 2589 1250 2641 sqq.
1266 2569 1332 2638 (Ed.
1345 2570 1428 2638 Amet.
1438 2572 1501 2624 tut.

462 2658 519 2728 12.)
554 2658 597 2711 De
614 2657 710 2727 aliptis
728 2656 791 2709 item
811 2657 840 2708 1..
859 2656 1019 2729 Pignorium
1037 2657 1071 2710 de
1088 2656 1177 2712 Servis
1193 2676 1220 2729 p.
1232 2659 1278 2712 tu.
1296 2661 1341 2711 81.
1361 2648 1500 2728 (Eumne.

463 2750 543 2802 1614.
561 2746 628 2813 12).
664 2744 722 2798 Mr.
1356 2738 1359 2741 ⁴

378 2828 383 2841 '
535 2833 582 2905 qui
599 2843 724 2903 ungunt,
749 2834 805 2904 qui·
822 2843 947 2897 uerrunt,
972 2834 1020 2904 qui
1037 2835 1199 2905 epurguutd
1225 2832 1294 2889 Cod.
1320 2834 1394 2890 Gud.
1412 2839 1441 2888 Α.
1465 2834 1500 2904 qui

463 2932 590 2987 verrunt,
609 2922 657 2993 qui
673 2932 792 2991 ungunt.
830 2920 902 2975 Gud.
920 2919 952 2974 Β.
970 2924 1018 2993 qui
1036 2931 1179 2974 vertunt.
1223 2921 1298 2977 llaec
1313 2923 1372 2977 duo
1391 2922 1500 2978 voeabula

464 3012 560 3064 desunt
577 3010 604 3063 iu
624 3008 675 3063 01.
695 3031 734 3078 rpt
752 3010 835 3067 Drsd.
854 3016 879 3065 5.
900 3010 979 3064 hebet
997 3011 1108 3080 (omisso
1127 3012 1175 3083 qui
1192 3017 1316 3083 ungunt)
1336 3016 1385 3085 qul
1400 3021 1501 3072 vertunt,

465 3099 523 3169 qui
540 3108 704 3167 vergunt,
729 3099 776 3169 qui
792 3116 834 3168 ep.
879 3099 935 3152 Pro
962 3110 1074 3151 uerrunt
1101 3110 1140 3153 est
1157 3099 1236 3153 etiem
1255 3111 1370 3155 uertunt
1387 3103 1415 3157 in
1433 3100 1502 3155 codd.

464 3190 521 3240 cru.
542 3189 567 3238 1.
585 3185 646 3257 (qui
664 3205 744 3257 supra
765 3186 810 3239 lin.
827 3186 908 3240 habet
924 3186 1039 3257 glesum
1058 3193 1181 3252 mutent)
1200 3190 1293 3242 Crat.
1309 3188 1428 3245 Dred.4.
1460 3189 1501 3241 Pro

464 3285 599 3346 spargunt
617 3285 656 3328 est
673 3286 805 3346 spergunt
823 3276 852 3327 in
872 3273 958 3327 Codd.
978 3277 1036 3327 Cru-
1046 3277 1072 3330 1.
1084 3280 1109 3328 2.
1128 3273 1181 3329 Οι.
1195 3293 1226 3337 ψ.
1265 3277 1355 3330 Verba
1374 3279 1422 3349 qui
1437 3295 1501 3346 spur·

460 3374 532 3434 gunt
549 3362 645 3418 desunt
663 3364 691 3416 in
709 3362 760 3417 Ox.
778 3363 809 3417 E.
859 3365 902 3418 Au
929 3362 994 3417 haee
1012 3382 1150 3417 servorum
1180 3364 1289 3434 negotia
1307 3364 1399 3420 laudet
1417 3364 1501 3420 Genu

462 3452 612 3506 Iuvenalem
639 3450 695 3505 Sat.
715 3452 785 3517 XlV,
804 3456 838 3507 60
857 3469 934 3523 ειη.
963 3454 1070 3505 Verre
1102 3452 1290 3521 pavimentum
1326 3482 1362 3495 ·-
1391 3483 1426 3496 ·-
1449 3470 1501 3506 rusa

433 3533 435 3537 Α
463 3558 558 3609 aspera
577 3549 717 3611 tergeat
736 3540 815 3595 ulter.
862 3541 905 3594 Ad
931 3561 954 3593 v.
972 3551 1107 3611 spargunt
1137 3539 1269 3593 Graevius
1295 3540 1373 3595 haee:
1401 3540 1454 3610 „Ut
1468 3536 1500 3591 ille

462 3629 534 3698 apud
552 3626 703 3680 Phaedrum
722 3626 768 3680 tib.
786 3626 810 3680 ll
829 3630 867 3697 [5,
886 3631 1027 3697 ¹4-1u.]

575 3714 784 3777 Perambulante
802 3716 878 3767 laetu
898 3717 1001 3769 dorreiuo
1021 3718 1134 3783 uiridia,

576 3803 690 3855 Alveolo
709 3805 794 3873 coepit
809 3805 898 3875 ligneo
916 3822 1086 3875 conspergere

578 3892 699 3942 Humum
717 3896 918 3945 aestuantem.“
936 3920 972 3931 -
990 3921 1023 3931 -

465 3975 505 4028 Ad
526 3995 605 4047 quem
625 3977 715 4031 locum
734 3979 784 4033 vid.
804 3981 834 4033 P.
853 3964 1007 4034 Burmanni
1032 3980 1178 4056 editionem
1202 3979 1336 4047 Phaedri,
1366 4000 1434 4053 quse
1449 3978 1499 4033 atu·

464 4084 525 4117 rum
547 4065 674 4135 (novum)
698 4066 778 4121 habet
793 4070 1020 4124 commentarium
1040 4069 1142 4136 [Milev.
1161 4070 1242 4123 1113.
1270 4070 1308 4137 8.]
1340 4090 1365 4141 p.
1383 4072 1444 4123 111.
1467 4062 1499 4117 ubi

462 4165 585 4208 nostrum
603 4173 714 4225 quoque
732 4156 825 4210 locum
844 4159 938 4230 tangit.
982 4159 1024 4212 Ad
1046 4168 1210 4213 structurum
1227 4156 1283 4211 loci
1302 4158 1354 4211 vid.
1373 4175 1441 4228 quse
1455 4172 1499 4206 nur

462 4241 521 4294 nuit
538 4239 573 4295 G.
592 4241 624 4293 N.
643 4240 764 4298 Buseh.
784 4245 812 4298 iu
831 4245 937 4301 Prolue.
955 4246 1139 4301 Rostoehienri
1156 4244 1251 4314 (Obes.
1269 4246 1303 4300 ad
1324 4245 1380 4300 Cic.
1394 4245 1427 4301 de
1440 4242 1499 4297 Ortl

463 4327 560 4382 Pertic.
577 4327 611 4397 l.)
629 4350 655 4401 p.
674 4334 749 4402 18eq.
792 4332 875 4386 Addit
904 4333 1046 4389 Grneriues
1077 4333 1152 4401 „Qui
1178 4336 1337 4400 verrebant,
1363 4335 1501 4389 dicebantur

462 4418 608 4485 ecopurii.“
645 4418 705 4472 Vid.
724 4420 758 4475 T.
776 4420 880 4493 Popma
899 4422 917 4476 l.
938 4442 962 4476 c.
980 4442 1006 4494 p.
1021 4426 1084 4478 138.
1121 4420 1182 4474 Mr.

534 4524 586 4557 nou
605 4507 821 4561 honestissimum
838 4510 925 4562 locum
943 4511 1086 4564 servitutis
1105 4509 1210 4577 tenent]
1232 4511 1301 4565 eod.
1322 4512 1417 4569 Dut'sb.
1433 4506 1502 4563 servi-
