3517 5450
462 717 537 791 250
798 742 970 788 rsasooxs
996 741 1189 790 scorcoauu.

460 901 524 953 illud
540 902 725 965 excitantem,
744 900 816 953 addit
836 901 923 952 enim:
944 901 1139 965 „vocabantur
1157 901 1230 954 euim
1247 911 1274 953 et
1290 899 1324 953 ad
1340 918 1447 953 uranum
1463 920 1499 954 ae·

460 988 627 1042 cedebaut“:
647 1006 676 1039 ex
696 999 784 1041 mente
804 987 928 1041 Gruteri:
947 999 1060 1059 uterque
1073 1008 1168 1060 parurn
1180 999 1315 1059 reputans,
1333 990 1447 1041 excitari
1455 1008 1497 1041 non

462 1076 575 1145 potuisse
593 1074 689 1126 mullos
710 1075 741 1124 tle
758 1075 880 1144 piscina:
900 1092 963 1126 nam
982 1073 1045 1128 inde
1064 1076 1133 1129 exire
1151 1096 1207 1129 non
1227 1087 1361 1148 poterant.
1398 1078 1455 1129 Mr.

530 1173 557 1212 et
575 1180 763 1214 muraenarum
782 1163 858 1230 copia
875 1160 1037 1232 gloriantem
1045 1164 1065 1230 .·]
1085 1168 1119 1213 L.
1137 1164 1260 1216 Licinius
1280 1167 1396 1216 Crassus
1412 1172 1497 1227 orator,

460 1251 502 1302 vir
520 1253 673 1315 Censorius,
693 1268 848 1302 muraenam
867 1250 897 1299 in
913 1249 1019 1318 piscina
1037 1250 1129 1303 &mus
1153 1269 1220 1303 suae
1245 1261 1382 1303 mortuam
1403 1261 1498 1302 atratus

460 1350 590 1410 tanquam
602 1338 695 1406 filiam
713 1338 794 1391 luxit.
838 1337 915 1387 Idci
933 1336 1036 1408 collega
1056 1341 1102 1391 Cn.
1121 1338 1259 1390 Domitiae
1284 1357 1346 1390 cum
1370 1338 1400 1389 in
1417 1346 1498 1389 senatu

459 1436 590 1496 tanquam
608 1435 688 1493 turpe
705 1423 863 1487 abiecisset,
878 1431 988 1474 tantum
1006 1422 1099 1494 abfuit
1119 1434 1151 1476 ut
1170 1426 1293 1493 confiteri
1309 1425 1458 1489 erubuerit,
1474 1433 1498 1475 ut

458 1515 539 1563 etiam
556 1512 693 1582 gloriatus
711 1513 748 1564 sit
763 1516 867 1574 Censor,
883 1512 957 1579 piam
969 1531 1023 1563 rem
1034 1521 1060 1562 et
1073 1510 1252 1580 affectuosam
1266 1512 1380 1583 ficisse-
1411 1513 1498 1565 Auctor

458 1608 497 1652 est
513 1597 668 1652 Macrobius
688 1598 732 1651 lib.
751 1598 859 1652 Satura.
878 1601 904 1652 3.
932 1600 982 1666 [est
1003 1598 1032 1650 L.
1051 1598 1082 1652 lt.
1107 1618 1131 1652 c.
1150 1602 1193 1651 11.
1221 1619 1248 1671 p.
1267 1603 1330 1654 389.
1358 1600 1399 1653 ed.
1416 1599 1497 1664 Zeira]

459 1687 531 1740 ldem
551 1687 656 1754 scribit,
676 1687 791 1742 Licinias
809 1685 919 1739 Crassos
937 1685 1085 1756 appellatos
1110 1686 1268 1753 Muraenas,
1298 1688 1373 1759 quod
1398 1687 1428 1739 iis
1450 1704 1497 1737 mu·

459 1793 555 1827 raenae
579 1775 688 1827 luerunt
714 1773 863 1826 carissimae
888 1774 937 1841 [ib.
957 1773 1014 1827 ead.
1035 1774 1106 1845 pap]
1143 1773 1226 1840 Quod
1246 1774 1343 1827 eodem
1362 1774 1423 1829 loco
1444 1773 1498 1826 scri·

459 1862 510 1932 psit
530 1861 706 1916 nobilissimos
725 1860 785 1913 illos
810 1861 959 1930 principes,
994 1860 1024 1913 L.
1050 1859 1204 1932 Philippum
1224 1872 1250 1914 et
1277 1860 1314 1929 Q.
1342 1860 1498 1915 Hortensium

457 1950 572 2020 piscinas
592 1947 712 2002 babuisse
731 1949 841 2001 refertas
861 1949 976 2019 piscibus
995 1948 1203 2018 pretiosissimis,
1222 1949 1312 2020 itaque
1332 1948 1382 2002 hos
1400 1968 1415 2000 a
1433 1947 1498 2002 Cice-

458 2058 524 2090 rone
544 2037 700 2109 piscinarios
718 2037 872 2107 appellatos.
910 2035 948 2089 M.
969 2034 1035 2088 Cato
1054 2034 1159 2102 minor,
1177 2047 1207 2088 ut
1224 2036 1295 2088 idem
1314 2036 1422 2101 scribit,
1447 2034 1498 2087 bae-

457 2144 500 2178 res
517 2126 611 2179 Lucilii
632 2125 716 2179 lactus
735 2125 820 2197 pisces
842 2124 875 2176 de
902 2123 958 2176 eius
976 2125 1075 2195 piscina
1095 2129 1139 2178 4⁰.
1167 2124 1285 2178 millibus
1312 2124 1438 2177 vendidit.
1473 2120 1498 2174 C.

458 2212 556 2266 Caesar
576 2214 711 2279 Dictator,
732 2232 794 2266 cum
814 2211 988 2283 triumphales
1007 2231 1104 2266 coenas
1121 2212 1223 2284 populo
1242 2213 1332 2278 daret,
1362 2231 1404 2265 ses
1429 2209 1498 2262 millia

458 2320 678 2354 muraenaruma
702 2299 733 2355 C.
753 2300 842 2352 Hirrio
868 2300 901 2353 ad
922 2300 1026 2370 pondus
1045 2311 1139 2354 mutuo
1156 2301 1268 2372 accepit.
1308 2300 1378 2352 Nam
1403 2317 1498 2371 permu-

458 2399 513 2442 tare
534 2390 619 2461 pretio
638 2389 720 2442 aliave
739 2408 828 2442 merce
847 2387 951 2440 Hirrius
970 2387 1064 2454 noluit,
1085 2400 1114 2443 ut
1132 2390 1168 2443 ait
1178 2389 1280 2441 Plinius
1295 2408 1356 2460 cap.
1365 2393 1407 2443 55.
1424 2387 1465 2440 lib.
1479 2391 1499 2457 b.

458 2477 559 2530 Eodem
579 2476 639 2531 loco
657 2477 764 2543 scribit,
784 2476 954 2530 Hortensium
974 2496 1130 2529 muraenam
1149 2477 1184 2529 ita
1205 2476 1338 2541 dilexisse,
1367 2489 1396 2530 ut
1422 2474 1498 2528 erani-

457 2581 555 2621 matam
580 2567 655 2622 flesse
681 2567 833 2620 credatur.“
860 2567 933 2619 Fre.
961 2566 1052 2636 Sylv.
1095 2567 1156 2633 „De
1179 2585 1371 2619 muraenarum
1399 2564 1498 2637 piscium

457 2674 555 2726 genere
574 2656 651 2709 bodie
671 2656 759 2709 minus
778 2667 856 2722 noto,
884 2655 958 2727 quod
984 2653 1095 2708 Graecis
1119 2654 1258 2708 dicebatur
1283 2650 1438 2724 antipatro,
1455 2650 1496 2702 vid.

458 2766 537 2817 quem
556 2745 733 2811 laudavimus,
756 2744 855 2798 Camus
872 2744 890 2798 l.
910 2764 932 2798 c.
954 2764 979 2815 p.
997 2748 1058 2798 531.
1090 2744 1148 2797 aldis
1163 2756 1252 2797 autem
1273 2744 1385 2813 piscium
1406 2741 1498 2813 generi·

458 2835 507 2887 bus
525 2835 552 2886 in
571 2832 673 2885 vivariis
697 2833 798 2886 alendis
826 2833 1028 2900 delectabantur
1046 2833 1074 2884 in
1094 2832 1186 2903 primis
1204 2852 1219 2885 c
1237 2832 1368 2885 Romanis
1393 2830 1499 2883 luxurio·

456 2923 538 2976 riores
557 2932 582 2974 et
600 2920 723 2975 ditiores:
742 2940 794 2993 qua
813 2920 846 2973 de
865 2942 894 2974 re
914 2921 964 2974 vid.
982 2918 1038 2975 Cic.
1051 2920 1084 2972 ad
1104 2919 1234 2986 Att.ll,l.
1252 2914 1497 2990 Plueinnpopnb.

458 3021 483 3063 et
501 3011 527 3061 in
549 3008 638 3061 libello
657 3008 775 3080 de.Rep.
795 3009 912 3079 gerenda
933 3030 958 3079 p.
977 3010 1056 3061 811.“
1075 3009 1184 3079 W'ytt.
1228 3008 1295 3060 Voci
1321 3021 1498 3058 muraenarum
1531 3002 1533 3004 ’

457 3096 485 3148 in
505 3094 572 3148 Cod.
591 3093 650 3147 Cra.
669 3099 693 3147 1.
712 3097 923 3168 superscriptum
943 3108 982 3149 est
1000 3096 1202 3168 anguillarum,
1225 3095 1348 3150 voculam
1377 3106 1405 3145 et
1432 3092 1499 3147 omit·

458 3184 488 3236 tit
506 3182 584 3238 Drsd.
604 3184 646 3248 3.,
664 3193 692 3234 et
711 3202 900 3237 muraenarum
920 3186 1018 3238 omittit
1035 3184 1115 3237 Drsd.
1131 3189 1158 3238 4.
1195 3183 1254 3235 Mr.

529 3289 614 3322 nonne
632 3272 704 3322 bunc
722 3272 851 3324 bominem
876 3274 918 3324 ita
941 3293 1047 3326 servum
1065 3272 1192 3339 iudicet,]
1221 3271 1357 3325 scribitur
1383 3272 1498 3324 bominem

457 3361 527 3411 bunc
546 3360 574 3412 in
592 3358 678 3413 Codd.
701 3358 785 3412 Drsd.‘
800 3363 824 3413 1.
845 3364 872 3415 3.
909 3362 1013 3413 Vocem
1032 3362 1074 3411 ita
1094 3357 1305 3413 omittitcrzm.
1345 3362 1375 3412 ln
1395 3358 1498 3411 Gudd.

458 3458 496 3501 est
515 3448 584 3500 dicet
612 3467 662 3519 pro
680 3449 791 3499 iudicet·
836 3449 865 3500 ln
887 3446 946 3502 Cra.
967 3453 992 3501 2.
1021 3447 1101 3501 Drsd.
1121 3451 1145 3501 3.
1175 3459 1214 3501 est
1238 3458 1271 3500 ut
1297 3467 1331 3499 na
1356 3446 1499 3519 infamia

457 3535 579 3607 quidem5
599 3535 671 3587 abest
690 3536 794 3607 quidem
813 3535 840 3588 in
861 3535 988 3599 Drsd.4.;
1008 3536 1035 3587 in
1055 3535 1135 3588 Drsd.
1146 3539 1204 3589 3.1.
1223 3534 1323 3607 legitur
1342 3539 1442 3590 maiore
1456 3534 1500 3585 ab·

457 3643 509 3695 quo
528 3624 645 3694 dignum.
673 3622 767 3676 Duisb.
786 3624 878 3696 aliquo
890 3625 996 3676 maiore.
1023 3615 1239 3677 Drsd.'1..babet
1254 3635 1374 3694 putetur
1393 3645 1443 3697 pro
1458 3643 1500 3694 pu·

458 3723 505 3764 tet.
525 3710 590 3764 Osa.
608 3711 639 3764 E.
657 3727 687 3772 ψ.
705 3710 802 3765 babent
828 3732 889 3763 nec
913 3712 1030 3784 infamia
1050 3713 1170 3783 quidem,
1196 3711 1247 3766 Os.
1267 3711 1287 3765 l.
1317 3733 1372 3766 non
1397 3713 1500 3786 infamia

458 3799 580 3871 quidam5
597 3818 647 3868 pro
667 3799 772 3869 quidem
790 3798 901 3852 Gudss.
920 3798 999 3853 balset
1018 3801 1084 3871 quid
1093 3811 1135 3852 est
1141 3821 1151 3862 ‚·
1170 3799 1243 3860 Gud.
1251 3799 1281 3853 B.
1302 3804 1404 3853 maiore
1421 3802 1500 3871 aliquo

457 3887 563 3956 negotio
577 3887 704 3956 <lignum
724 3886 765 3939 Ad
782 3908 804 3940 v.
817 3889 933 3956 sarcilia
951 3889 1039 3958 vvyu.
1058 3888 1094 3954 „i.
1115 3907 1154 3953 e.,
1173 3887 1270 3959 inquit,
1290 3887 1454 3942 famulitium
1469 3885 1499 3937 sel

456 3985 510 4027 tota
531 3973 693 4026 famulorum
719 3973 842 4028 cohors.“
887 3976 931 4028 Ad
945 3997 968 4028 v.
995 3976 1093 4027 maiore
1117 3976 1208 4047 aliquo
1230 3978 1341 4047 negotio
1358 3976 1422 4030 Fre.
1440 3974 1500 4047 sylv.

457 4063 541 4117 addit:
570 4081 670 4133 „quam
688 4072 717 4116 ut
735 4063 819 4134 pisces
840 4067 1010 4134 pertractet.“
1046 4064 1105 4116 ΜΓ.

528 4152 575 4204 An
593 4169 683 4202 eorum
701 4151 818 4203 servitus
831 4152 913 4204 dubia
931 4155 993 4219 est‚]
1014 4153 1115 4204 Vocem
1135 4161 1175 4201 est
1194 4151 1294 4205 omittit
1314 4150 1388 4204 Gud.
1401 4152 1432 4205 Α.
1455 4150 1498 4203 Pro

456 4242 503 4313 qui
522 4249 560 4292 est
578 4256 630 4309 que
648 4248 674 4290 et
692 4257 771 4308 supra
791 4238 837 4291 lin.
856 4260 880 4292 oe
907 4241 935 4294 in
954 4242 1020 4293 Cad.
1038 4240 1097 4292 Cra.
1116 4242 1142 4293 3.
1178 4238 1220 4291 Ad
1240 4259 1262 4291 v.
1289 4241 1442 4309 cupiditate
1462 4255 1499 4306 pr·

456 4328 521 4380 culii
539 4329 599 4381 Fre.
619 4326 690 4397 Sylv.
709 4325 786 4379 baec:
806 4330 964 4392 „Peculium
983 4328 1155 4381 aTuberone
1173 4324 1311 4391 desinitur,
1331 4338 1361 4379 ut
1380 4328 1422 4392 sit,
1440 4321 1500 4397 quod

456 4432 544 4466 servus
561 4415 662 4468 domini
684 4416 813 4485 permissu
832 4428 982 4486 separatum
1002 4435 1016 4468 a
1037 4414 1184 4468 rationibus
1201 4411 1347 4470 dominicis
1358 4415 1445 4481 babet,
1462 4412 1500 4463 de·

458 4501 539 4553 ducto
559 4503 621 4556 inde
639 4505 659 4557 si
678 4503 741 4575 quid
760 4503 871 4557 domino
891 4504 1010 4559 debetur.
1057 4502 1165 4556 Dictum
1192 4512 1232 4555 est
1257 4513 1349 4558 autem
1370 4503 1500 4575 peculium,
