3517 5450
452 719 501 792 70
777 739 952 787 ruaunoxa
979 739 1174 787 sratcoanu.

453 901 558 955 Habent
574 900 678 952 Orati
684 917 734 951 um
754 898 878 950 Coclitem
897 896 1134 951 Cortuosam.
1151 899 1185 952 U.
1204 899 1284 953 Drsd.
1294 902 1321 953 1.
1331 903 1357 954 3.
1377 899 1449 952 Gud.
1462 899 1503 965 C.;

454 988 601 1041 Horatium
619 986 726 1041 additur
743 986 772 1039 in
779 985 847 1038 Edu.
860 983 933 1039 Crat.
945 985 1065 1058 Magnol.
1077 985 1503 1059 Man.Car.Steph.Pa1is1543.

455 1075 534 1128 Atdd.
554 1075 653 1139 tribus,
672 1071 747 1126 Cam.
764 1073 844 1126 Boul.
864 1072 924 1126 Asc.
938 1077 1017 1128 1511.
1036 1074 1136 1127 Sturm.
1155 1072 1381 1146 AuuTatsytb.
1394 1075 1503 1128 Lambb.

454 1165 519 1232 (nec
538 1181 599 1215 vero
616 1161 708 1214 Lamb.
722 1160 815 1229 1566.)
850 1160 881 1213 ln
901 1160 951 1213 Ed.
970 1162 1031 1214 Par.
1050 1182 1071 1215 s.
1085 1182 1108 1216 a.
1127 1173 1165 1216 est
1176 1162 1326 1214 Horocium
1345 1163 1518 1236 codicem.

456 1249 502 1303 Est
522 1248 600 1302 etiam
621 1249 738 1300 Codicem
755 1250 784 1300 in
806 1247 900 1301 Duisb.
917 1248 963 1301 sed
982 1247 1010 1300 in
1027 1267 1112 1320 marg.
1132 1249 1245 1312 Cocl'em,
1271 1266 1439 1320 quamquam
1457 1247 1503 1300 ibi-

455 1336 517 1390 dem
536 1336 621 1390 Codex
638 1346 669 1390 ut
686 1354 786 1389 nomen
803 1335 832 1387 in
857 1353 943 1406 marg.
966 1336 1138 1407 significatur.
1180 1334 1240 1389 Cra.
1259 1339 1285 1389 1.
1310 1355 1390 1406 apr.
1409 1355 1446 1388 m.
1466 1337 1502 1386 di-

456 1442 523 1486 cem,
547 1442 563 1476 a
589 1442 641 1477 sec.
659 1424 787 1488 codicem,
814 1422 842 1474 in
861 1441 947 1493 marg.
975 1426 1014 1478 H.
1034 1425 1123 1476 Cocles
1148 1423 1214 1476 civis
1240 1442 1379 1477 ronanus.
1404 1422 1463 1479 Cn.
1480 1427 1503 1479 3.

457 1510 612 1574 Ceuclum,
633 1509 692 1563 Cra.
713 1515 736 1564 2.
758 1511 883 1563 Coclitem.
900 1510 959 1563 Mr.

529 1598 664 1664 Coclitem]
683 1597 804 1665 „Plinius
815 1596 833 1649 l.
851 1601 894 1653 3⁶.
915 1617 938 1651 c.
954 1601 999 1652 15.
1019 1597 1092 1650 hunc
1111 1609 1222 1670 pontem
1231 1598 1375 1652 sublicium
1385 1599 1503 1671 appellat,

456 1685 503 1738 ubi
521 1683 646 1738 Horatius
664 1683 759 1739 Cocles
777 1684 848 1739 solus
867 1685 952 1739 aciem
972 1686 1165 1740 Hetruscorum
1184 1685 1315 1752 sustinuit,
1335 1686 1425 1740 donec
1443 1706 1503 1758 pons

457 1773 512 1843 ipse
531 1791 546 1824 a
566 1782 641 1842 tergo
660 1785 840 1845 rumperetur.
887 1774 1020 1828 Obbane
1044 1775 1168 1829 virtutem
1192 1785 1304 1828 statuam
1324 1773 1502 1827 Horatio-Ro·

457 1862 529 1914 mani
548 1862 575 1915 in
595 1863 704 1916 comitio
723 1866 863 1934 posuere.“
881 1863 966 1918 Aac.
984 1863 1142 1935 Tralaeus.
1185 1863 1277 1934 Pergit
1294 1861 1377 1916 Duo.
1396 1867 1422 1916 5.
1446 1881 1501 1913 con·

456 1960 501 1999 tro
520 1950 667 2001 omniurn
685 1950 810 2004 hostium.
828 1949 888 2004 Cra.
907 1955 932 2004 2.
959 1962 1055 2004 contro
1074 1971 1162 2004 omnes
1179 1953 1269 2020 copias
1287 1952 1422 2018 leontium,
1441 1950 1501 2015 Sue·

455 2038 506 2091 rin.
526 2048 619 2089 contra
638 2056 726 2090 omnes
744 2040 832 2091 tenuit
850 2041 970 2092 hostium
989 2039 1098 2109 copios3
1120 2039 1201 2092 Drsd.
1217 2043 1244 2093 4.
1271 2039 1397 2091 Coclitem
1421 2040 1500 2090 tenuit

455 2125 570 2195 (omissis
589 2136 706 2197 quatuor
723 2127 832 2181 vocibus
850 2125 1020 2194 interiectis);
1047 2125 1119 2180 Gud.
1138 2126 1168 2178 B.
1196 2125 1284 2178 tenuit
1310 2135 1406 2177 contro
1423 2143 1499 2177 omnes

456 2214 572 2264 hostium
591 2214 690 2280 copias.
708 2212 768 2265 Mr.

527 2318 596 2371 quoe
612 2309 718 2368 putrem
736 2300 868 2368 Deciurn,]
888 2302 998 2367 „Livius
1010 2303 1058 2357 lib.
1075 2302 1144 2355 Vlll.
1164 2300 1286 2354 Valerius
1305 2298 1351 2354 lib.
1362 2302 1397 2353 V.
1416 2303 1499 2371 capi.

457 2392 532 2458 Quae
551 2389 601 2440 vis
617 2397 722 2456 patrem
740 2391 865 2452 Decium,
885 2408 954 2461 quoe
966 2391 1074 2459 filiurn,
1092 2390 1252 2445 sexdecim.“
1288 2388 1363 2442 Ald.
1382 2388 1498 2441 Manat

457 2475 508 2541 ‚‚P.
527 2473 626 2528 Decius
644 2473 745 2529 Consul
763 2474 835 2529 hello
853 2477 963 2544 Latino,
983 2479 1074 2549 positis
1092 2479 1125 2532 ad
1145 2477 1267 2532 Veserim
1286 2476 1401 2530 fluvium
1420 2477 1498 2532 castris

457 2579 520 2615 cum
538 2561 638 2614 rideret
665 2561 693 2615 in
713 2563 769 2616 acie
788 2575 891 2634 partem
917 2584 991 2618 suam
1017 2567 1163 2631 inclinare,
1189 2585 1217 2619 se
1235 2565 1324 2636 ipsum
1349 2577 1376 2619 et
1404 2565 1498 2619 Latinos

456 2649 543 2703 hostes
561 2651 610 2704 diis
628 2650 753 2704 Manibus
772 2651 874 2706 devovit
893 2664 919 2707 et
935 2653 1038 2724 impetu
1067 2655 1095 2706 in
1115 2673 1161 2707 eos
1179 2654 1250 2706 iacto
1278 2672 1324 2706 sua
1348 2662 1439 2707 'morte
1455 2653 1497 2706 suis

457 2737 570 2809 gloriam
589 2739 704 2809 reliquit.
741 2740 771 2793 P.
787 2740 888 2793 Decius
905 2740 983 2809 silius,
1003 2742 1073 2796 bello
1093 2741 1242 2796 Samnitico
1262 2740 1346 2812 patris
1360 2741 1496 2814 exemploru

457 2826 589 2893 imitatus,
606 2826 734 2879 advocato
753 2826 826 2880 Livio
847 2828 989 2898 pontifice,
1013 2829 1137 2883 devotum
1157 2830 1236 2882 etiam
1254 2828 1304 2883 diis
1319 2828 1413 2883 inieris
1430 2837 1496 2898 capul

459 2913 563 2968 obtulit.
600 2915 729 2968 luvenalis
745 2914 800 2968 Sat.
820 2916 891 2980 Vttt,
910 2920 963 2970 254
980 2936 1038 2988 sqq.

571 3001 694 3055 Plebeiae
711 3005 854 3056 Deciorum
872 3005 993 3063 animae,
1007 3004 1112 3075 plebeio
1125 3004 1245 3076 suerunt

575 3091 704 3142 Nomina:
718 3110 768 3160 pro
785 3093 851 3144 rotis
869 3092 1018 3163 legionibus
1036 3094 1066 3144 lsi
1083 3103 1173 3145 tomen
1190 3103 1216 3143 et
1233 3110 1283 3161 pro

574 3176 700 3230 Omnibus
722 3180 835 3233 auxiliis
852 3190 935 3251 atque
954 3161 1024 3233 amni
1037 3180 1109 3250 pube
1127 3181 1232 3232 Latina

574 3266 719 3333 Sufficiunt
738 3266 790 3319 diis
808 3268 924 3339 infernis
944 3279 1084 3341 terraeque
1101 3269 1226 3338 parenti.-

572 3352 665 3405 Pluris
672 3353 740 3406 enim
749 3355 826 3406 Decii
835 3374 916 3426 quom
926 3354 1168 3427 quiseroonturole
1176 3354 1257 3408 illis.“
1265 3351 1290 3406 Α
1298 3354 1350 3408 ud.
1360 3355 1494 3408 Tuaen

458 3444 597 3514 „Uterque
615 3462 642 3496 se
660 3442 762 3496 devovit
780 3442 945 3498 voluntariae
964 3446 1044 3499 morti
1063 3443 1178 3509 Consul,
1198 3452 1227 3495 ut
1243 3442 1371 3497 exercitui
1388 3444 1494 3495 Romano

458 3531 593 3585 victoriam
613 3541 726 3601 pareret.
761 3532 841 3585 Pater
859 3534 983 3587 adversus
1000 3533 1108 3587 bannos
1122 3552 1145 3586 a.
1167 3530 1201 3583 U.
1218 3549 1242 3583 c.
1252 3532 1316 3595 415,
1337 3542 1367 3585 ut
1384 3543 1423 3585 est
1438 3527 1495 3601 apud

458 3620 560 3671 Livium
581 3617 650 3685 Vlll,
669 3622 699 3682 93
728 3618 811 3672 Filius
828 3620 951 3674 adsersus
970 3620 1064 3675 Gallos
1087 3640 1111 3673 a.
1129 3618 1163 3672 U.
1183 3638 1206 3672 c.
1225 3621 1298 3681 455.
1321 3629 1353 3672 ut
1378 3630 1416 3673 est
1437 3616 1494 3689 apul

459 3706 575 3758 eundem
594 3704 648 3758 Lu.
668 3706 699 3771 X,
719 3709 762 3759 18.
803 3708 934 3779 Nepotem
953 3709 1068 3763 Decium
1086 3709 1158 3762 idem
1178 3706 1269 3759 secisse
1288 3704 1433 3760 Consulem
1445 3706 1495 3760 a.U.

459 3814 482 3846 c.
501 3793 651 3847 stabello
676 3794 800 3848 adversus
818 3796 952 3868 Pyrrhum
980 3797 1097 3869 prodidit
1123 3794 1180 3849 Cic.
1209 3792 1243 3846 de
1266 3792 1348 3846 Finn.
1368 3794 1400 3859 ΙΙ,
1416 3796 1458 3848 19.
1477 3802 1495 3843 et

459 3883 531 3935 alibi.
573 3881 607 3935 At
626 3902 687 3936 vero
708 3883 829 3956 plerique
852 3886 996 3957 scriptores
1022 3896 1122 3939 tacent:
1150 3884 1183 3937 de
1207 3901 1260 3953 qua
1285 3901 1336 3936 nos
1357 3882 1495 3953 quaestione

460 3970 563 4040 egimus
581 3969 613 4022 ad
633 3969 701 4024 Plut.
720 3971 748 4023 in
767 3972 890 4026 Parallel.
915 3972 964 4026 Gr.
983 3986 1010 4028 et
1027 3974 1105 4028 Rom.
1130 3992 1156 4043 p.
1171 3974 1232 4025 310.
1252 3969 1306 4022 Α.“
1331 3968 1494 4041 Wyttenb.

459 4057 501 4109 Ad
521 4057 609 4109 locum
626 4059 658 4110 de
675 4059 754 4112 Finn.
773 4060 936 4114 Goerencius
954 4082 981 4133 p.
992 4066 1051 4115 att.
1069 4061 1150 4114 haec:
1169 4058 1230 4124 „De
1244 4058 1324 4112 tertio
1342 4058 1443 4124 Decio,
1462 4053 1495 4127 qvi

458 4166 486 4200 se
504 4147 650 4212 devoverit,
677 4148 774 4220 reliqui
793 4162 916 4205 auctores
939 4162 1036 4205 tacent.
1081 4149 1143 4203 seu
1159 4148 1232 4201 idem
1260 4156 1354 4200 noster
1378 4146 1470 4218 repetit
1481 4141 1495 4193 l·

459 4233 539 4287 Tusc.
550 4237 594 4299 37,
614 4237 665 4288 89;
683 4239 744 4287 Non
762 4255 821 4288 curn
843 4240 952 4291 Latinis
967 4240 1107 4291 decertans
1122 4247 1203 4307 poter
1218 4234 1329 4299 Decius,
1348 4255 1407 4287 cum
1425 4237 1497 4287 Etru·

460 4322 511 4373 scis
524 4321 618 4388 filius,
636 4342 695 4373 cum
712 4324 820 4387 Pyrrlro
839 4344 934 4394 nepos,
955 4345 984 4378 se
1002 4325 1121 4378 hostiurn
1138 4325 1201 4377 telis
1219 4322 1385 4379 obiecissent.
1432 4321 1497 4379 Sota

460 4406 578 4459 Zonaras
597 4409 702 4462 Annall.
720 4409 743 4461 ll
761 4411 849 4464 Tomo
868 4423 973 4478 narrat,
991 4415 1021 4466 P.
1042 4413 1156 4468 Decium
1175 4412 1208 4465 ad
1228 4411 1414 4467 devorandum
1426 4428 1498 4481 sepa·

461 4504 547 4548 ratum
569 4496 661 4562 luisse,
681 4517 794 4570 eamque
812 4500 911 4554 faniam
931 4522 986 4556 non
1000 4522 1095 4574 parum
1115 4500 1223 4555 terroris
1236 4501 1380 4556 incussisse
1396 4499 1499 4556 hostium
