3517 5450
357 710 408 784 30
688 733 859 781 receuoir
887 731 1081 781 srorcouuu.

301 882 303 893 ’
357 907 412 987 qui
428 903 605 970 Corinthiis
617 901 772 983 operibus
787 900 965 977 abundant,
985 919 1028 966 en
1043 899 1079 966 C.
1092 899 1244 976 Fabricii,
1260 900 1321 980 qui
1334 899 1391 965 niir

358 1057 475 1106 eorum
489 1039 611 1114 habuit,
636 1037 716 1101 nihii
737 1037 860 1101 habere
887 1039 1000 1114 voluit,
1025 1037 1149 1105 similes
1174 1052 1247 1101 esse
1273 1036 1391 1101 malint

360 1180 467 1258 Atque
489 1176 572 1240 haec
587 1173 729 1253 quidem,
754 1189 841 1253 quae
860 1175 963 1240 modo
979 1177 1060 1251 huc,
1085 1173 1187 1239 modo
1202 1173 1284 1238 iiiuc
1307 1178 1392 1241 tram

361 1312 520 1390 efruutur,
536 1309 631 1381 facite
654 1309 772 1375 adduci
789 1311 898 1375 solent
922 1316 957 1376 ut
980 1312 1015 1376 in
1033 1312 1132 1376 rebus
1148 1310 1246 1379 bonis
1260 1327 1335 1374 esse
1355 1325 1392 1373 ne

361 1454 454 1531 gent:
474 1447 556 1513 iliud
570 1451 659 1512 arcte
673 1450 795 1524 tenent,
811 1452 1032 1528 accurateque
1046 1446 1234 1522 defendunt,
1261 1445 1392 1525 volupia

357 1592 424 1651 tem
438 1601 510 1651 esse
525 1599 689 1649 summum
707 1581 843 1646 bonum.
875 1580 971 1660 Quae
985 1582 1118 1663 quidem
1131 1582 1213 1648 mihi
1228 1599 1300 1649 vox
1312 1597 1391 1663 pecu

358 1721 437 1787 dum
461 1720 701 1795 videturesse,
727 1734 795 1782 non
819 1717 1004 1789 homiuum.
1056 1719 1118 1797 Tu,
1142 1736 1244 1799 quum
1265 1719 1325 1783 tibi
1344 1718 1392 1782 siv«

358 1858 458 1936 deus,
482 1856 553 1920 sive
572 1859 694 1932 mater,
721 1857 756 1918 ut
780 1855 826 1918 ita
850 1854 975 1932 dicam,
1010 1873 1123 1921 rerum
1148 1855 1319 1932 omnium,
1350 1871 1392 1919 na·

359 2001 448 2072 tura,
473 1991 600 2057 dederit
622 1990 780 2066 animum,
811 2008 879 2072 quo
901 1992 984 2057 nihil
1011 1995 1061 2057 est
1085 1992 1326 2074 praestantius,
1350 2007 1392 2055 nc

356 2149 421 2212 que
447 2129 609 2207 divinius,
631 2128 679 2192 sic
702 2131 733 2191 te
758 2126 830 2208 ipse
854 2127 991 2193 abiicies
1017 2132 1116 2210 atque
1142 2135 1349 2210 prosternes,-
1371 2143 1390 2190 u

356 2266 437 2331 nihii
468 2265 554 2328 inter
586 2267 618 2327 te
650 2266 749 2344 atque
788 2263 1035 2347 quadrupedem
1066 2266 1219 2346 aliquam.
1237 2270 1334 2347 putes
1355 2262 1392 2326 iu·

356 2402 503 2466 teresse?
563 2398 797 2480 Quicquamue,
820 2399 959 2473 ‚honum
989 2406 1055 2482 est,
1095 2402 1186 2484 quod
1219 2419 1291 2468 non
1324 2416 1392 2474 eure

357 2538 474 2621 quiid
499 2536 661 2627 possidet,
697 2535 870 2602 meliorem
906 2536 1008 2607 iacit?
1072 2538 1112 2606 Ut
1149 2538 1239 2602 enim
1275 2537 1392 2618 quisque

355 2682 405 2744 est
428 2675 574 2741 maxime
591 2673 672 2739 boni
689 2674 862 2756 particeps,
884 2675 929 2740 ita
942 2676 1042 2742 etiam
1056 2674 1232 2741 laudabilis
1249 2673 1392 2741 maxime:

356 2829 464 2892 neque
489 2814 539 2876 est
563 2812 668 2878 ullum
693 2810 839 2889 bonum,
872 2811 915 2877 de
942 2830 1013 2895 quo
1036 2830 1104 2879 non
1129 2812 1180 2889 is,
1212 2812 1272 2892 qui
1297 2811 1329 2876 id
1346 2809 1390 2874 hr

355 2949 451 3025 beet,
474 2948 611 3042 honeste
639 2947 742 3028 possit
765 2949 917 3029 gloriari·
964 2949 1054 3029 Quid
1072 2953 1189 3014 autem
1215 2954 1268 3013 est
1292 2949 1388 3013 horum

354 3086 619 3171 inuoluptate?
684 3084 902 3154 Melioremne
928 3087 1029 3154 efficit
1046 3091 1120 3156 aut
1152 3085 1388 3177 ,laudatiorem

355 3224 488 3287 virum?
530 3239 574 3287 an
607 3222 781 3303 quisquam
814 3223 848 3287 in
883 3224 1050 3304 potiundis
1087 3222 1313 3304 voluptatibus
1334 3218 1387 3300 glo

354 3358 473 3425 riando
498 3376 571 3424 sese
593 3363 626 3423 et
651 3358 898 3441 praedicatione
916 3358 1033 3425 offerti
1074 3359 1174 3439 Atqui
1196 3358 1225 3423 si
1248 3358 1387 3437 voluptas

355 3515 441 3580 quae
455 3498 684 3579 plurimorum
706 3495 897 3578 patrociniis
930 3494 1134 3572 defenditur,
1161 3494 1197 3557 in
1227 3494 1325 3558 rebus
1343 3488 1387 3551 io

355 3634 407 3697 nis
434 3633 587 3697 habenda
606 3650 676 3696 non
699 3638 765 3697 est:
790 3650 916 3714 eaque,
946 3650 1013 3713 quo
1037 3635 1085 3696 est
1107 3630 1237 3707 maior,
1270 3645 1311 3693 eo
1334 3640 1387 3690 ma·

357 3770 406 3850 gis
423 3770 581 3845 ‘mentem
613 3786 632 3831 e
661 3786 722 3834 sua
759 3769 840 3844 sede
869 3774 901 3835 et
925 3774 1011 3844 statu
1042 3757 1235 3843 demovete'
1262 3762 1388 3847 proiecto

356 3904 437 3968 nihil
463 3909 513 3968 est
536 3903 627 3969 aliud
652 3904 751 3982 ,bene
775 3913 808 3971 et
836 3908 933 3974 beate
969 3908 1082 3972 vivere
1109 3902 1180 3968 uisi
1215 3897 1388 3967 honestet

355 4045 445 4107 recte
473 4042 595 4112 vivere.
800 4114 802 4119 ,

381 4255 385 4260 ‹
414 4212 502 4271 Ὅτι
519 4216 618 4281 μόνον
635 4212 772 4282 α’γαθδν
796 4218 833 4271 τὲ
852 4219 975 4286 καλόν]
1025 4213 1184 4283 „Ciceronis
1207 4200 1389 4287 argumentandi

361 4306 489 4373 modum,
514 4304 560 4378 qui
578 4304 696 4360 iuniores
721 4304 830 4360 fortasse
847 4306 999 4361 dialecticos
1018 4306 1094 4371 latet,
1118 4304 1192 4379 quod
1217 4323 1282 4359 cum
1306 4288 1390 4354 dicendi

361 4395 427 4450 flore
449 4394 610 4449 coniunctus
627 4404 678 4465 est,
697 4390 749 4446 hoc
769 4406 846 4465 pacto
871 4395 900 4447 in
919 4381 1149 4449 ratiocinatiorrem
1167 4378 1331 4463 redigerunt:
1354 4380 1391 4434 St

362 4484 418 4537 lum
435 4485 478 4551 id,
498 4503 552 4556 quo
571 4492 682 4554 accepto
702 4499 778 4535 mens
793 4494 884 4537 nostra
902 4481 1061 4555 acquiescit,
1079 4479 1117 4532 nil
1132 4479 1259 4549 amplius
1276 4470 1391 4530 reddeat
