3517 5450
443 686 518 760 296
773 705 946 757 rruaoorr
973 706 1169 757 erorcouuu.

444 869 567 942 Amplius
584 868 650 921 haec
665 866 822 922 Plutarchus
840 868 868 920 in
888 869 948 921 Vita
969 866 1056 920 Crassi
1075 867 1144 936 [fl.]“
1169 867 1192 919 F
1199 884 1247 921 rc.
1268 865 1363 938 sylv.
1410 873 1493 935 „Mer-

442 975 496 1011 sem
514 966 552 1008 est
571 953 727 1026 metaphora
746 954 779 1008 ad
799 954 952 1027 augendam
970 954 1105 1007 insidiam.
1141 953 1179 1007 Ut
1194 954 1266 1007 enirn
1289 965 1393 1026 segetes
1408 951 1493 1012 secan'·

443 1056 487 1099 tur
504 1045 532 1098 in
551 1063 649 1108 messe,
676 1044 711 1096 ita
731 1043 758 1096 in
777 1043 869 1096 Sullae
895 1041 1092 1114 proscriptione
1109 1041 1206 1096 civium
1225 1041 1295 1096 colla
1313 1036 1493 1099 secabantur*

442 1133 540 1186 ldern.
578 1131 799 1204 „Elegantissime
817 1142 856 1185 eet
874 1128 1042 1200 metaphora,
1064 1148 1117 1201 qua
1136 1142 1162 1183 et
1180 1148 1254 1183 mors
1274 1130 1400 1184 homines
1412 1132 1494 1185 deme·

443 1231 498 1274 tere
517 1221 615 1274 dicitur
632 1219 796 1277 ethomines
814 1238 942 1292 magnum
956 1219 1063 1273 lucrum
1076 1236 1187 1272 messem
1203 1217 1379 1274 nominant.“
1398 1221 1495 1291 Wyu,

442 1309 546 1364 Laudat
562 1308 644 1379 Borg.
671 1308 704 1361 ad
732 1327 789 1361 rem
809 1306 866 1364 Cic.
895 1309 974 1360 Verr.
993 1307 1039 1373 lll,
1064 1311 1108 1362 62.
1134 1306 1203 1361 Phil.
1227 1307 1295 1374 Vlll,
1313 1310 1342 1362 3.
1361 1337 1398 1346 -
1435 1308 1494 1361 cod.

443 1395 502 1450 Cre.
522 1400 548 1450 1.
566 1395 639 1449 Gud.
656 1395 686 1448 B.
703 1395 806 1452 sillani.
842 1399 901 1450 Cre.
920 1401 946 1451 2.
968 1395 1072 1449 sillani.
1102 1393 1159 1459 ,On
1176 1394 1209 1450 Ε.
1226 1395 1398 1462 sullaniani,
1416 1395 1494 1457 One.

443 1484 467 1536 ei
484 1485 550 1536 nlla.
587 1481 656 1537 cod.
671 1483 753 1537 Drsd.
770 1488 795 1539 5.
812 1484 890 1556 quis
914 1484 992 1536 illem
1013 1483 1123 1537 Sullani
1150 1472 1278 1554 temporis
1303 1500 1416 1536 meroem
1439 1502 1495 1536 noo

444 1571 619 1624 recordetur?
653 1571 713 1624 ΜΓ.

514 1659 678 1726 recordetur]
696 1659 763 1726 „Sic
783 1676 876 1714 omnes
895 1661 957 1712 mei.
997 1657 1202 1723 Recordatur,
1221 1656 1317 1728 legunt
1335 1657 1412 1713 alii.“
1432 1657 1495 1711 Alt.

446 1745 533 1801 Man.
580 1749 641 1814 „Ur
663 1749 713 1814 iic,
738 1747 842 1820 inquit,
865 1749 915 1820 qui
934 1748 1052 1830 Ironeetef
1063 1764 1117 1797 rem
1136 1755 1319 1817 quaerunt
1342 1747 1495 1798 mercaturis

441 1836 595 1906 faciendis,
613 1838 700 1907 operis
722 1837 833 1898 dandis,
849 1834 965 1905 publicio
986 1833 1122 1887 sumendis
1128 1853 1138 1893 ,·
1163 1833 1342 1904 intelligimus
1362 1853 1432 1903 opus
1448 1849 1495 1885 esse

447 1925 584 1995 quaesito:
603 1927 660 1990 ita,
685 1925 732 1997 qui
756 1925 826 1976 domi
852 1931 919 1974 tuae
937 1921 1044 1991 pariter
1063 1929 1253 1973 accusatorum
1270 1929 1358 1991 atque
1383 1920 1494 1972 iudicum

446 2013 610 2064 consociatos
625 2028 720 2085 greges
739 2013 852 2073 videt,
871 2039 905 2048 -
925 2020 951 2062 et
970 2007 1109 2080 aliquanto
1127 2019 1200 2080 post:
1232 2009 1280 2079 qui
1296 2008 1377 2060 illam
1395 2008 1495 2060 Sullani

446 2100 571 2168 temporis
589 2119 697 2154 messem
714 2100 941 2163 recordatur,
970 2100 1032 2170 quie
1059 2109 1086 2149 te
1111 2115 1164 2149 non
1184 2106 1266 2166 putet
1285 2097 1429 2166 confiteri,
1453 2095 1496 2147 tili

447 2188 569 2256 quaesito
583 2207 650 2258 opus
667 2187 743 2241 esse?
776 2187 847 2241 llinc
864 2187 941 2252 satis,
961 2185 1077 2256 opinor,
1106 2183 1238 2255 intelligis,
1258 2202 1316 2237 non
1335 2201 1393 2237 esse
1412 2183 1494 2255 legen·

447 2273 511 2326 dum
530 2276 717 2341 recordetur,
736 2276 837 2330 etiamsi
857 2294 953 2328 omnes
971 2273 1077 2327 codices
1096 2273 1270 2327 reclament.“
1296 2271 1494 2325 Morientur

447 2363 507 2415 Non
538 2363 646 2434 quidem
673 2365 820 2418 reclamant
844 2365 957 2418 Codices
982 2381 1091 2429 omnes,
1124 2361 1169 2415 sed
1198 2360 1299 2414 habent
1324 2361 1495 2412 recordatur

448 2449 533 2502 codd.
551 2452 609 2504 Cre.
630 2456 656 2507 l.
674 2458 699 2506 2.
717 2454 802 2523 (solus
819 2452 928 2507 Suerin.
947 2452 1175 2519 recordentur).·
1205 2449 1307 2503 habent
1331 2450 1398 2503 item
1417 2467 1495 2501 recor-

448 2539 467 2588 d
471 2549 541 2591 atur
561 2539 628 2593 Edd.
646 2541 739 2595 Lamb.
756 2554 781 2596 et
798 2541 895 2595 Colon.
941 2541 995 2594 Sed
1014 2539 1141 2611 equidem
1159 2538 1335 2609 scriptionem
1355 2537 1495 2589 'recorda-

447 2636 494 2679 tur
512 2628 657 2683 correctori
676 2629 780 2692 tribuo,
808 2629 855 2700 qui
874 2627 1034 2682 Ciceronem
1063 2646 1155 2680 secum
1181 2625 1258 2679 vellet
1275 2626 1306 2678 in
1327 2622 1495 2680 concordiam

447 2713 577 2787 redigere.
614 2715 671 2773 Nec
688 2737 751 2771 vero
768 2738 782 2771 a
801 2736 828 2771 se
853 2717 910 2789 ipse
935 2717 1042 2771 dissidet
1060 2714 1168 2773 Cicero.
1211 2713 1326 2787 lncipit=
1356 2715 1407 2786 qui
1432 2714 1496 2768 videt

449 2803 519 2880 domi
536 2814 602 2855 tuoe
619 2833 653 2844 -
672 2817 861 2859 accusatorum
880 2833 916 2845 —-
933 2824 1029 2878 greges
1048 2817 1099 2860 cet.
1119 2805 1194 2877 quasi
1214 2814 1405 2875 perrecturus:
1423 2801 1496 2855 intel-

448 2891 511 2963 ligit
530 2891 580 2941 tibi
597 2912 663 2962 opus
681 2912 738 2946 esee
757 2895 880 2965 quaesito
892 2922 938 2950 -.
974 2894 1027 2947 Sed
1046 2893 1187 2946 interiecta
1205 2891 1446 2962 longa-factorum
1462 2886 1494 2939 rel

449 2979 537 3050 potius
553 2980 705 3035 facinorum
722 2982 798 3048 serie,
816 2993 949 3036 structura
963 2982 1091 3036 orationis
1109 2982 1248 3034 immutata
1267 2997 1325 3031 non
1344 2978 1435 3031 solum
1444 2993 1495 3029 mn-

449 3065 513 3118 dum
532 3079 630 3135 mutat,
648 3070 694 3122 sed
713 3071 792 3123 etiam
812 3089 967 3141 personam,
999 3069 1147 3140 scribitque
1172 3070 1220 3140 qui
1244 3068 1322 3119 illam
1340 3095 1378 3107 -
1398 3083 1496 3119 onerem

450 3155 620 3207 recordetur
638 3185 673 3195 —
700 3159 761 3229 quis
788 3159 860 3211 huno
888 3160 953 3230 (pro
971 3164 1012 3223 te)
1036 3176 1090 3210 non
1114 3166 1196 3227 putet
1218 3157 1346 3224 confiteri
1372 3156 1425 3209 aibr·
1441 3156 1496 3225 (pro

451 3241 514 3300 libi)
532 3262 599 3312 opus
616 3263 672 3297 eece
690 3246 833 3318 quaerito?
860 3248 935 3319 quasi
954 3267 1002 3300 suo
1022 3266 1112 3312 more,
1140 3244 1255 3298 orationi
1272 3244 1405 3316 obliquae
1423 3246 1498 3297 inter-

452 3332 538 3404 posito
558 3333 737 3401 coniunctiro,
757 3336 904 3407 scripserit:
924 3337 985 3409 quis
1003 3356 1055 3389 non
1070 3346 1152 3405 putet
1170 3353 1253 3401 eum,
1271 3334 1334 3405 qui
1351 3334 1431 3385 illam
1441 3331 1498 3384 Sul-

450 3420 507 3472 lani
531 3425 657 3492 temporis
684 3442 791 3476 meroem
819 3427 1043 3492 recordetur,
1072 3424 1249 3495 confiteri
1275 3422 1330 3473 sibi
1357 3439 1427 3491 opus
1449 3436 1497 3471 ease

368 3554 372 3561 .
450 3511 593 3582 quaesito?
628 3513 671 3566 De
691 3532 804 3584 persona
824 3514 964 3567 immutata
983 3516 1054 3565 lrunc
1073 3542 1107 3555 -
1126 3511 1178 3565 ribi
1205 3530 1257 3581 pro
1282 3520 1311 3561 te
1329 3536 1366 3553 -
1386 3509 1437 3560 tiln'
1462 3507 1496 3558 lo·

450 3616 535 3669 quens
553 3599 647 3672 Borg.:
675 3603 748 3668 „Pro
766 3604 838 3655 leuno
855 3603 969 3675 (inquit)
995 3602 1099 3656 malunt
1122 3598 1249 3654 nonnulli
1273 3608 1311 3653 te.
1362 3596 1497 3650 simillima

450 3688 569 3759 enallage
590 3709 651 3743 usus
669 3703 709 3745 est
727 3691 794 3747 Phil.
813 3691 846 3757 ll,
865 3694 913 3746 tt:
934 3697 976 3744 Te
989 3693 1062 3764 fecit
1081 3691 1201 3742 heredem
1219 3715 1256 3729 -
1273 3697 1412 3759 tanquam
1429 3688 1497 3738 teres

450 3786 558 3840 mels
586 3779 731 3831 invasit.
779 3778 870 3847 Quam
907 3780 1050 3835 lectionem
1085 3778 1207 3832 defendit
1238 3773 1417 3829 Garatonius·
1462 3773 1498 3825 ue

449 3872 581 3915 structura
600 3867 626 3917 in
647 3885 700 3919 una
720 3867 831 3939 periodo
851 3868 947 3923 variata
968 3870 1088 3921 rideatur
1106 3864 1212 3920 Ruunt.
1231 3865 1265 3917 ad
1284 3863 1370 3918 Rutil.
1387 3865 1454 3935 Lup.
1471 3860 1498 3915 ll.

451 3968 477 4020 p.
495 3954 558 4005 95.“
601 3951 657 4007 llac
674 3954 707 4008 de
731 3976 761 4009 re
779 3976 842 4011 curn
863 3958 971 4030 longior
989 3960 1068 4011 etiarn
1088 3957 1121 4010 sit
1140 3954 1262 4007 Morisoti
1282 3954 1440 4011 concutio.
1456 3970 1498 4005 nos

450 4056 508 4091 eam
529 4058 591 4092 cum
611 4042 655 4107 iis,
676 4063 744 4114 quae
763 4046 839 4099 nobis
856 4047 978 4100 addenda
996 4058 1059 4100 sunt
1077 4045 1145 4111 risa,
1162 4044 1189 4097 in
1209 4043 1361 4102 Ercursum
1372 4042 1419 4098 Xl.
1439 4061 1498 4096 cone

449 4128 568 4182 lecimus.
613 4131 667 4183 Pro
686 4133 773 4199 videt,
800 4136 872 4205 quod
892 4155 972 4207 supra
991 4146 1044 4201 est,
1063 4135 1126 4204 ¹(sic
1143 4133 1309 4205 quividet
1335 4133 1409 4184 domi
1428 4134 1498 4193 tuae)

449 4213 551 4272 Gernh.
570 4236 598 4271 er
616 4219 665 4272 Ed.
686 4221 752 4273 Ven.
770 4226 850 4276 1487.
868 4226 985 4278 enotavit
1002 4244 1058 4277 esse
1077 4223 1162 4283 vidit,
1193 4218 1267 4292 quod
1288 4239 1340 4273 nos
1364 4220 1444 4275 etiarn
1460 4237 1499 4271 re·

452 4305 570 4374 perimus
587 4307 614 4359 in
634 4319 724 4361 nostra
744 4308 792 4362 Ed.
812 4311 882 4365 Ven.
900 4316 979 4367 149².
1016 4312 1077 4365 ΜΓ.

520 4393 567 4463 qui
592 4404 756 4449 testamenta
780 4400 914 4468 subacta]
959 4400 1032 4455 llaec
1063 4400 1112 4453 tria
1138 4399 1269 4453 vocabula
1296 4401 1454 4455 exciderunt
1475 4400 1498 4451 in

452 4479 499 4534 Ed.
518 4480 632 4537 Schiitcii
653 4504 796 4557 operarum
814 4499 839 4543 et
857 4492 1017 4545 correctoris
1035 4489 1205 4561 negligentia.
1242 4490 1313 4543 cod.
1332 4490 1441 4547 Suerin.
1458 4488 1499 4541 lra-
