<?xml version="1.0" encoding="UTF-8"?>
<!DOCTYPE html PUBLIC "-//W3C//DTD XHTML 1.0 Transitional//EN"
    "http://www.w3.org/TR/xhtml1/DTD/xhtml1-transitional.dtd">
<html xmlns="http://www.w3.org/1999/xhtml" xml:lang="en" lang="en">
 <head>
  <title>
</title>
<meta http-equiv="Content-Type" content="text/html;charset=utf-8" />
  <meta name='ocr-system' content='tesseract 3.04.00' />
  <meta name='ocr-capabilities' content='ocr_page ocr_carea ocr_par ocr_line ocrx_word'/>
</head>
<body>
  <div class='ocr_page' id='page_1' title='image "./mtulliiciceroni15cicegoog_0414.png"; bbox 0 0 3517 5450; ppageno 0'>
   <div class='ocr_carea' id='block_1_1' title="bbox 360 705 1221 794">
    <p class='ocr_par' dir='ltr' id='par_1_1' title="bbox 360 705 1221 794">
     <span class='ocr_line' id='line_1_1' title="bbox 360 705 1221 794; baseline 0.002 -16"><span class='ocrx_word' id='word_1_1' title='bbox 360 705 434 779; x_wconf 80' lang='lat'><strong>368</strong></span> <span class='ocrx_word' id='word_1_2' title='bbox 554 731 716 780; x_wconf 77' lang='lat' dir='ltr'><strong>rxcunsus</strong></span> <span class='ocrx_word' id='word_1_3' title='bbox 744 729 802 776; x_wconf 69' lang='grc' dir='ltr'><strong>ιιι.</strong></span> <span class='ocrx_word' id='word_1_4' title='bbox 836 728 877 772; x_wconf 71' lang='lat' dir='ltr'><strong>tu</strong></span> <span class='ocrx_word' id='word_1_5' title='bbox 906 728 1101 776; x_wconf 72' lang='lat' dir='ltr'><strong>runtnoxon</strong></span> <span class='ocrx_word' id='word_1_6' title='bbox 1129 732 1176 794; x_wconf 85' lang='lat' dir='ltr'><strong>vt,</strong></span> <span class='ocrx_word' id='word_1_7' title='bbox 1195 728 1221 780; x_wconf 78' lang='grc'><strong>3.</strong></span> 
     </span>
    </p>
   </div>
   <div class='ocr_carea' id='block_1_2' title="bbox 355 889 1393 1930">
    <p class='ocr_par' dir='ltr' id='par_1_2' title="bbox 355 889 1393 1930">
     <span class='ocr_line' id='line_1_2' title="bbox 359 889 1384 966; baseline 0.005 -24"><span class='ocrx_word' id='word_1_8' title='bbox 359 892 433 944; x_wconf 85' lang='lat' dir='ltr'><strong>modo</strong></span> <span class='ocrx_word' id='word_1_9' title='bbox 452 890 489 940; x_wconf 85' lang='lat' dir='ltr'><strong>ad</strong></span> <span class='ocrx_word' id='word_1_10' title='bbox 502 891 628 962; x_wconf 80' lang='lat' dir='ltr'><strong>fructum</strong></span> <span class='ocrx_word' id='word_1_11' title='bbox 645 889 691 940; x_wconf 70' lang='lat' dir='ltr'><strong>itte</strong></span> <span class='ocrx_word' id='word_1_12' title='bbox 709 900 750 940; x_wconf 78' lang='lat' dir='ltr'><strong>cst</strong></span> <span class='ocrx_word' id='word_1_13' title='bbox 768 900 907 960; x_wconf 68' lang='lat' dir='ltr'><strong>surruptas,</strong></span> <span class='ocrx_word' id='word_1_14' title='bbox 932 892 980 942; x_wconf 84' lang='lat' dir='ltr'><strong>sed</strong></span> <span class='ocrx_word' id='word_1_15' title='bbox 996 892 1078 942; x_wconf 77' lang='lat' dir='ltr'><strong>etiam</strong></span> <span class='ocrx_word' id='word_1_16' title='bbox 1097 893 1136 942; x_wconf 81' lang='lat' dir='ltr'><strong>ad</strong></span> <span class='ocrx_word' id='word_1_17' title='bbox 1149 892 1242 963; x_wconf 80' lang='lat' dir='ltr'><strong>senus</strong></span> <span class='ocrx_word' id='word_1_18' title='bbox 1260 895 1384 966; x_wconf 77' lang='lat' dir='ltr'><strong>exiguus“:</strong></span> 
     </span>
     <span class='ocr_line' id='line_1_3' title="bbox 357 976 1387 1054; baseline 0.005 -24"><span class='ocrx_word' id='word_1_19' title='bbox 357 979 402 1032; x_wconf 84' lang='lat' dir='ltr'><strong>Est</strong></span> <span class='ocrx_word' id='word_1_20' title='bbox 421 980 493 1031; x_wconf 82' lang='lat' dir='ltr'><strong>enim</strong></span> <span class='ocrx_word' id='word_1_21' title='bbox 512 980 539 1032; x_wconf 85' lang='lat' dir='ltr'><strong>in</strong></span> <span class='ocrx_word' id='word_1_22' title='bbox 559 976 644 1031; x_wconf 89' lang='lat' dir='ltr'><strong>Codd.</strong></span> <span class='ocrx_word' id='word_1_23' title='bbox 662 979 757 1032; x_wconf 80' lang='lat' dir='ltr'><strong>Duisb.</strong></span> <span class='ocrx_word' id='word_1_24' title='bbox 775 990 800 1032; x_wconf 89' lang='lat' dir='ltr'><strong>et</strong></span> <span class='ocrx_word' id='word_1_25' title='bbox 818 977 868 1032; x_wconf 78' lang='lat' dir='ltr'><strong>Or.</strong></span> <span class='ocrx_word' id='word_1_26' title='bbox 887 978 918 1032; x_wconf 84' lang='lat' dir='ltr'><strong>E.</strong></span> <span class='ocrx_word' id='word_1_27' title='bbox 944 980 1098 1050; x_wconf 83' lang='lat' dir='ltr'><strong>exiguum:</strong></span> <span class='ocrx_word' id='word_1_28' title='bbox 1119 979 1240 1048; x_wconf 82' lang='lat' dir='ltr'><strong>scilicet,</strong></span> <span class='ocrx_word' id='word_1_29' title='bbox 1271 993 1299 1035; x_wconf 92' lang='lat' dir='ltr'><strong>ut</strong></span> <span class='ocrx_word' id='word_1_30' title='bbox 1316 984 1387 1054; x_wconf 79' lang='lat' dir='ltr'><strong>adse</strong></span> 
     </span>
     <span class='ocr_line' id='line_1_4' title="bbox 357 1066 1387 1138; baseline 0.004 -20"><span class='ocrx_word' id='word_1_31' title='bbox 357 1088 422 1133; x_wconf 83' lang='lat' dir='ltr'><strong>nus,</strong></span> <span class='ocrx_word' id='word_1_32' title='bbox 448 1066 519 1137; x_wconf 92' lang='lat' dir='ltr'><strong>quod</strong></span> <span class='ocrx_word' id='word_1_33' title='bbox 539 1067 684 1132; x_wconf 81' lang='lat' dir='ltr'><strong>antecedit,</strong></span> <span class='ocrx_word' id='word_1_34' title='bbox 712 1067 938 1120; x_wconf 75' lang='lat' dir='ltr'><strong>accommodetur.</strong></span> <span class='ocrx_word' id='word_1_35' title='bbox 983 1067 1098 1138; x_wconf 77' lang='lat' dir='ltr'>Propius</span> <span class='ocrx_word' id='word_1_36' title='bbox 1126 1068 1161 1120; x_wconf 79' lang='lat' dir='ltr'><strong>ad</strong></span> <span class='ocrx_word' id='word_1_37' title='bbox 1190 1069 1338 1135; x_wconf 82' lang='lat' dir='ltr'><strong>veritatem,</strong></span> <span class='ocrx_word' id='word_1_38' title='bbox 1358 1071 1387 1122; x_wconf 78' lang='lat' dir='ltr'><strong>sed</strong></span> 
     </span>
     <span class='ocr_line' id='line_1_5' title="bbox 358 1153 1388 1227; baseline -0.002 -17"><span class='ocrx_word' id='word_1_39' title='bbox 358 1170 447 1212; x_wconf 77' lang='lat' dir='ltr'><strong>tamen</strong></span> <span class='ocrx_word' id='word_1_40' title='bbox 467 1156 535 1209; x_wconf 82' lang='lat' dir='ltr'><strong>sacta</strong></span> <span class='ocrx_word' id='word_1_41' title='bbox 554 1155 696 1208; x_wconf 81' lang='lat' dir='ltr'><strong>verborum</strong></span> <span class='ocrx_word' id='word_1_42' title='bbox 716 1155 938 1227; x_wconf 76' lang='lat' dir='ltr'><strong>transpositione,</strong></span> <span class='ocrx_word' id='word_1_43' title='bbox 964 1153 1032 1208; x_wconf 88' lang='lat' dir='ltr'><strong>Cod.</strong></span> <span class='ocrx_word' id='word_1_44' title='bbox 1054 1154 1178 1208; x_wconf 83' lang='lat' dir='ltr'><strong>Suerin.:</strong></span> <span class='ocrx_word' id='word_1_45' title='bbox 1205 1176 1262 1210; x_wconf 86' lang='lat' dir='ltr'><strong>non</strong></span> <span class='ocrx_word' id='word_1_46' title='bbox 1285 1159 1388 1210; x_wconf 79' lang='lat' dir='ltr'><strong>modoad</strong></span> 
     </span>
     <span class='ocr_line' id='line_1_6' title="bbox 357 1243 1389 1316; baseline -0.002 -17"><span class='ocrx_word' id='word_1_47' title='bbox 357 1255 513 1316; x_wconf 79' lang='lat' dir='ltr'><strong>surnptus</strong></span> <span class='ocrx_word' id='word_1_48' title='bbox 531 1244 577 1295; x_wconf 75' lang='lat' dir='ltr'><strong>itte</strong></span> <span class='ocrx_word' id='word_1_49' title='bbox 594 1254 648 1296; x_wconf 79' lang='lat' dir='ltr'><strong>est</strong></span> <span class='ocrx_word' id='word_1_50' title='bbox 667 1243 793 1314; x_wconf 79' lang='lat' dir='ltr'><strong>fructus.</strong></span> <span class='ocrx_word' id='word_1_51' title='bbox 840 1243 913 1299; x_wconf 90' lang='lat' dir='ltr'><strong>Gud.</strong></span> <span class='ocrx_word' id='word_1_52' title='bbox 932 1243 965 1299; x_wconf 77' lang='grc' dir='ltr'><strong>Α.</strong></span> <span class='ocrx_word' id='word_1_53' title='bbox 992 1243 1030 1294; x_wconf 80' lang='lat' dir='ltr'><strong>ad</strong></span> <span class='ocrx_word' id='word_1_54' title='bbox 1046 1243 1180 1314; x_wconf 83' lang='lat' dir='ltr'><strong>fructum</strong></span> <span class='ocrx_word' id='word_1_55' title='bbox 1205 1244 1272 1297; x_wconf 80' lang='lat' dir='ltr'><strong>itte</strong></span> <span class='ocrx_word' id='word_1_56' title='bbox 1291 1257 1389 1315; x_wconf 79' lang='lat' dir='ltr'><strong>sumptus</strong></span> 
     </span>
     <span class='ocr_line' id='line_1_7' title="bbox 355 1330 1390 1403; baseline -0.002 -17"><span class='ocrx_word' id='word_1_57' title='bbox 355 1345 426 1400; x_wconf 80' lang='lat' dir='ltr'><strong>est,</strong></span> <span class='ocrx_word' id='word_1_58' title='bbox 448 1345 514 1396; x_wconf 87' lang='lat' dir='ltr'><strong>etc.;</strong></span> <span class='ocrx_word' id='word_1_59' title='bbox 532 1331 560 1385; x_wconf 87' lang='lat' dir='ltr'><strong>in</strong></span> <span class='ocrx_word' id='word_1_60' title='bbox 580 1330 631 1384; x_wconf 85' lang='lat' dir='ltr'><strong>Or.</strong></span> <span class='ocrx_word' id='word_1_61' title='bbox 648 1331 682 1384; x_wconf 91' lang='lat' dir='ltr'><strong>U.</strong></span> <span class='ocrx_word' id='word_1_62' title='bbox 705 1333 743 1382; x_wconf 82' lang='lat' dir='ltr'><strong>ud</strong></span> <span class='ocrx_word' id='word_1_63' title='bbox 763 1332 919 1403; x_wconf 79' lang='lat' dir='ltr'><strong>fructus</strong></span> <span class='ocrx_word' id='word_1_64' title='bbox 943 1333 1009 1402; x_wconf 84' lang='lat' dir='ltr'><strong>(pro</strong></span> <span class='ocrx_word' id='word_1_65' title='bbox 1035 1331 1076 1381; x_wconf 81' lang='lat' dir='ltr'><strong>ad</strong></span> <span class='ocrx_word' id='word_1_66' title='bbox 1091 1330 1281 1401; x_wconf 81' lang='lat' dir='ltr'><strong>fructum)</strong></span> <span class='ocrx_word' id='word_1_67' title='bbox 1305 1333 1346 1383; x_wconf 75' lang='lat' dir='ltr'><strong>itte</strong></span> <span class='ocrx_word' id='word_1_68' title='bbox 1363 1344 1390 1385; x_wconf 74' lang='lat' dir='ltr'><strong>est</strong></span> 
     </span>
     <span class='ocr_line' id='line_1_8' title="bbox 356 1417 1391 1490; baseline 0 -18"><span class='ocrx_word' id='word_1_69' title='bbox 356 1430 495 1489; x_wconf 81' lang='lat' dir='ltr'><strong>sumptus,</strong></span> <span class='ocrx_word' id='word_1_70' title='bbox 514 1438 594 1490; x_wconf 83' lang='lat' dir='ltr'><strong>quam</strong></span> <span class='ocrx_word' id='word_1_71' title='bbox 614 1418 786 1489; x_wconf 84' lang='lat' dir='ltr'><strong>scriptionem</strong></span> <span class='ocrx_word' id='word_1_72' title='bbox 807 1417 1007 1489; x_wconf 80' lang='lat' dir='ltr'><strong>quodammodo</strong></span> <span class='ocrx_word' id='word_1_73' title='bbox 1025 1419 1113 1470; x_wconf 79' lang='lat' dir='ltr'><strong>favere</strong></span> <span class='ocrx_word' id='word_1_74' title='bbox 1139 1418 1177 1471; x_wconf 81' lang='lat' dir='ltr'><strong>ait</strong></span> <span class='ocrx_word' id='word_1_75' title='bbox 1203 1417 1308 1473; x_wconf 86' lang='lat' dir='ltr'><strong>Gcrnh.</strong></span> <span class='ocrx_word' id='word_1_76' title='bbox 1332 1421 1391 1472; x_wconf 80' lang='lat' dir='ltr'><strong>Lan·</strong></span> 
     </span>
     <span class='ocr_line' id='line_1_9' title="bbox 356 1505 1392 1578; baseline -0.001 -18"><span class='ocrx_word' id='word_1_77' title='bbox 356 1508 495 1573; x_wconf 82' lang='lat' dir='ltr'><strong>binianae‚</strong></span> <span class='ocrx_word' id='word_1_78' title='bbox 529 1506 656 1559; x_wconf 88' lang='lat' dir='ltr'><strong>nimirum</strong></span> <span class='ocrx_word' id='word_1_79' title='bbox 674 1506 722 1573; x_wconf 82' lang='lat' dir='ltr'><strong>ita,</strong></span> <span class='ocrx_word' id='word_1_80' title='bbox 753 1517 782 1559; x_wconf 94' lang='lat' dir='ltr'><strong>ut</strong></span> <span class='ocrx_word' id='word_1_81' title='bbox 808 1517 898 1559; x_wconf 77' lang='lat' dir='ltr'><strong>tamen</strong></span> <span class='ocrx_word' id='word_1_82' title='bbox 929 1505 1135 1578; x_wconf 82' lang='lat' dir='ltr'><strong>transpositione</strong></span> <span class='ocrx_word' id='word_1_83' title='bbox 1163 1519 1245 1578; x_wconf 79' lang='lat' dir='ltr'><strong>egeat</strong></span> <span class='ocrx_word' id='word_1_84' title='bbox 1274 1510 1392 1561; x_wconf 80' lang='lat' dir='ltr'><strong>rerborun</strong></span> 
     </span>
     <span class='ocr_line' id='line_1_10' title="bbox 356 1592 1392 1665; baseline -0.003 -17"><span class='ocrx_word' id='word_1_85' title='bbox 356 1605 481 1665; x_wconf 76' lang='lat' dir='ltr'><strong>sumptus</strong></span> <span class='ocrx_word' id='word_1_86' title='bbox 510 1605 536 1646; x_wconf 82' lang='lat' dir='ltr'><strong>et</strong></span> <span class='ocrx_word' id='word_1_87' title='bbox 557 1594 683 1663; x_wconf 81' lang='lat' dir='ltr'><strong>fructus.</strong></span> <span class='ocrx_word' id='word_1_88' title='bbox 729 1594 808 1646; x_wconf 89' lang='lat' dir='ltr'><strong>Drsd.</strong></span> <span class='ocrx_word' id='word_1_89' title='bbox 826 1598 851 1647; x_wconf 90' lang='lat'><strong>1.</strong></span> <span class='ocrx_word' id='word_1_90' title='bbox 870 1597 896 1650; x_wconf 79' lang='lat'><strong>3.</strong></span> <span class='ocrx_word' id='word_1_91' title='bbox 926 1595 1024 1648; x_wconf 82' lang='lat' dir='ltr'><strong>habent</strong></span> <span class='ocrx_word' id='word_1_92' title='bbox 1051 1593 1090 1643; x_wconf 83' lang='lat' dir='ltr'><strong>ad</strong></span> <span class='ocrx_word' id='word_1_93' title='bbox 1109 1592 1246 1663; x_wconf 79' lang='lat' dir='ltr'><strong>fructum</strong></span> <span class='ocrx_word' id='word_1_94' title='bbox 1271 1607 1324 1647; x_wconf 80' lang='lat' dir='ltr'><strong>est</strong></span> <span class='ocrx_word' id='word_1_95' title='bbox 1347 1596 1392 1646; x_wconf 75' lang='lat' dir='ltr'><strong>itte</strong></span> 
     </span>
     <span class='ocr_line' id='line_1_11' title="bbox 356 1679 1393 1754; baseline -0.003 -20"><span class='ocrx_word' id='word_1_96' title='bbox 356 1692 495 1750; x_wconf 81' lang='lat' dir='ltr'><strong>sumptus,</strong></span> <span class='ocrx_word' id='word_1_97' title='bbox 514 1679 592 1733; x_wconf 86' lang='lat' dir='ltr'><strong>Drsd.</strong></span> <span class='ocrx_word' id='word_1_98' title='bbox 611 1684 643 1733; x_wconf 80' lang='lat'><strong>4:</strong></span> <span class='ocrx_word' id='word_1_99' title='bbox 664 1701 715 1733; x_wconf 83' lang='lat' dir='ltr'><strong>non</strong></span> <span class='ocrx_word' id='word_1_100' title='bbox 734 1683 809 1735; x_wconf 89' lang='lat' dir='ltr'><strong>modo</strong></span> <span class='ocrx_word' id='word_1_101' title='bbox 827 1683 1060 1754; x_wconf 78' lang='lat' dir='ltr'><strong>adjunctum,</strong></span> <span class='ocrx_word' id='word_1_102' title='bbox 1079 1680 1163 1734; x_wconf 83' lang='lat' dir='ltr'><strong>Drsd.</strong></span> <span class='ocrx_word' id='word_1_103' title='bbox 1182 1685 1214 1735; x_wconf 89' lang='lat'><strong>5:</strong></span> <span class='ocrx_word' id='word_1_104' title='bbox 1241 1683 1291 1733; x_wconf 83' lang='lat' dir='ltr'><strong>sed</strong></span> <span class='ocrx_word' id='word_1_105' title='bbox 1309 1684 1393 1738; x_wconf 81' lang='lat' dir='ltr'><strong>etiun</strong></span> 
     </span>
     <span class='ocr_line' id='line_1_12' title="bbox 355 1767 1393 1843; baseline -0.001 -21"><span class='ocrx_word' id='word_1_106' title='bbox 355 1772 474 1842; x_wconf 82' lang='lat' dir='ltr'><strong>senus,</strong></span> <span class='ocrx_word' id='word_1_107' title='bbox 493 1769 592 1823; x_wconf 85' lang='lat' dir='ltr'><strong>omisso</strong></span> <span class='ocrx_word' id='word_1_108' title='bbox 611 1770 656 1819; x_wconf 85' lang='lat' dir='ltr'><strong>ud.</strong></span> <span class='ocrx_word' id='word_1_109' title='bbox 694 1770 800 1843; x_wconf 87' lang='lat' dir='ltr'><strong>Reliqui</strong></span> <span class='ocrx_word' id='word_1_110' title='bbox 820 1789 883 1824; x_wconf 91' lang='lat' dir='ltr'><strong>cum</strong></span> <span class='ocrx_word' id='word_1_111' title='bbox 901 1771 968 1823; x_wconf 87' lang='lat' dir='ltr'><strong>Edd.</strong></span> <span class='ocrx_word' id='word_1_112' title='bbox 986 1780 1045 1822; x_wconf 75' lang='lat' dir='ltr'><strong>vett.</strong></span> <span class='ocrx_word' id='word_1_113' title='bbox 1065 1767 1207 1841; x_wconf 75' lang='lat' dir='ltr'><strong>plerisque</strong></span> <span class='ocrx_word' id='word_1_114' title='bbox 1227 1784 1290 1825; x_wconf 81' lang='lat' dir='ltr'><strong>ante</strong></span> <span class='ocrx_word' id='word_1_115' title='bbox 1309 1771 1393 1824; x_wconf 81' lang='lat' dir='ltr'><strong>Lambi-</strong></span> 
     </span>
     <span class='ocr_line' id='line_1_13' title="bbox 357 1856 990 1930; baseline -0.006 -18"><span class='ocrx_word' id='word_1_116' title='bbox 357 1879 437 1927; x_wconf 90' lang='lat' dir='ltr'><strong>num,</strong></span> <span class='ocrx_word' id='word_1_117' title='bbox 457 1878 521 1930; x_wconf 77' lang='lat' dir='ltr'><strong>quas</strong></span> <span class='ocrx_word' id='word_1_118' title='bbox 540 1857 767 1923; x_wconf 79' lang='lat' dir='ltr'><strong>enumeravimus,</strong></span> <span class='ocrx_word' id='word_1_119' title='bbox 785 1858 894 1911; x_wconf 80' lang='lat' dir='ltr'><strong>faciunt.</strong></span> <span class='ocrx_word' id='word_1_120' title='bbox 931 1856 960 1908; x_wconf 84' lang='lat' dir='ltr'><strong>M</strong></span> <span class='ocrx_word' id='word_1_121' title='bbox 970 1877 990 1909; x_wconf 88' lang='lat' dir='ltr'><strong>r.</strong></span> 
     </span>
    </p>
   </div>
   <div class='ocr_carea' id='block_1_3' title="bbox 0 0 1764 5450">
    <p class='ocr_par' dir='ltr' id='par_1_3' title="bbox 0 0 1764 5450">
     <span class='ocr_line' id='line_1_14' title="bbox 0 0 1764 5450; baseline 0 1"><span class='ocrx_word' id='word_1_122' title='bbox 0 0 1764 5450; x_wconf 95' lang='lat' dir='ltr'><strong> </strong></span> 
     </span>
    </p>
   </div>
  </div>
 </body>
</html>
