3517 5450
682 731 880 780 Ptutuoxott
905 732 947 778 vt.
977 733 1046 779 cte.
1070 733 1092 777 1.
1334 709 1408 784 285

351 897 437 952 Deiot.
456 899 489 951 8:
518 894 632 946 maiores
651 892 741 962 copias
766 891 838 942 olere
861 900 971 960 poterat
989 890 1172 960 (Deiotarus):
1199 911 1271 945 nune
1295 894 1409 964 exiguos

351 987 393 1038 vis
411 983 511 1037 tueri
527 991 626 1052 potest.
672 978 754 1047 Quod
774 997 836 1032 vero
854 978 920 1032 dicit
949 977 1045 1033 Cicero
1063 998 1122 1032 sex
1140 979 1269 1051 legiones,
1298 981 1409 1035 totidem

353 1072 504 1145 legionibus
534 1089 566 1123 eo
587 1081 708 1141 tempore
734 1068 832 1121 iustum
855 1067 998 1121 exercitum
1024 1067 1170 1121 constitisse
1187 1078 1279 1121 monet
1297 1067 1410 1124 Faceio-

353 1161 425 1216 letus.
471 1159 622 1213 Numerum
650 1157 723 1229 (sex)
751 1155 850 1211 omittit
876 1155 944 1211 Cod.
975 1154 1026 1211 01.
1049 1173 1079 1219 ψ.
1116 1154 1183 1210 cod.
1212 1153 1284 1208 Gud.
1303 1157 1336 1209 A.
1361 1157 1410 1211 ba-

352 1252 393 1305 bet
416 1251 484 1302 VII.
521 1245 583 1318 ΜΓ.

420 1340 487 1387 Sex
508 1333 638 1406 legiones]
675 1331 743 1396 „Sic
762 1351 856 1386 omnes
875 1333 937 1387 mei.
973 1331 1033 1385 Dixi
1051 1329 1098 1384 lib.
1109 1331 1128 1386 l.
1165 1330 1246 1386 Ottic.
1270 1332 1409 1400 [nimirum

353 1423 377 1476 iu
397 1419 603 1476 Commentario
621 1418 654 1473 ad
675 1418 732 1474 Cic.
750 1419 784 1473 de
804 1417 861 1473 Off.
882 1419 902 1487 l,
922 1423 947 1473 8.
968 1439 994 1491 p.
1014 1421 1058 1473 31.
1084 1419 1126 1472 ed.
1144 1418 1253 1489 Graes]
1279 1432 1411 1494 quattuor

354 1511 490 1584 legiones,
511 1526 565 1562 nou
585 1525 646 1572 sex,
675 1507 754 1560 fuisse
774 1508 926 1563 'exereitum
946 1508 977 1562 Ρ.
995 1507 1026 1561 ll.
1052 1518 1076 1561 et
1101 1508 1135 1562 ita
1164 1519 1230 1580 puto
1256 1507 1410 1580 legendum.

355 1597 442 1652 Ftuxtt
460 1615 539 1650 error
557 1615 571 1648 e
589 1593 777 1661 similitudine,
802 1615 870 1668 quae
890 1607 929 1650 est
946 1596 1016 1650 inter
1034 1595 1080 1649 lV.
1099 1607 1126 1649 et
1146 1596 1208 1650 Vl.“
1228 1595 1301 1650 Ald.
1320 1597 1409 1654 Mau.

353 1684 497 1738 Neminem
516 1683 710 1753 obsequentem
735 1682 825 1738 babuit
845 1683 944 1750 Aldus,
973 1703 1077 1756 neque,
1104 1695 1133 1738 ut
1156 1685 1192 1738 eit
1210 1683 1326 1754 Gernb,
1351 1686 1410 1740 cui-

358 1790 439 1845 quam
460 1770 600 1842 persuasit,
620 1789 682 1822 eum
702 1789 847 1824 numerum
868 1770 1005 1843 legionum
1025 1771 1067 1826 bic
1085 1773 1255 1827 retinendum
1275 1794 1344 1843 esse,
1364 1777 1410 1847 qui

352 1870 412 1914 ante
434 1856 535 1911 bellum
553 1858 688 1911 Punicum
715 1858 862 1912 seeundum
890 1858 974 1912 iustus
997 1858 1063 1926 luit,
1092 1860 1136 1913 sed
1165 1861 1218 1917 al.
1244 1865 1358 1917 Caesare
1376 1865 1409 1917 ad

351 1949 445 2004 decem
463 1957 565 2001 auctus.
603 1946 663 2001 Mr.

423 2047 451 2088 et
469 2054 570 2107 magna
588 2036 710 2107 equitum
730 2052 763 2086 oc
777 2034 899 2104 peditum
918 2034 1025 2086 auxilio
1042 2035 1147 2104 possis]
1195 2035 1261 2088 Cod.
1287 2034 1358 2089 Gud.
1377 2037 1411 2089 A.

352 2135 387 2176 ot
409 2143 519 2197 magno.
555 2122 641 2176 codd.
663 2123 742 2175 Drsd.
762 2126 787 2176 1.
809 2125 835 2176 3.
854 2127 879 2176 5.
905 2133 939 2174 et
955 2122 1086 2192 peditum.
1124 2125 1181 2185 Vox
1207 2124 1313 2175 auxilia
1338 2124 1411 2179 deest

355 2216 381 2268 in
403 2212 455 2266 Ox.
474 2229 504 2274 ψ.
542 2211 584 2263 Ad
605 2211 762 2264 sententiam
788 2211 839 2265 loci
861 2211 1027 2265 monendum
1055 2221 1105 2277 est,
1132 2211 1210 2265 etiam
1235 2211 1410 2265 Franciscum

354 2301 476 2374 Sylvium
496 2299 629 2352 dubitasse
648 2299 681 2352 de
699 2300 807 2353 veritate
832 2299 954 2353 lectionis
971 2318 1031 2350 sex
1049 2299 1173 2370 legiones.
1221 2298 1294 2353 Dicit
1324 2299 1411 2352 enim:

355 2390 405 2459 „si
425 2389 501 2442 locus
519 2388 674 2441 emendatus
692 2399 746 2455 est,
766 2387 897 2459 significat
918 2388 1026 2452 Cicero,
1044 2386 1072 2440 in
1092 2387 1215 2441 Romano
1234 2389 1349 2441 exercitu
1368 2408 1411 2442 sex

353 2478 474 2551 legiones
492 2496 547 2530 esse
565 2475 662 2530 solitas.
703 2477 806 2530 Verum
831 2477 903 2548 apud
923 2476 1027 2529 Livium
1051 2493 1130 2546 saepe
1149 2474 1267 2527 invenire
1292 2474 1353 2529 lieet
1371 2475 1411 2529 le·

353 2567 449 2640 giones
473 2575 590 2637 quatuor
615 2563 695 2618 fuisse
716 2564 743 2616 in
763 2565 877 2619 exercitu
897 2563 1041 2618 consulari.
1078 2564 1182 2634 [Pergit
1200 2563 1312 2617 laudans
1337 2564 1410 2618 locos

353 2654 418 2708 Livii
438 2672 453 2706 e
475 2653 544 2706 libro
563 2662 674 2714 octavo,
695 2651 765 2705 ΧΧΙ.
785 2664 811 2707 et
829 2652 916 2720 XXll,
946 2653 993 2724 qui
1022 2671 1082 2706 sero
1112 2671 1167 2705 nou
1193 2651 1262 2704 infra
1288 2661 1409 2722 tempora

352 2742 417 2798 belli
436 2741 531 2796 Punici
559 2741 668 2795 secundi
700 2741 873 2796 descendunt.
919 2740 1034 2795 Gravius
1061 2752 1114 2806 est,
1142 2741 1214 2812 quod
1243 2760 1272 2793 ex
1296 2743 1408 2813 Vegetio

353 2833 474 2906 profert,
493 2831 612 2897 dieensz]
631 2828 752 2896 „Scribit
770 2830 896 2901 Vegetius
914 2832 973 2904 [qui
989 2830 1048 2884 risit
1065 2828 1156 2884 seculo
1168 2849 1194 2899 p.
1207 2826 1238 2881 C.
1254 2848 1281 2882 n.
1300 2831 1407 2899 quarto]

352 2922 382 2973 in
400 2919 470 2972 libro
488 2917 622 2982 secundo,
643 2917 714 2987 [cap.
733 2921 760 2972 4.
780 2937 806 2989 p.
826 2921 869 2973 33.
890 2918 931 2972 ed.
949 2917 1091 2972 Steweobii
1112 2928 1138 2971 et
1155 2916 1250 2970 Medii.
1276 2916 1360 2988 Lugd.
1380 2917 1411 2968 B.

353 3012 437 3064 16113.
452 3011 479 3062 4.
498 3025 524 3077 p.
542 3008 586 3060 33.
606 3005 648 3059 ed.
668 3005 740 3077 Rip]
766 3024 793 3058 se
819 3008 847 3059 in
866 3006 986 3060 omnibus
1005 3005 1162 3059 auctoribus
1181 3005 1327 3069 invenisse,
1352 3006 1410 3057 sin-

350 3096 432 3167 gulos
452 3093 578 3146 Consules
602 3092 732 3145 adversus
757 3093 848 3146 hostes
874 3093 1066 3164 copiosissimos
1094 3113 1147 3146 non
1169 3093 1300 3163 amplius,
1329 3112 1410 3165 quom

352 3182 432 3234 binos
449 3182 578 3253 legiones,
597 3180 699 3232 additis
716 3182 829 3234 auxiliis
846 3184 978 3235 sociorum
998 3183 1115 3237 duxisse.
1152 3182 1266 3249 [Tento,
1285 3182 1336 3252 (sie
1349 3202 1410 3253 per·

352 3271 393 3342 git
410 3268 551 3339 vegetius)
577 3270 606 3320 in
629 3268 686 3319 illis
718 3278 780 3320 erut
810 3271 981 3335 exercitatio,
1012 3279 1094 3320 tanto
1115 3269 1238 3336 fiducia,
1266 3280 1297 3320 ut
1325 3272 1410 3323 cuivis

351 3357 428 3430 (Bip.
447 3355 548 3424 euicui)
568 3354 635 3406 bello
656 3355 725 3406 duae
743 3355 859 3427 legiones
877 3358 1049 3408 crederentur
1070 3374 1149 3425 posse
1168 3356 1311 3423 sufficere]
1335 3354 1408 3409 ldem

353 3443 448 3517 paullo
467 3455 528 3497 ante
547 3442 639 3496 scribit
663 3445 733 3514 [cap.
752 3442 771 3497 1.
798 3462 824 3514 p.
843 3446 887 3499 31.
916 3443 954 3497 St.
976 3463 1003 3514 p.
1022 3446 1067 3497 31.
1094 3441 1166 3513 Rip]
1192 3444 1298 3494 auxilia
1322 3461 1340 3493 a
1366 3463 1412 3494 so·
1472 3448 1474 3450 ’

353 3533 404 3585 ciis
423 3530 467 3583 vel
478 3531 633 3601 foederatis
650 3530 777 3602 gentibus
795 3532 868 3583 mitti
884 3532 993 3587 solitar
1041 3530 1096 3585 Sed
1123 3532 1263 3585 manifesto
1288 3531 1321 3584 de
1337 3533 1410 3586 anti·

356 3619 491 3692 quissimis
510 3619 676 3691 temporibus
694 3618 814 3691 loquitur
833 3620 968 3691 Vegetius.
1003 3619 1062 3674 Mr-

427 3711 487 3759 Iam
500 3707 607 3777 fateris
625 3707 725 3779 igitur,
747 3727 799 3760 non
817 3726 873 3761 esse
892 3719 919 3760 te
939 3709 1075 3776 divitem]
1105 3707 1171 3774 „Sic
1185 3706 1408 3778 quattuordecim.

351 3799 433 3851 Duo:
451 3797 507 3846 iarn
519 3795 626 3865 fateris
644 3796 731 3866 igitur
749 3805 783 3847 te
802 3814 858 3849 esse
878 3817 943 3849 non
962 3798 1081 3851 divitem.
1117 3795 1207 3849 Unuss
1235 3795 1290 3846 iam
1304 3796 1410 3867 fateris

351 3887 442 3959 igitur
466 3903 532 3935 non
555 3901 629 3934 esse
655 3883 773 3937 divitem.
819 3883 912 3936 Unus:
936 3884 991 3935 iam
1010 3884 1117 3954 soteris
1142 3901 1222 3954 ergo
1248 3901 1314 3934 non
1338 3902 1411 3936 esse

355 3970 585 4026 divitem.⁸‘Ald.
604 3969 693 4023 Man.
732 3969 799 4024 Cod.
829 3972 924 4025 Duisb.
943 3976 1003 4023 Iam
1016 3971 1122 4041 soteris
1146 3989 1235 4042 ergo.
1274 3969 1409 4023 Omissum

354 4074 394 4117 est
411 4071 439 4112 te
457 4060 486 4112 in
506 4057 556 4111 Ox.
572 4076 601 4121 ψ.
621 4057 704 4112 Drsd.
713 4063 739 4114 4.
760 4071 786 4114 et
804 4060 875 4113 Gud.
894 4060 925 4112 Β.
961 4059 1071 4131 Legitur
1089 4069 1122 4111 te
1141 4078 1194 4111 non
1211 4076 1283 4109 esse
1302 4058 1410 4109 divitem

353 4153 383 4205 in
404 4148 491 4203 codd.
510 4146 581 4200 Gud.
600 4145 633 4199 Α.
654 4145 776 4213 Suerin.;
802 4158 835 4200 te
853 4147 999 4199 divitem
1023 4166 1075 4199 non
1101 4165 1157 4198 esse
1175 4146 1202 4197 in
1223 4144 1287 4198 Cod.
1307 4146 1365 4197 Cra.
1386 4147 1409 4195 1.

353 4241 426 4294 Tum
445 4236 525 4291 Drsd.
544 4240 569 4289 4.
588 4235 633 4286 eui
651 4235 769 4289 tontis
788 4235 875 4295 desit,·
899 4232 956 4287 Cra.
965 4238 990 4287 1.
1009 4240 1033 4287 2.
1054 4252 1145 4285 rursus
1164 4232 1243 4285 babet
1261 4237 1315 4295 tm,
1336 4231 1408 4300 quod

354 4344 523 4401 quamquam
544 4323 703 4395 plerumque
722 4323 852 4395 significat
872 4333 976 4387 tanton,
1000 4321 1083 4374 nihilo
1102 4321 1190 4372 minus
1208 4316 1350 4389 legendum
1371 4319 1409 4370 vi-

354 4418 434 4471 detur
453 4423 572 4466 tontum.
617 4410 674 4465 Cra.
695 4418 718 4467 1.
737 4424 762 4466 et
786 4411 836 4465 Ox.
855 4411 885 4463 E.
904 4420 937 4461 ut
954 4429 1016 4463 non
1033 4410 1157 4479 expleas:
1184 4405 1255 4479 quod
1282 4415 1320 4457 est
1347 4424 1410 4459 eor-

354 4503 467 4558 rectoris
485 4518 581 4573 parum
612 4499 694 4552 latini.
732 4499 785 4552 Sed
814 4498 896 4553 altera
923 4517 1018 4551 manus
1041 4497 1069 4549 in
1098 4493 1157 4548 Cre.
1175 4498 1201 4547 1.
1229 4513 1281 4546 non
1306 4493 1408 4549 delevit.
