3517 5450
356 757 456 802 xxxlv
526 755 762 803 PROLEGOMRNA
790 755 831 797 lu
862 751 1030 798 ercnuurts
1058 751 1248 798 rtnluoxt.
1276 736 1278 741 Ι

355 927 382 965 et
402 917 487 966 diram
507 915 628 971 brevius,
654 932 734 985 quom
753 921 857 963 tauto
877 931 933 963 ree
952 911 1004 962 dici
1023 913 1109 980 poscit
1128 911 1187 963 —?
1234 911 1329 978 Quare
1358 912 1382 965 ia

356 1005 388 1056 ud
409 1003 574 1074 propositum
596 1002 747 1065 redeamus,
769 1002 991 1073 inquiremusque
1009 999 1042 1051 de
1061 1010 1220 1069 argumento
1239 998 1324 1052 libelli
1344 1000 1384 1070 ips

354 1093 484 1160 prorsum,
511 1101 600 1143 utrum
620 1089 724 1160 singula
743 1090 878 1142 Paradoxa
905 1089 940 1142 ita
964 1088 1117 1159 probaverit
1144 1087 1257 1155 Cicero,
1285 1100 1314 1141 ut
1340 1109 1384 1142 cer

357 1181 389 1232 ad
409 1179 622 1251 persuadendum
642 1178 707 1231 nibil
727 1196 892 1248 magnopere
911 1176 1000 1228 deesse
1019 1176 1157 1228 rideatur?
1177 1176 1278 1241 deusde,
1298 1175 1384 1228 numi

356 1291 382 1322 se
402 1270 532 1340 excipiant
549 1267 575 1320 hi
594 1268 662 1333 loci,
682 1277 784 1318 utnon
804 1285 865 1318 casu
887 1263 988 1334 potiris,
1015 1282 1095 1333 quem
1114 1274 1187 1316 certo
1206 1262 1304 1316 ordine
1324 1275 1383 1317 cert

356 1377 408 1429 que
427 1357 529 1411 ratione
549 1355 667 1426 dispositi
686 1353 854 1425 appareant?
878 1363 953 1416 tum,
971 1351 1068 1422 qualis,
1087 1352 1108 1403 si
1127 1371 1179 1422 qua
1199 1363 1251 1417 est,
1280 1351 1314 1404 sit
1333 1370 1384 1405 cau

356 1445 478 1496 locorum
496 1445 531 1497 ita
553 1443 799 1514 disponendorum,
817 1451 842 1493 et
861 1440 972 1511 quinam
992 1441 1024 1492 sit
1043 1458 1135 1492 earum
1155 1440 1255 1493 nesus?
1289 1441 1384 1512 ‹leniqo

356 1530 421 1584 n'um
440 1551 481 1583 scs
502 1530 563 1584 illac
587 1531 731 1584 sententiae
754 1530 790 1582 ita
818 1529 958 1581 rideantur
982 1527 1100 1581 delectae
1126 1547 1155 1580 es
1186 1548 1302 1580 numero
1331 1529 1384 1596 lom

357 1621 472 1684 maiore,
500 1630 529 1671 ut
547 1630 631 1673 totum
657 1618 765 1689 aliquod
791 1616 909 1670 efficiant
927 1628 953 1669 et
971 1636 1055 1668 uuum
1081 1616 1161 1688 idque
1180 1616 1335 1670 absolutum
1355 1616 1382 1688 pl

357 1728 477 1780 numque
495 1720 682 1778 argumentum
705 1706 884 1779 pertractent?
921 1705 1002 1758 Pauci
1029 1706 1056 1757 in
1079 1705 1149 1758 hanc
1173 1726 1229 1757 rem
1251 1708 1384 1777 interpret

357 1795 564 1866 inquisiverunt,
590 1796 690 1867 quique
710 1813 769 1846 eam
788 1794 952 1863 attigerunt,
980 1793 1008 1845 in
1028 1794 1112 1845 varias
1134 1794 1235 1846 abeunt
1253 1805 1336 1865 atque
1363 1815 1384 1847 ar

360 1884 469 1936 modum
489 1883 602 1936 diversas
621 1895 716 1955 partes.
754 1883 788 1935 Et
804 1881 1157 1952 flieronynrusquidem
1175 1882 1252 1934 Wol
1263 1883 1337 1934 fius
1353 1883 1384 1934 sil

357 1972 435 2037 dixit,
454 1973 490 2023 ris
509 1990 606 2042 operae
625 1973 741 2042 pretium
760 1970 841 2022 rideri
865 1990 995 2042 quaerere
1022 1970 1146 2022 ordinem
1168 1981 1193 2023 et
1214 1972 1383 2024 connexione

356 2059 564 2111 Paradosorum.
602 2060 647 2112 llla
668 2059 776 2131 quidem
796 2057 818 2125 [l
837 2069 864 2110 et
881 2059 924 2126 ll.]
943 2078 998 2111 non
1017 2059 1087 2111 mele
1105 2058 1263 2111 cohaerere:
1297 2063 1343 2126 „si
1367 2079 1384 2111 s.

356 2150 413 2198 lum
430 2149 570 2199 honestum
589 2148 684 2200 bonum
703 2151 757 2213 sit,
780 2148 894 2200 virtutis
911 2148 1025 2215 corupoti
1043 2148 1148 2198 nullum
1169 2149 1258 2200 deesse
1277 2148 1384 2201 bonum'

359 2236 402 2288 sed
423 2255 453 2287 ea
473 2255 534 2287 cum
555 2234 594 2287 his
612 2244 752 2302 „Percote
770 2254 826 2286 esse
844 2235 973 2305 nequalia
992 2244 1018 2287 et
1037 2255 1124 2287 omnes
1142 2236 1244 2287 stultos
1264 2236 1384 2288 insanire

358 2334 518 2376 connectere
538 2324 617 2388 ¹iubet
642 2324 718 2376 ulios:
747 2323 850 2393 reliqua
875 2322 930 2374 duo
957 2318 1013 2375 non
1032 2323 1146 2376 multum
1170 2324 1208 2376 nit
1231 2322 1376 2378 abliorrere

358 2410 464 2478 primis:
489 2412 509 2462 si
529 2411 638 2463 servitus
654 2422 681 2464 et
699 2421 798 2482 egestas
817 2431 858 2464 res
876 2411 945 2463 mala
970 2424 1022 2478 est,
1047 2413 1086 2464 vir
1103 2424 1192 2466 autem
1212 2412 1301 2464 bouus
1325 2423 1352 2467 et
1367 2433 1384 2466 s

358 2498 447 2567 plens,
468 2498 599 2550 malorum
619 2519 724 2571 expers,
744 2500 821 2553 bonis
838 2499 973 2566 abundat3
991 2511 1016 2553 et
1034 2501 1102 2553 liber
1126 2512 1152 2553 et
1176 2499 1246 2552 dives
1262 2500 1335 2552 idem
1352 2520 1382 2552 er

358 2585 428 2639 stulti
447 2597 535 2638 autem
565 2599 590 2640 et
618 2589 735 2660 improbi
761 2590 896 2642 contraria
922 2590 1015 2661 utique
1046 2589 1113 2641 ratio
1136 2572 1204 2642 ests
1228 2587 1311 2656 Quod
1336 2587 1381 2640 Cb

359 2675 571 2728 Meinersius
589 2676 615 2729 in
635 2677 770 2748 opusculis
789 2678 971 2742 (Vermisehte
989 2676 1130 2747 Schriften
1149 2676 1169 2732 l.
1189 2696 1214 2747 p.
1229 2676 1306 2745 297.)
1323 2676 1384 2747 impr

358 2765 434 2817 ritius
453 2782 533 2835 quam
554 2766 653 2832 verius,
679 2786 713 2818 ne
732 2766 819 2819 dicam
846 2766 980 2820 calumnia
1005 2776 1098 2831 utens,
1124 2764 1153 2817 in
1175 2764 1248 2818 hunc
1273 2762 1383 2817 Ciceron

358 2849 478 2903 libellum
498 2852 610 2922 scripsit,
629 2872 684 2905 non
701 2873 848 2907 moramur.
886 2853 995 2925 Operae
1013 2866 1102 2907 autem
1122 2854 1237 2924 pretium
1257 2865 1293 2907 est
1311 2853 1384 2923 legen

360 2958 428 3010 quae
447 2940 509 2992 dim
526 2939 709 2994 Bas-dilius
727 2941 754 2993 in
773 2941 842 2994 libro
862 2961 876 2993 a
897 2940 927 2994 C.
947 2943 979 2994 V.
995 2941 1139 2994 llauffio
1161 2940 1231 2993 edito
1247 2940 1384 3008 (Philologt

358 3028 390 3080 ll.
410 3048 437 3099 p.
454 3031 470 3082 9
489 3047 546 3100 sqq.
565 3028 664 3100 Stuttg.
682 3031 816 3099 18⁰3.)·).
852 3029 906 3082 Sed
925 3029 1063 3082 audiamus
1082 3027 1296 3093 Schiiteium,
1316 3026 1384 3099 quir

360 3126 437 3168 acute
457 3135 670 3188 nonnunquam,
688 3119 743 3170 imo
762 3138 849 3188 saepe,
869 3117 1001 3182 iudicarit,
1020 3118 1054 3171 ita
1074 3129 1162 3171 tamen
1183 3138 1236 3170 non
1256 3137 1318 3170 raro
1329 3131 1383 3187 pres

359 3222 475 3272 propere
499 3206 559 3274 egit.
604 3205 730 3259 Oratorie
756 3207 852 3276 magis,
879 3206 915 3259 ita
934 3206 993 3273 ille,
1017 3215 1098 3277 quam
1116 3206 1247 3259 subtiliter
1271 3200 1384 3275 disputati

362 3290 466 3346 Cicero.
502 3293 594 3344 Primo
620 3294 730 3365 quidem
757 3295 895 3347 paradoxo
919 3295 1009 3347 omnia
1036 3293 1144 3347 honesta
1171 3294 1241 3346 bona
1268 3312 1322 3345 esse
1347 3287 1384 3343 sati

360 3379 504 3451 probaturs
523 3381 654 3452 siquidem
673 3404 716 3436 res
735 3385 821 3437 omnis
840 3383 909 3437 redit
926 3385 959 3437 ad
980 3383 1044 3437 boni
1063 3383 1257 3435 definitionem.
1294 3380 1344 3433 Sed
1360 3396 1384 3429 so

359 3469 415 3519 lum
434 3469 535 3521 bonum
555 3469 695 3523 honestum
716 3492 770 3524 esse
789 3492 843 3524 uon
862 3472 1000 3541 probatur.
1053 3471 1146 3541 Neque
1170 3469 1255 3540 magis
1282 3468 1383 3540 probatu

359 3557 387 3607 in
406 3558 535 3611 sectando,
554 3576 616 3608 eum
636 3578 691 3610 non
712 3560 813 3611 beatius
831 3559 932 3624 virere,
960 3560 1020 3628 qui,
1041 3578 1097 3609 una
1115 3578 1175 3609 curn
1193 3560 1308 3620 virtute,
1335 3555 1383 3607 frui

360 3654 404 3707 tur
422 3642 500 3694 etiam
520 3644 659 3711 omuibus,
685 3658 730 3699 aut
756 3646 846 3699 multis
870 3657 957 3714 certe,
988 3647 1111 3700 fortunae
1138 3646 1231 3713 bonis,
1257 3664 1336 3717 quam
1361 3657 1384 3693 ευ

361 3739 467 3799 praeter
486 3730 607 3784 virtutem
627 3744 713 3786 cetera
733 3733 818 3787 desint
836 3735 935 3787 omnia.
973 3735 1092 3787 Tertium
1110 3734 1166 3804 ipse
1185 3733 1281 3786 Cicero
1299 3730 1383 3786 suaviis

362 3817 419 3870 risit
438 3837 486 3888 pro
505 3818 577 3872 Mur.
588 3823 632 3875 30.
652 3824 695 3886 31,
715 3821 842 3873 nimirum
862 3841 979 3875 coronae
998 3822 1098 3892 aliquid
1116 3821 1235 3874 dandum
1251 3820 1384 3873 existiment

361 3904 405 3957 sed
424 3916 513 3958 tamen
532 3908 703 3979 ambiguitate
723 3910 793 3963 vocis
811 3912 939 3981 nequalia
957 3930 1007 3963 uos
1025 3910 1079 3962 ludi
1099 3911 1210 3976 fatetur,
1237 3910 1306 3961 serio
1328 3908 1384 3959 dee

361 4013 390 4046 re
409 4005 435 4046 et
454 4006 546 4048 contro
564 3994 667 4050 Stoicos
691 3996 806 4069 loquens
830 3998 862 4051 de
887 3999 966 4053 Finu.
985 3998 1031 4063 lV,
1050 4001 1097 4050 tt:
1123 4015 1287 4069 quamquam
1312 3990 1382 4065 aliqui

361 4166 568 4175 m

434 4307 457 4375 ⁹)
476 4307 597 4362 Meretur
622 4311 700 4363 etiam
727 4312 820 4382 inspici
839 4313 1074 4368 Tiedemanui
1098 4316 1166 4368 liber
1190 4318 1235 4386 qui
1260 4318 1384 4371 inscribilt

365 4380 470 4443 System
490 4381 536 4431 der
555 4383 687 4434 stoisrlten
706 4385 891 4453 Pltilosoplrir:
911 4386 995 4457 (Lips.
1016 4391 1094 4439 1'176.
1113 4386 1157 4442 lll.
1178 4388 1248 4442 Voll·
1268 4390 1308 4457 8.)
1328 4391 1361 4443 T.
1371 4388 1384 4441 l?

363 4447 429 4529 Cap.
448 4454 473 4502 l.
494 4457 651 4520 ,su-164..
670 4454 715 4505 ubi
735 4455 855 4508 universe
875 4457 908 4509 de
928 4457 1047 4510 doctrina
1065 4457 1218 4511 Stoicorum
1240 4461 1273 4513 de
1294 4462 1384 4514 morib·

363 4520 524 4589 disputatur:
543 4525 575 4578 de
595 4524 738 4579 Parudoaie
754 4527 782 4579 iu
802 4528 895 4598 primis
911 4529 947 4582 ib.
966 4550 993 4599 p.
1012 4532 1164 4585 tat-too.
1182 4531 1244 4587 coll.
1265 4552 1292 4603 p.
1307 4537 1369 4588 22⁰.
