3517 5450
602 744 798 794 rtmnoxon
823 747 864 793 vt.
896 747 965 796 cir.
990 749 1011 794 ι.
1257 727 1332 803 269

346 910 426 976 Quae
444 911 486 956 est
506 903 562 956 isto
581 906 627 972 —]
673 903 737 970 „Est
756 904 821 958 baec
839 909 1019 977 apostrophe,
1044 907 1061 960 i.
1082 927 1105 960 e.
1131 907 1244 961 intentio
1272 930 1333 965 ora-

281 991 355 1046 tionis
374 992 501 1045 adversus
520 990 636 1063 aliquem
658 1003 787 1063 tanquam
809 1004 984 1064 praesentem.
1029 993 1169 1066 Significat
1188 1008 1277 1050 autem
1306 1001 1333 1053 in

280 1092 331 1135 toto
353 1079 406 1134 boc
425 1079 522 1133 Parad.
539 1080 577 1133 M.
597 1079 723 1135 Crassum
742 1081 873 1148 Divitem,
893 1101 969 1146 eum,
994 1082 1040 1154 qni
1059 1094 1151 1153 postea
1176 1103 1238 1138 cum
1267 1089 1335 1140 Cae·

280 1190 332 1224 sare
351 1180 379 1223 et
395 1168 528 1240 Pompeio
553 1169 679 1241 princeps
700 1172 739 1223 rei
765 1170 888 1241 publicae
907 1171 968 1224 tuit:
994 1172 1111 1244 denique
1129 1193 1192 1228 cum
1218 1177 1333 1231 exercitu

279 1257 416 1312 aPartbis
433 1275 525 1311 caesus
543 1259 609 1312 est-‘⁴
628 1259 734 1328 Wytt.
782 1259 870 1311 Verba
890 1269 930 1311 est
957 1258 1012 1311 isto
1030 1261 1126 1315 desunt
1144 1261 1172 1315 in
1197 1261 1268 1317 Gud.
1286 1265 1332 1326 B.;

278 1347 306 1401 iis
323 1345 434 1400 additur
452 1356 509 1397 tam
526 1344 555 1399 in
574 1345 692 1400 (11141.
741 1344 772 1399 ln
791 1346 870 1400 Drsd.
889 1351 916 1401 4.
942 1358 980 1401 est
996 1349 1064 1400 enim
1084 1368 1133 1421 pro
1150 1350 1187 1406 in.
1233 1349 1283 1402 Ox.
1301 1350 1333 1405 E.

278 1445 335 1507 post
355 1445 408 1486 tna
427 1433 505 1488 babet
525 1434 639 1505 glossam
657 1439 698 1492 M.
719 1439 822 1488 Crasse.
871 1435 902 1488 ln
921 1437 980 1489 Cra.
999 1440 1024 1490 1.
1052 1447 1090 1490 est
1108 1439 1258 1491 assentatio
1283 1458 1333 1511 pro

277 1523 444 1584 ostentatiot
470 1532 527 1576 tum
547 1522 574 1575 in
593 1523 642 1576 Ed.
661 1543 719 1595 prc.
738 1527 817 1578 1461.
841 1534 879 1576 est
897 1524 972 1576 solas
990 1534 1074 1576 tune
1093 1523 1187 1578 diaes?
1214 1524 1333 1598 itemque

277 1611 304 1664 in
321 1609 393 1663 aad.
413 1609 573 1665 tantast.
593 1613 674 1664 1112.
694 1610 780 1682 Lugd.
816 1610 875 1664 Mr.

345 1715 464 1769 insolens
487 1717 645 1783 ostentatio]
690 1714 827 1780 „Insolens
856 1732 911 1767 non
942 1726 1045 1770 tantum
1082 1729 1120 1772 est
1147 1721 1278 1792 superbus
1307 1732 1332 1775 et

276 1803 321 1875 qui
345 1803 405 1858 aliis
428 1821 477 1876 per
501 1803 685 1876 arrogantiam
709 1802 831 1868 insultet,
858 1802 902 1856 sed
930 1805 1056 1875 proprie,
1086 1806 1132 1876 qui
1157 1827 1213 1860 non
1240 1809 1333 1864 solitus

275 1903 312 1946 est
330 1891 403 1945 dives
421 1911 491 1959 esse,
511 1892 556 1964 qui
577 1892 699 1946 nondum
718 1903 837 1946 assuetus
854 1901 894 1945 est
911 1891 1018 1946 divitiis:
1045 1891 1149 1948 Graece
1167 1893 1331 1960 minionem,

275 1979 384 2052 qualem
402 2000 430 2034 se
447 1981 557 2052 gerebat
575 1979 694 2048 Crassus,
715 1999 879 2052 quamquam
900 1989 957 2033 erat
975 1977 1193 2042 naiasinlouroc.
1230 1984 1276 2040 stc
1294 1998 1332 2041 est

275 2069 345 2140 apud
363 2067 420 2122 Cic.
437 2069 471 2122 de
489 2067 538 2123 Or.
555 2069 600 2137 lll,
620 2072 677 2125 ets
697 2068 745 2121 sed
755 2068 849 2139 fnisse
866 2068 1023 2121 insolentem
1049 2070 1077 2121 in
1094 2072 1218 2139 pecnnia.
1265 2073 1330 2127 Hor.

275 2156 394 2211 Carmm.
414 2157 445 2222 ll,
464 2161 489 2222 3,
509 2161 524 2211 1
545 2179 603 2230 sqq.
621 2186 657 2198 -
677 2165 805 2208 memento
825 2184 857 2197 -·
875 2173 983 2207 servare
1002 2167 1113 2208 mentem
1131 2186 1166 2197 -
1185 2158 1220 2211 ab
1238 2159 1249 2210 i
1256 2180 1332 2214 nso·
1365 2160 1368 2165 ’

275 2246 366 2298 lenti
384 2257 559 2316 temperatam
577 2246 713 2300 laetitio.“
731 2244 836 2316 wyn.
879 2242 1009 2296 Similiter
1035 2244 1239 2299 Doederleinius
1264 2247 1330 2317 (La-

275 2334 335 2387 tein.
357 2332 462 2406 Synon.
482 2354 509 2387 u.
528 2333 645 2406 Etymol.
663 2333 683 2385 l.
710 2353 736 2404 p.
754 2333 830 2398 117.)
849 2330 904 2383 duo
924 2330 1051 2385 vocabula
1070 2332 1159 2386 statuit
1181 2352 1236 2387 esse
1261 2329 1329 2396 ipsi-

274 2441 342 2483 rnpa
363 2422 492 2486 insolens,
518 2440 633 2493 quorum
652 2421 766 2475 alterum
785 2419 818 2471 sit
843 2419 1031 2473 ducenduma
1055 2423 1156 2488 solere,
1182 2422 1329 2476 alterumn

274 2510 365 2562 salire.
402 2508 455 2562 Sed
476 2509 534 2562 vide
556 2529 623 2581 qnae
651 2520 744 2563 contra
770 2518 862 2561 monet
889 2506 919 2562 L.
945 2527 967 2560 ι.
987 2505 1049 2574 Ian,
1076 2509 1103 2561 in
1128 2508 1245 2564 Ztscb'rll
1263 2512 1282 2564 l.
1301 2512 1327 2565 d.

274 2596 581 2653 Attenh.Wiss.184tt.
600 2601 643 2653 92.
680 2597 739 2649 Mr.

343 2729 400 2777 Pro
417 2723 455 2775 dii
472 2719 664 2790 immortalesl]
694 2720 827 2777 Set-ibitur
848 2721 919 2791 prob
937 2720 966 2775 in
989 2719 1075 2776 codd.
1101 2723 1158 2777 Cra.
1180 2727 1205 2776 2.
1231 2722 1327 2793 (procli

271 2824 299 2867 nt
318 2814 348 2866 in
368 2811 471 2884 aliquot
489 2811 556 2865 Edd.
573 2810 703 2883 scriptum
722 2809 774 2880 est)
792 2810 871 2864 Drsd.
885 2813 910 2863 1.
930 2815 954 2864 2.
973 2813 998 2865 3.
1017 2814 1043 2864 4.
1070 2822 1095 2864 et
1113 2811 1142 2865 in
1161 2810 1230 2866 Edd.
1256 2810 1328 2865 mul·

271 2902 310 2955 tis.
347 2900 434 2954 Hodie
463 2898 585 2972 plerique
609 2900 688 2954 etiam
715 2900 785 2954 banc
816 2898 1031 2953 interiectionem
1056 2899 1178 2952 scribunt
1203 2918 1268 2969 pro,
1297 2921 1326 2953 er

271 2999 417 3060 praecepto
442 2988 571 3042 Prisciani
598 2988 660 3041 lnst.
685 2987 807 3041 Gramm.
826 2986 858 3053 ll,
878 2993 903 3043 2.
923 3007 949 3059 p·
970 2990 1013 3041 6⁰.
1038 2986 1087 3041 Ed.
1107 2986 1214 3042 Krebl.=
1246 2992 1281 3040 In
1299 2990 1327 3056 li,

271 3095 342 3148 qnae
361 3086 402 3128 est
420 3086 486 3129 nota
503 3076 695 3146 aspirationis,
714 3096 767 3129 non
780 3086 872 3146 potest
891 3076 1032 3150 terminari
1049 3075 1166 3146 syllaba.
1202 3075 1256 3129 Sea
1275 3077 1326 3134 rid.

270 3163 454 3218 Forcellinum
482 3163 530 3219 Ed.
557 3163 649 3217 Germ.
673 3164 706 3218 T.
732 3163 777 3219 lll.
807 3184 832 3236 p.
852 3167 914 3219 494.
943 3161 974 3216 C.
1001 3161 1108 3216 Cellarii
1134 3163 1167 3216 de
1195 3162 1325 3237 Ortbogr.

269 3255 327 3307 Lat.
347 3252 444 3306 librum
463 3251 497 3305 T.
515 3251 534 3305 l.
554 3272 581 3323 p.
600 3255 662 3308 324.
683 3251 719 3307 G.
737 3254 768 3307 F.
788 3251 947 3306 Grotefend.
965 3250 1006 3319 (in
1026 3250 1148 3304 Gramm.
1167 3250 1224 3305 Lat.
1236 3251 1269 3306 T.
1277 3251 1324 3322 ll.)

268 3341 326 3393 Lat.
353 3338 483 3411 Ortbogr.
507 3337 532 3409 fi.
552 3342 614 3395 135.
638 3339 735 3410 Reisig.
762 3338 818 3392 Lat.
844 3336 1015 3407 Spracbwiss.
1038 3335 1063 3407 fi.
1082 3341 1143 3392 161.
1161 3358 1189 3409 p.
1209 3342 1270 3393 269.
1290 3369 1324 3378 -

269 3427 355 3496 Quod
374 3426 409 3481 ait
427 3426 486 3480 Atd.
505 3426 579 3481 Man.
598 3437 659 3497 post
676 3426 749 3477 dives
772 3423 826 3496 legi
846 3423 910 3477 alias
929 3422 1035 3495 qaid?
1056 3441 1106 3491 pro
1125 3424 1163 3474 dii
1185 3424 1271 3489 imm,
1298 3425 1324 3477 id

269 3518 298 3569 in
317 3514 394 3569 nullo
413 3534 463 3587 ego
481 3514 550 3568 libro
567 3515 664 3586 reperi,
683 3532 771 3585 neque
789 3512 900 3583 scripto,
920 3529 1008 3581 neque
1027 3510 1105 3563 edito.
1142 3509 1216 3564 Esset
1234 3522 1324 3564 ortum

269 3624 299 3656 es
320 3602 464 3658 oculorum
481 3602 651 3656 aberratione
669 3602 696 3654 in
716 3601 814 3655 lineam
833 3599 977 3654 secundam
995 3596 1150 3670 posthanc,
1170 3609 1228 3669 post
1244 3600 1323 3654 verba
1351 3648 1355 3655 .

267 3691 377 3744 solusne
396 3690 478 3744 diaes.
515 3687 588 3743 Idem
608 3709 685 3743 error
702 3688 807 3761 peperit
824 3688 994 3743 omissionem
1014 3686 1158 3740 verborum
1176 3690 1231 3739 Pro
1239 3686 1277 3738 dii
1288 3716 1323 3728 -

267 3778 377 3829 solusne
396 3776 469 3829 dives
488 3776 515 3829 in
536 3776 621 3830 codd.
640 3776 705 3830 Οιι.
725 3798 750 3846 η.
770 3793 792 3829 σ.
810 3793 840 3840 ψ.
863 3774 923 3829 Cre.
942 3777 967 3827 1.
1002 3773 1062 3827 Mr.

341 3910 399 3951 tom
417 3900 534 3953 insolens
562 3900 741 3969 ostentatioi]
780 3900 907 3968 „Solent‚
934 3901 980 3972 qui
1008 3901 1101 3954 divites
1124 3911 1187 3954 sunt
1212 3910 1237 3953 et
1261 3900 1322 3971 glo-

268 3986 344 4053 riosi,
370 3986 471 4041 divitias
498 4007 558 4041 suas
576 3999 716 4043 ostentare.
763 3988 942 4043 Memorabile
965 4000 1004 4044 est
1029 3989 1094 4043 illud
1125 3990 1225 4043 Valerii
1252 3988 1322 4043 Max.

266 4075 296 4128 1..
315 4075 361 4128 lV.
380 4075 416 4142 [4,
436 4077 473 4143 1.]
494 4076 527 4129 de
546 4088 714 4148 paupertate:
745 4078 883 4142 Cornelia,
900 4076 1002 4148 inquit,
1029 4080 1209 4131 Gracchorum
1227 4087 1321 4141 mater,

267 4181 328 4215 cam
348 4166 486 4231 Campana
511 4175 649 4229 matrona,
675 4166 750 4234 opud
766 4165 841 4217 iilam
860 4166 984 4234 hospita,
1012 4176 1171 4218 ornamento
1188 4182 1239 4217 sua
1254 4164 1320 4232 pnl-

266 4250 399 4303 cherrima
417 4250 502 4301 secuti
517 4252 593 4305 illins
612 4254 775 4312 ostenderet,
801 4253 889 4306 traxit
914 4270 972 4303 eom
990 4271 1121 4319 sermone,
1149 4268 1319 4323 quousquee

264 4339 360 4393 schola
388 4337 507 4390 redirent
534 4338 625 4392 liberi:
659 4351 687 4393 et
716 4342 798 4398 boec,
836 4340 942 4411 inquit,
974 4349 1131 4392 ornamenta
1157 4355 1215 4389 mea
1243 4348 1317 4393 sunt.

265 4428 362 4480 Omnia
380 4427 506 4478 nimirum
524 4427 622 4491 babet,
640 4438 670 4482 ut
687 4428 758 4481 idem
777 4425 877 4480 ibidem
895 4426 974 4493 dicit,
995 4426 1043 4500 qni
1059 4424 1130 4478 nitit
1147 4423 1318 4492 concupiscit,

263 4534 294 4567 eo
313 4515 422 4587 quidem
441 4515 556 4583 certius,
584 4534 664 4590 qnam
684 4518 730 4590 qni
748 4524 846 4568 annoto
862 4515 997 4584 possidet,
1024 4512 1088 4585 qnia
1113 4510 1257 4564 dontininm
1275 4530 1318 4563 re·
