3517 5450
358 728 449 773 xxxn
524 726 761 773 PRCLECOHENA
788 728 829 772 ΔΙ)
858 726 1027 772 CICERONIS
1054 729 1239 777 Paatuoxs.

358 889 479 959 quidem,
496 908 568 960 ¹quae
587 887 786 959 disputaverunt
804 886 979 942 Gernbardus
997 902 1023 943 et
1042 891 1286 962 Morgensternius,
1311 892 1343 943 ad
1365 911 1408 944 re-

358 977 479 1042 ritatem,
498 989 627 1048 quantum
648 976 705 1029 steri
723 987 822 1048 potest,
842 978 962 1048 proxime
980 979 1108 1033 accedere
1126 978 1294 1048 videntur*).

429 1064 620 1136 progredimur
639 1064 672 1116 ad
692 1064 843 1127 consilinm,
872 1084 927 1136 quo
947 1077 1035 1120 motus
1058 1066 1155 1121 Cicero
1185 1067 1259 1121 hunc
1291 1067 1410 1120 libellum

361 1153 495 1222 scripsisse
513 1152 700 1206 existimandus
719 1152 758 1205 sit.
794 1151 996 1225 Hieronymi
1018 1156 1143 1209 Wolsii
1172 1158 1331 1210 sententiam
1358 1157 1410 1210 iam

357 1242 453 1313 partim
472 1262 486 1293 a
506 1241 720 1312 Morgensternio
740 1260 794 1292 non
808 1253 860 1293 tam
883 1241 1033 1309 refutatam,
1052 1263 1132 1314 quam
1151 1244 1277 1298 reiectam
1291 1245 1413 1297 vidimus.

357 1331 514 1384 Accuratius
533 1331 647 1401 exposita
666 1330 704 1382 sic
722 1328 813 1382 habet:
832 1329 968 1394 „Volebat
984 1333 1099 1400 primum
1120 1332 1266 1386 consectari
1279 1332 1413 1404 eloquen-

357 1421 407 1472 tiae
426 1419 531 1471 laudem
552 1419 578 1470 in
598 1438 626 1470 re
645 1438 660 1470 a
680 1417 779 1470 forensi
799 1436 847 1470 usu
867 1418 970 1484 aliena3
990 1420 1083 1470 deinde
1103 1421 1201 1473 docere
1221 1420 1335 1484 volebat,
1354 1421 1411 1472 sor-

358 1518 437 1560 tunae
454 1526 566 1559 munera
585 1526 641 1559 uon
660 1506 772 1558 nimium
792 1527 845 1560 esse
865 1507 1036 1572 admiranda;
1061 1519 1119 1558 tum
1145 1507 1337 1562 commendare
1356 1519 1414 1562 stu·

357 1595 435 1647 debat
453 1615 480 1646 se
499 1613 612 1665 suasque
631 1614 673 1647 res
691 1615 742 1666 pro
767 1616 795 1648 re
815 1596 921 1667 publica
940 1610 1040 1668 gestas3
1065 1607 1206 1665 praetereo
1230 1596 1365 1649 consolari
1384 1617 1413 1651 se

357 1682 443 1753 ipsum
463 1682 586 1752 cupiebat
605 1693 630 1734 et
649 1682 754 1735 munire
773 1684 896 1737 adversus
913 1685 1074 1738 calamitates
1100 1697 1126 1737 et
1153 1685 1342 1739 insectationes
1360 1686 1414 1738 ini-

357 1772 502 1834 micorum;
522 1790 626 1822 armare
645 1771 757 1841 denique
776 1771 889 1824 Brutum
913 1772 946 1824 ad
966 1773 1086 1825 Caesaris
1104 1773 1228 1841 caedem,
1258 1793 1341 1844 quem
1369 1784 1414 1845 ty-

358 1879 473 1912 rannum
498 1880 576 1931 saepe
599 1871 690 1925 vocat,
717 1860 852 1929 proposita
875 1859 1019 1913 honestatis
1048 1873 1074 1914 et
1102 1860 1202 1915 virtutis
1227 1860 1414 1914 excellentia.“

360 1949 407 2000 Vis
427 1951 538 2019 opinor,
565 1948 627 2012 erit,
656 1948 701 2018 qui
721 1947 787 2001 haec
811 1948 902 2000 omnia
922 1946 1047 2002 Ciceroni
1066 1949 1147 2001 luisse
1165 1949 1303 2019 proposita
1325 1948 1416 2001 existi·

358 2049 426 2104 met,
446 2038 555 2090 minime
573 2057 636 2089 vero
655 2036 696 2102 id,
725 2035 799 2106 quod
817 2036 912 2088 ultimo
941 2035 1001 2089 loco
1026 2036 1120 2107 posuit.
1165 2034 1258 2087 Unum
1286 2034 1339 2087 hoc
1362 2035 1415 2086 sibi

356 2126 515 2180 Ciceronem
536 2125 656 2177 habuisse
673 2125 840 2196 propositum
859 2125 895 2178 ait
924 2127 1052 2196 Xystus
1079 2123 1281 2188 Betuleius,
1312 2133 1341 2175 ut
1368 2122 1416 2174 in-

357 2215 427 2285 genii
457 2215 544 2268 lusum
573 2213 720 2278 exhiberet,
746 2232 796 2265 nec
823 2232 901 2277 vero,
928 2223 955 2265 ut
980 2231 1142 2286 quemquam
1168 2211 1294 2275 doceret,
1325 2228 1417 2281 quun·

356 2303 412 2373 ipse
431 2303 463 2354 ab
484 2301 706 2354 Academicorum
726 2302 844 2371 partibus
862 2301 969 2353 steterit.
1006 2301 1040 2354 tlt
1060 2300 1118 2371 quis
1137 2299 1228 2363 nescit,
1248 2297 1417 2351 Ciceronem

357 2409 497 2461 nunquam
523 2389 558 2440 ita
577 2388 656 2459 plane
681 2408 696 2441 a
719 2388 871 2443 Stoicorum
898 2388 1019 2441 doctrina
1043 2388 1221 2447 abhorruisse.
1258 2398 1288 2439 ut
1314 2404 1417 2439 eorum

358 2489 499 2549 praecepta
518 2489 656 2547 sperneret
684 2489 812 2548 tanquam
839 2478 937 2548 inepta.
990 2477 1164 2547 Quamquam
1190 2475 1262 2526 enim
1290 2494 1320 2526 ea
1345 2474 1417 2527 locis

358 2587 437 2638 supra
456 2567 540 2620 allatis
558 2569 622 2637 (pro
641 2565 756 2618 Murena
776 2585 799 2618 c.
810 2569 843 2619 29
856 2586 895 2637 sq.
916 2567 948 2618 de
967 2566 1046 2617 Finn.
1062 2565 1107 2630 lV,
1127 2565 1186 2630 21.)
1205 2561 1318 2614 irridere
1337 2561 1417 2613 vide-

357 2668 400 2708 tur
423 2655 510 2727 (quod
536 2654 608 2706 dedit
632 2654 753 2724 opinioni
783 2653 937 2727 populari);
973 2665 1075 2705 certum
1101 2662 1189 2704 tamen
1217 2662 1267 2714 est,
1299 2668 1363 2702 eum
1381 2649 1417 2700 in

357 2745 477 2798 doctrina
504 2744 536 2796 de
563 2742 683 2794 moribus
709 2741 814 2795 Stoicos
838 2743 1002 2813 potissimum
1032 2761 1087 2793 esse
1112 2751 1248 2805 secutum,
1276 2750 1302 2791 et
1326 2739 1417 2810 magi=

358 2832 435 2885 etiam
457 2831 643 2903 progrediente
662 2841 745 2883 aetate
772 2830 804 2882 ad
824 2849 916 2883 eorum
938 2830 970 2882 de
996 2829 1104 2882 honesto
1128 2826 1287 2880 seutentiam
1314 2845 1342 2877 se
1362 2845 1417 2894 ap-

358 2921 486 2989 plicuisse.
522 2917 553 2971 In
574 2918 703 2971 Oratione
721 2936 771 2989 pro
789 2918 904 2971 Murena
922 2918 988 2970 illud
1007 2935 1115 2988 quoque
1134 2914 1398 2969 animadvertendum

358 3008 429 3079 quod
449 3026 533 3078 quum
554 3006 696 3059 Murenam
715 3006 810 3060 Cicero
837 3008 992 3060 defenderet
1016 3017 1109 3059 contra
1138 3015 1320 3058 accusatorem
1346 3003 1417 3057 Ser-

356 3099 426 3148 rium
447 3095 611 3166 Sulpicium,
630 3096 658 3147 in
677 3096 752 3148 cuius
770 3097 945 3150 accusationis
964 3094 1186 3165 subscriptoribus
1202 3102 1259 3145 erat
1277 3089 1360 3155 Cato,
1380 3108 1417 3143 ea

357 3188 412 3254 ipsa
433 3203 475 3235 res
493 3184 617 3236 Ciceroni
637 3202 729 3236 ansam
743 3184 815 3238 dedit
833 3184 1068 3254 reprehendendae
1087 3180 1266 3251 philosophiae
1294 3180 1414 3233 Stoicae

359 3290 439 3343 quam
460 3270 634 3339 profitebatur
653 3271 734 3337 Cato,
761 3274 806 3343 qui
830 3273 857 3324 in
882 3272 1105 3341 subscriptoribus
1131 3282 1200 3323 erat:
1234 3288 1411 3340 quamquan·

356 3373 386 3414 ut
404 3362 440 3413 ait
462 3360 589 3413 Ernestus
607 3360 633 3412 in
654 3360 727 3414 istius
745 3361 883 3414 Orationis
901 3373 1074 3432 argumento,
1101 3360 1174 3413 molli
1196 3357 1326 3412 Catonem
1345 3358 1417 3409 arti-

356 3450 418 3503 culo
437 3450 565 3501 tractabat
584 3446 739 3518 Cicer0*·).
783 3449 835 3504 Sed
864 3462 981 3503 nostram
1009 3450 1086 3518 plane
1112 3448 1223 3501 iacimus
1249 3447 1417 3515 Morgen-

356 3567 361 3574 ι
372 3565 564 3576 ——a——nnn

430 3650 457 3719 *)
476 3649 553 3702 Addo
578 3648 706 3701 iudicium
733 3645 844 3713 Oreliii,
867 3650 900 3700 V.
920 3648 978 3714 Cl.,
1008 3668 1036 3700 ex
1065 3648 1237 3701 annotatione
1261 3646 1294 3697 ad
1312 3645 1412 3697 Fraus:

356 3722 472 3775 Fabricii
492 3720 682 3773 Marcodurani
702 3720 765 3772 Hist.
786 3719 924 3772 Ciceronis
945 3740 992 3788 per
1002 3720 1130 3773 Consules
1140 3719 1307 3786 descriptam,
1328 3731 1417 3788 quam

356 3793 439 3846 edidit
457 3794 484 3848 in
505 3792 644 3845 Onomast.
662 3791 787 3844 Tulliano
804 3792 835 3844 P.
855 3791 874 3844 l.
896 3811 919 3859 p.
938 3796 984 3845 88:
1009 3792 1071 3857 „Ad
1090 3811 1191 3845 annum
1210 3811 1233 3842 a.
1252 3790 1285 3841 U.
1306 3809 1328 3841 c.
1348 3792 1417 3842 tor.

356 3876 417 3918 ante
436 3864 555 3917 auditum
574 3862 684 3916 Catonis
700 3874 813 3916 mortem
834 3862 871 3913 vel
891 3864 923 3915 ad
943 3863 1145 3932 praecedentem
1162 3863 1283 3914 releruut
1299 3858 1417 3913 Cicero⁶

358 3939 397 3989 nis
414 3933 570 3988 Paradoxb.
588 3964 622 3972 —-
659 3934 710 3987 Res
728 3947 815 3988 tamen
837 3953 943 4002 prorsus
962 3935 1080 4003 incerta,
1109 3954 1170 3988 cum
1190 3932 1254 3985 nihil
1273 3931 1417 4000 impediat,

357 4025 410 4081 quo
437 4008 524 4060 miuus
551 4006 640 4076 paullo
666 4017 728 4059 ante
756 4005 844 4058 Crassi
876 4006 1012 4058 interitum
1040 4010 1075 4072 (a.
1094 4006 1129 4059 U.
1149 4026 1171 4059 c.
1190 4010 1252 4058 700.
1286 4002 1417 4071 Capitol.)

355 4079 435 4135 scribi
460 4080 593 4147 potuerint
620 4078 680 4130 illae
703 4077 968 4131 declamatiunculae.
1006 4076 1086 4132 Cous.
1114 4076 1266 4130 Fabricium
1293 4076 1363 4128 infra
1382 4076 1417 4126 ir]

357 4154 388 4207 Α.
409 4154 492 4206 'tots‘
542 4152 610 4203 .98.
822 4178 826 4184 «

409 4223 451 4291 **)
472 4151 538 4274 Brlri
544 4150 670 4274 eteius
688 4221 716 4272 in
736 4219 800 4271 Hist.
821 4218 888 4273 Crit.
907 4219 1091 4288 Philosophiae
1108 4220 1141 4271 T.
1159 4218 1191 4271 II.
1213 4238 1238 4287 p.
1255 4222 1305 4271 45:
1331 4217 1412 4271 Cice·

358 4314 451 4349 ronem
471 4294 507 4347 ait
525 4291 657 4359 scripsisse
676 4291 810 4343 Paradosa
838 4290 922 4360 magis
940 4291 1107 4363 eloquentiae
1132 4289 1303 4343 ostentandae
1329 4308 1414 4361 quam

359 4366 497 4419 erudiendi
517 4362 623 4417 lectoris
642 4382 727 4415 causa.
772 4362 833 4414 Non
858 4362 1003 4415 admodum
1023 4361 1132 4416 discedit
1154 4363 1187 4415 ab
1211 4361 1261 4413 bac
1281 4362 1413 4415 sententia

359 4440 388 4490 C.
406 4437 521 4489 Beieri
541 4434 671 4488 iudicium
690 4435 717 4485 in
738 4432 858 4486 Censura
877 4434 937 4486 libri
957 4434 989 4485 de
1010 4434 1146 4487 Ciceronis
1164 4435 1191 4486 in
1218 4430 1411 4501 philosophiam

358 4509 458 4561 meritis
478 4508 568 4577 scripti
587 4526 601 4558 a
621 4505 651 4557 R.
670 4499 852 4572 Kilhnero,
880 4517 1005 4575 quaeest
1030 4506 1058 4557 in
1084 4503 1166 4559 labnii
1187 4503 1295 4559 Annali.
1320 4505 1412 4559 Philo-
