3517 5450
457 683 504 756 72
806 706 977 752 rinsooxs
1007 705 1202 753 srorcnnnn.

458 866 633 921 scenicorum
653 863 713 916 vot.
731 863 751 916 Ι.
776 883 802 934 p.
822 866 882 918 161.
921 864 996 918 Adde
1021 863 1060 916 his
1084 865 1121 917 lo.
1138 863 1249 916 Meursii
1277 834 1384 915 tibrum
1411 863 1505 916 rarissi-

460 975 548 1008 mum:
575 951 690 1006 Criticus
715 952 886 1005 Arnobianus
911 963 937 1006 et
955 952 1144 1024 Hypocritious
1167 950 1338 1004 Minutianus
1363 949 1505 1019 (Lugdss.

460 1046 538 1098 1598.
557 1041 595 1108 8.)
614 1061 640 1111 p.
658 1043 725 1105 ²623
744 1050 768 1092 et
784 1040 822 1092 lo.
843 1039 952 1094 Gruter.
971 1041 1003 1094 ad
1024 1040 1109 1093 Plauti
1130 1038 1220 1092 Casio.
1240 1037 1273 1103 ΙΙ,
1293 1041 1320 1092 6.
1340 1039 1384 1090 36.
1410 1056 1437 1107 p.
1455 1039 1505 1089 351.

460 1131 508 1184 Ed.
526 1130 550 1182 T
552 1129 697 1181 aubmann.
712 1127 743 1180 ad
764 1146 881 1179 versum:
900 1128 992 1194 Credo,
1009 1128 1103 1183 hercle,
1122 1127 1198 1178 bodie
1216 1123 1405 1177 devotabit
1422 1127 1502 1175 sortis

459 1219 483 1270 si
502 1216 635 1287 attigerit.
671 1215 759 1267 Restat
776 1226 805 1267 nt
820 1213 903 1267 iibros
920 1215 1025 1281 addam,
1045 1215 1092 1286 qui
1111 1215 1223 1284 probam
1239 1213 1339 1266 hubent
1356 1212 1505 1266 lectionem:

460 1305 525 1358 On.
553 1306 573 1357 Ι.
597 1303 631 1356 Ν.
650 1324 674 1370 η.
693 1321 715 1356 o.
736 1320 765 1365 ψ,
793 1300 854 1371 (sed
878 1302 905 1354 in
932 1299 1001 1355 Cod.
1021 1301 1040 1356 1.
1066 1301 1147 1354 literis
1170 1313 1202 1351 to
1228 1311 1328 1372 puncta
1351 1297 1505 1368 subscripta)

459 1391 554 1453 Duisb.
572 1390 631 1443 Bas.
650 1389 729 1443 Drsd.
751 1393 776 1441 1.
796 1393 822 1440 ².
839 1388 908 1440 Edd.
929 1408 984 1458 prc.
1003 1389 1088 1459 Leng.
1102 1400 1128 1441 et
1146 1387 1209 1440 inde
1224 1387 1332 1442 aGret.
1352 1406 1456 1450 ornnes,
1469 1406 1506 1438 es·

459 1480 542 1551 ceptis
566 1479 670 1533 duabus
687 1476 839 1530 Facciolati.
888 1476 1003 1547 vestigia
1028 1475 1084 1528 eius
1106 1474 1257 1547 scriptionis
1281 1473 1391 1527 suntin
1412 1471 1468 1526 Cn„
1485 1477 1504 1524 1.

461 1578 485 1620 et
504 1567 584 1619 Drsd.
602 1571 629 1620 6.
648 1566 745 1617 devota
764 1565 831 1626 vis,
850 1574 876 1616 et
894 1563 973 1617 Drsd.
991 1568 1019 1616 4.
1035 1562 1108 1615 Gud.
1126 1562 1159 1616 Β.
1179 1563 1356 1614 denotavit.
1377 1560 1440 1613 Mr.

532 1663 636 1725 utque
656 1651 766 1703 immisit
785 1651 812 1703 in
832 1662 955 1704 armatos
974 1653 1092 1703 hortium
1112 1650 1213 1720 copiae]
1232 1651 1270 1700 Bt
1283 1649 1357 1700 misit
1375 1647 1455 1721 habet
1463 1645 1503 1700 01.

461 1740 495 1793 U.
531 1743 580 1792 Ao
597 1741 706 1791 immisit
724 1738 823 1792 multae
840 1739 911 1793 Edd.
930 1748 990 1793 vett.
1010 1751 1103 1794 contra
1123 1756 1227 1791 morem
1247 1735 1322 1801 cic.;
1350 1736 1503 1808 immisitque

462 1839 577 1899 quatuor
595 1826 656 1880 Atti
676 1827 749 1880 Man.
769 1828 847 1881 Drsd.
866 1832 892 1883 1.
912 1833 935 1880 2.
953 1832 979 1882 3.
1000 1833 1025 1882 6.
1044 1828 1103 1881 Bas.
1123 1826 1174 1879 Ox.
1193 1829 1231 1892 t,
1262 1835 1294 1877 et
1313 1825 1424 1876 immisit
1443 1821 1503 1876 Gut.

461 1917 492 1969 B.
511 1915 577 1969 Oxx.
597 1916 627 1969 E.
652 1916 731 1969 Drsd.
749 1920 774 1970 4.
803 1915 909 1968 Suerin.
937 1927 1053 1988 quatuor
1072 1914 1132 1968 ΑΜ.
1160 1915 1233 1967 abest
1259 1911 1358 1983 copula
1387 1931 1403 1963 a
1429 1909 1502 1963 Codd.

460 2003 525 2056 On.
545 2024 568 2056 σ.
589 2021 618 2064 ψ.
639 2002 730 2056 Guels.
751 2002 808 2055 Cra.
828 2009 852 2055 2.
881 2004 939 2074 (sed
967 2004 1010 2058 hic
1035 2003 1114 2059 habet
1131 2003 1246 2070 invasit)
1270 1999 1342 2053 Gud.
1361 2000 1395 2052 Α.
1437 1998 1501 2051 Unus

461 2091 521 2143 Atti
540 2090 619 2143 habet
638 2092 772 2161 misitque.
804 2091 872 2143 Mira
892 2101 931 2145 est
947 2091 1100 2162 scriptionis
1127 2089 1250 2144 confusio
1274 2090 1302 2142 in
1324 2087 1385 2142 Cre.
1404 2092 1430 2142 t.
1452 2087 1501 2139 Pri-

461 2198 535 2231 mum
554 2179 657 2248 scripsit
674 2178 798 2232 librarius
816 2197 885 2248 quoe
896 2178 991 2245 filium
1009 2179 1172 2242 immisit,
1199 2179 1260 2248 qui
1278 2178 1438 2238 devovit,
1453 2177 1518 2226 tnm'

461 2265 530 2317 inter
548 2265 719 2318 scribendum
731 2265 859 2318 correxit:
878 2265 984 2317 devovit
1004 2286 1036 2316 oc
1047 2267 1165 2320 immisit.
1201 2264 1306 2317 Deinde
1318 2265 1408 2336 pergit
1424 2264 1501 2335 Quid

461 2350 635 2405 mut'uitas
662 2353 778 2404 bostium
803 2353 893 2422 copias
900 2372 910 2412 ‚·
936 2354 1054 2426 denique
1079 2353 1129 2407 alia
1148 2373 1244 2406 manus
1263 2350 1359 2406 delevit
1391 2352 1461 2423 Quid
1483 2362 1501 2403 et

462 2439 575 2492 correxit
591 2441 620 2491 in
639 2451 768 2494 armatos.
806 2439 883 2508 Quae
902 2460 964 2495 curn
983 2442 1017 2495 ita
1036 2443 1097 2507 sint,
1116 2442 1253 2495 advertere
1264 2461 1314 2494 nos
1332 2442 1423 2512 possit,
1440 2439 1500 2512 quod

462 2527 526 2579 dixit
543 2526 659 2599 Madvig.
678 2529 710 2581 ad
733 2527 789 2582 Cic.
809 2529 841 2581 de
859 2529 881 2581 F
883 2530 939 2582 inn.
960 2529 991 2597 ΙΙ,
1011 2534 1054 2597 19,
1073 2535 1116 2583 tit.
1136 2552 1162 2602 p.
1178 2534 1243 2584 251:
1273 2530 1320 2594 „in
1339 2529 1461 2581 Plautino
1482 2537 1501 2577 et

462 2615 581 2668 deciano
600 2635 675 2669 versu
694 2629 719 2670 et
738 2617 765 2669 in
785 2617 913 2687 asyndeto
942 2618 1062 2671 inaudito
1080 2619 1141 2672 satis
1159 2618 1297 2670 manifesta
1328 2616 1435 2687 vestigia
1453 2623 1501 2666 ssmt

463 2726 537 2758 verae
555 2705 717 2775 scripturae,
736 2726 816 2777 quam
835 2705 1048 2780 Oudendorpius
1072 2729 1086 2760 o
1109 2709 1183 2762 bono
1200 2705 1302 2759 Codice
1327 2704 1440 2776 protulit
1461 2703 1501 2751 de·

463 2805 543 2844 voto
563 2795 775 2847 vitaimmisit.
814 2795 846 2849 Et
867 2807 956 2849 tamen
975 2797 1134 2867 interpolata
1154 2798 1291 2867 putatur.“
1328 2792 1382 2845 Sed
1398 2812 1456 2846 curn
1469 2791 1500 2842 ni·

462 2878 499 2931 hii
518 2880 545 2932 in
563 2879 659 2933 scholis
676 2881 768 2934 dixerit
785 2882 819 2935 de
839 2904 868 2936 ea
888 2884 1002 2938 lectione
1020 2885 1122 2955 Wyn„
1148 2885 1270 2955 adeoque
1295 2882 1354 2933 fieri
1374 2871 1463 2953 possit,
1480 2889 1500 2929 ut

463 2968 590 3021 erraverit
606 2966 832 3040 Oudendorpius,
858 2990 909 3042 ego
928 2972 956 3023 in
976 2971 1090 3025 lectione
1116 2971 1282 3042 reliquorum
1309 2969 1441 3022 librorum
1465 2984 1500 3017 ac-

464 3054 656 3124 quiescendum
674 3055 824 3109 existimavi.
862 3058 912 3111 Or.
930 3070 1014 3131 atque
1030 3060 1137 3113 uncinis
1155 3057 1270 3111 inclusit
1308 3060 1355 3122 In,
1383 3057 1500 3130 quodse-

465 3143 571 3213 quitur,
591 3144 717 3196 omissum
736 3156 774 3197 est
794 3146 820 3196 in
841 3144 909 3197 Cod.
923 3141 1046 3213 Suerin.,
1066 3159 1125 3217 pnst
1144 3156 1266 3198 armatus
1278 3144 1392 3215 ponitur
1405 3140 1500 3197 inGud.

464 3229 494 3280 B.
514 3241 539 3282 et
556 3230 635 3284 Drsd.
653 3236 686 3296 43
704 3243 840 3284 armatos
859 3233 936 3289 habet
957 3236 1036 3289 Drsd.
1056 3240 1082 3289 6.
1125 3236 1166 3288 Ad
1196 3234 1276 3287 verba
1302 3233 1409 3286 confert
1433 3231 1500 3299 Borg.

409 3387 412 3393 ¹
465 3315 520 3371 Cic.
539 3340 589 3390 pro
607 3319 686 3373 Foot.
702 3324 750 3373 17:
770 3323 818 3393 pui
835 3341 862 3373 se
883 3335 1006 3376 armatus
1023 3342 1102 3393 saepe
1120 3325 1148 3374 iri
1167 3322 1284 3374 bostium
1303 3319 1501 3372 manum-im-

462 3407 565 3457 miserit
572 3426 582 3466 ‚·
602 3426 652 3477 pro
670 3408 729 3460 Mil.
749 3412 797 3462 28:
828 3422 858 3462 ut
877 3412 969 3463 ineos
986 3413 1123 3482 sepetius
1143 3411 1184 3461 mi
1192 3420 1306 3461 tteret
1313 3430 1323 3468 ‚·
1354 3408 1401 3460 nbi
1419 3406 1500 3459 rectius

464 3494 545 3547 edidit
564 3494 614 3548 Or.
632 3497 796 3549 immitteret.
833 3500 909 3552 Adde
927 3499 1047 3553 Gronov.
1067 3500 1100 3553 ad
1119 3498 1175 3551 Liv.
1194 3502 1220 3563 9,
1238 3501 1273 3551 4:
1300 3498 1341 3548 rei
1366 3498 1395 3547 in
1419 3494 1500 3546 msdiu

463 3601 502 3633 me
520 3584 708 3635 immittere
726 3586 816 3637 bostes
830 3599 949 3656 paratus
966 3608 1041 3651 sum,
1071 3588 1117 3640 ubi
1145 3589 1220 3659 prius
1247 3586 1378 3639 edebatur
1404 3585 1500 3638 mittem

463 3670 549 3722 Gron.
569 3682 657 3723 autern
678 3691 692 3723 e
711 3672 790 3725 MSS.
809 3677 939 3741 correxit,
959 3677 1078 3748 aliosque
1097 3675 1254 3739 Ciceronis,
1272 3673 1350 3739 Livii,
1369 3672 1453 3726 Curtii
1468 3669 1500 3721 lo-

464 3776 509 3809 cos
527 3757 659 3822 laudavit,
679 3779 729 3813 nec
747 3764 829 3816 nostri
849 3764 955 3817 oblitus.
974 3766 1033 3818 Mr.

534 3846 608 3912 Quid
625 3848 788 3899 θθηΐῖηθηὶἱᾶ
806 3856 833 3902 C·
852 3836 982 3923 Fabricii]
1004 3854 1090 3918 „Ptun
1118 3854 1144 3905 in
1163 3851 1285 3925 Pyrrho,
1315 3852 1403 3920 [2⁰.],
1429 3847 1501 3900 Valet·

465 3932 509 3984 tib.
529 3932 573 3983 lV.
594 3952 651 4003 cap.
672 3935 704 3988 de
722 3935 890 4009 Paupertate.
909 3940 978 3995 Gett.
998 3942 1044 3994 tib.
1058 3942 1078 3993 Ι.
1096 3960 1153 4013 cap.
1173 3944 1214 3994 14.
1234 3939 1372 3994 Ptin-tin
1392 3936 1500 3994 XXtht,

465 4021 528 4073 12.“
549 4020 620 4076 ΑΜ.
639 4022 723 4077 Man.
769 4029 949 4090 „Samnitium
975 4030 1061 4102 legati
1080 4030 1197 4100 eumad
1215 4033 1243 4080 0.
1260 4026 1416 4080 Fabricium
1432 4043 1500 4095 gran

464 4110 520 4160 dem
536 4111 676 4177 pecuniam
695 4112 763 4163 dono
781 4115 910 4184 offerrent
922 4131 1084 4191 orarentque
1103 4130 1133 4170 ut
1150 4119 1290 4187 occiperet,
1307 4127 1368 4169 tum
1378 4112 1501 4167 Fabricius

462 4198 560 4266 planus
578 4216 674 4251 munus
691 4199 725 4250 ab
744 4202 856 4256 curibus
875 4206 915 4255 od
930 4207 1022 4259 oeulos
1039 4218 1066 4256 et
1086 4208 1163 4277 insto
1181 4206 1304 4273 deinceps
1328 4204 1368 4254 ad
1389 4206 1501 4253 nurrset

463 4284 501 4333 nd
517 4304 545 4335 os
562 4294 589 4337 et
608 4287 645 4335 cd
663 4290 772 4357 gulam,
792 4302 875 4363 atque
902 4293 963 4345 inde
984 4314 1064 4363 porro
1089 4296 1126 4345 od
1143 4306 1261 4345 ventrem
1285 4293 1369 4343 imum
1398 4286 1501 4345 deduxit,

464 4372 612 4445 legatisque
631 4379 673 4428 ita
693 4380 844 4447 respondit:
865 4385 938 4433 Dum
956 4382 1011 4435 iltis
1030 4382 1150 4434 omuibus
1169 4381 1303 4444 membris,
1334 4399 1404 4451 quae
1423 4374 1501 4447 attigi

464 4463 589 4519 obsistere
607 4476 688 4537 atque
715 4468 842 4535 imperare
864 4481 974 4537 potero,
1004 4474 1069 4522 milri
1093 4489 1229 4543 nunquam
1255 4470 1400 4540 quicquum
1427 4465 1504 4517 deerit.
