3517 5450
685 758 879 808 nnnanoxou
909 763 951 810 vr.
983 763 1051 813 etr.
1069 767 1105 812 n.
1342 744 1413 819 291

363 920 489 992 Sylburg.
516 918 549 973 ad
573 930 655 974 nostr.
682 920 780 974 locum.
806 920 866 974 Frc.
886 920 1003 992 Sylvius,
1029 926 1075 996 qui
1101 925 1174 978 illam
1199 928 1414 983 emendationem

358 1029 415 1071 ⁴non
439 1021 566 1075 noverat,
586 1009 728 1064 lectionem
746 1013 887 1063 intercisas
906 1012 1054 1084 explicabat
1073 1015 1261 1088 „interpositas
1284 1030 1330 1071 aut
1348 1019 1416 1072 defi·

362 1099 465 1163 nitas“,
486 1097 613 1150 nimirum
634 1099 778 1169 pactiones.
799 1127 834 1138 -
869 1098 1051 1165 „desentirem
1077 1103 1224 1169 Lambino,
1249 1105 1270 1158 si
1288 1107 1415 1160 interces-

362 1204 407 1237 sus
427 1184 480 1255 legi
507 1195 588 1257 atque
611 1186 638 1237 in
665 1185 714 1239 hac
740 1185 849 1239 notione
874 1189 987 1258 reperiri
1012 1201 1154 1246 constaret.
1197 1192 1288 1264 ltaque
1315 1197 1414 1268 recepi,

363 1293 423 1327 cum
445 1274 564 1344 Langio,
583 1272 730 1339 lambino,
758 1273 900 1341 Manutiis,
925 1278 1138 1342 intercessiones,
1166 1277 1217 1333 lroc
1235 1292 1275 1334 est
1290 1284 1415 1352 sponsio·

361 1382 406 1415 nes
425 1361 583 1433 interposita
602 1360 655 1414 lide
676 1382 738 1427 sua,
766 1382 793 1415 se
812 1364 964 1418 soluturum
988 1386 1038 1438 pro
1067 1367 1169 1431 iis„ni
1195 1368 1244 1439 ipsi
1273 1369 1413 1436 solverent,

361 1469 441 1522 quam
462 1451 668 1522 promittebant,
687 1450 846 1523 pecuniam,
872 1463 902 1506 ut
920 1453 997 1520 fecit,
1023 1473 1085 1509 cum
1107 1454 1251 1508 creditores
1269 1454 1299 1509 C.
1316 1456 1426 1510 lulium'

360 1536 520 1604 Caesarem,
540 1558 554 1591 a
574 1550 697 1611 praetura
718 1538 745 1591 in
765 1538 921 1611 Hispaniam
940 1540 1094 1596 ulteriorem
1114 1542 1229 1608 iturum,
1258 1543 1412 1611 retinerent,

361 1646 428 1700 quos
446 1627 598 1681 interventu
616 1626 704 1681 Crassi
722 1626 846 1699 inprimis
864 1627 978 1683 removit
994 1641 1058 1685 teste
1077 1629 1221 1683 Plutarcho
1243 1630 1270 1682 in
1289 1630 1345 1683 eius
1362 1631 1412 1686 sita

360 1717 395 1787 [c.
416 1718 483 1784 12.].
518 1715 548 1770 lu
568 1715 730 1770 Gruteriano
750 1715 917 1784 [intercisas]
937 1716 1028 1771 nullus
1049 1737 1141 1772 seusus
1160 1737 1189 1771 ex
1208 1716 1247 1770 bis
1265 1717 1365 1785 verbis,
1384 1730 1414 1773 ut

359 1803 395 1857 ibi
415 1805 513 1871 iacent,
533 1814 620 1875 potest
639 1803 707 1870 elici,
727 1823 778 1859 nec
796 1815 834 1859 est
847 1789 919 1858 unde
932 1805 1047 1876 pendeat
1063 1806 1247 1877 pecuniarum.
1283 1804 1329 1858 Sic
1341 1807 1412 1860 enim

359 1892 385 1945 iu
403 1891 449 1944 illa
467 1892 592 1945 habetur:
622 1893 669 1964 qui
688 1902 755 1944 tuas
773 1893 921 1945 mercedum
937 1894 1077 1962 pactiones
1103 1891 1261 1957 intercisas,
1282 1896 1414 1962 pecunia-

358 2000 419 2032 rum
437 1981 466 2032 in
486 1979 644 2032 coitionibus
659 1980 874 2035 candidatorum.
912 1981 983 2035 Haec
1002 2001 1053 2035 nec
1071 1982 1127 2052 ipse
1148 1980 1241 2033 Losias
1252 1979 1351 2051 Apollo
1368 1982 1413 2034 in-

357 2067 488 2138 telligat.“
507 2066 685 2122 Graevius.
730 2067 776 2122 Sic
800 2069 982 2140 usurpabatur
1006 2089 1020 2122 a
1040 2067 1226 2121 iureconsultis
1251 2067 1322 2120 aliud
1342 2089 1412 2139 quo-

328 2170 331 2175 ·
358 2174 412 2226 que
437 2156 563 2221 verbum,
594 2155 667 2228 quod
692 2155 782 2210 laudat
807 2155 910 2210 Parcus
935 2156 953 2211 Ι.
973 2177 996 2211 c.
1015 2177 1045 2210 er
1071 2155 1149 2210 Celso
1175 2155 1256 2222 lCto,
1282 2157 1410 2212 Paudect.

357 2240 387 2293 L.
407 2245 453 2298 11.
473 2244 512 2297 tit.
533 2248 559 2296 1.
579 2242 597 2296 Ι.
614 2246 721 2313 48;,().
741 2245 851 2298 Mucius
869 2246 1005 2298 Suaevola
1029 2246 1086 2297 ait:
1111 2245 1142 2296 Si
1166 2245 1227 2315 quis
1253 2243 1302 2296 suh
1320 2249 1412 2300 usuris

358 2333 491 2386 creditam
511 2332 651 2402 pecuniam
665 2332 897 2403 fideiussiaset,·
925 2332 951 2387 lt.
971 2333 1002 2387 e.
1014 2331 1208 2386 intercessisset.
1226 2358 1260 2371 -·
1302 2335 1412 2397 „Inten-

357 2420 490 2472 eessionee
508 2420 636 2473 dicuntur
653 2419 681 2471 in
701 2437 730 2471 re
750 2421 888 2491 pecuniari
908 2420 1037 2488 balabat,
1056 2421 1168 2492 opinor,
1188 2418 1217 2471 B.
1232 2421 1412 2492 pecuniariol,

356 2519 387 2561 ut
405 2509 572 2577 interponere
590 2518 734 2578 usurpatur
753 2526 804 2578 pro
823 2506 918 2561 Milon.
936 2512 968 2564 ll:
997 2507 1165 2561 Convooairot
1191 2506 1343 2568 tribunae
1359 2509 1413 2560 in·

358 2595 582 2666 terponebat.
621 2596 700 2648 conl.
727 2596 811 2649 Corn.
838 2597 907 2668 Nep.
936 2598 990 2653 Αιι.
1012 2602 1038 2661 2,
1056 2600 1081 2649 4.
1099 2606 1126 2647 at
1144 2597 1170 2660 ll,
1188 2595 1234 2647 5.“
1254 2593 1354 2665 Borg.
1372 2624 1409 2639 Ι---

356 2684 394 2752 ,,ί.
413 2676 448 2737 es
464 2703 547 2755 quum
564 2682 697 2738 candidati
715 2682 825 2756 aliquod
846 2702 946 2737 munus
974 2694 1068 2756 petunt
1096 2694 1122 2736 et
1150 2681 1183 2736 de
1209 2681 1259 2736 hec
1282 2683 1410 2754 petitione

356 2771 487 2827 coitiones
506 2770 611 2837 habent,
630 2772 647 2825 i.
659 2782 837 2826 e.conventus
857 2773 890 2825 ad
907 2785 1013 2826 mutuas
1032 2771 1200 2825 conditiones
1218 2770 1362 2840 faciendae,
1381 2785 1410 2828 ut

356 2859 426 2914 alter
444 2861 520 2913 alteri
539 2861 646 2914 cederet
662 2870 770 2931 accepta
784 2862 916 2932 pecunia;
935 2871 964 2915 tu
983 2870 1011 2912 te
1023 2860 1155 2914 arbitrum
1169 2869 1195 2913 et
1213 2860 1343 2929 pecuniae
1362 2860 1408 2913 da·

357 2960 445 3001 torem
464 2948 664 3018 interposuisti,
693 2967 793 3019 magno
823 2949 923 3003 scilicet
949 2949 1069 3002 foenore.
1106 2946 1187 3000 Cous.
1216 2940 1272 3017 ipse
1298 2947 1354 3001 Cic.
1376 2950 1410 3002 ad

356 3034 394 3103 Q.
413 3035 584 3120 Fr3lll,1.“
604 3036 783 3106 Wyttenb.
820 3036 926 3101 Restat,
946 3048 975 3090 ut
993 3046 1148 3090 nostrorum
1165 3033 1297 3086 librorum
1317 3033 1411 3088 lectia-

356 3143 406 3177 nes
425 3122 530 3176 addam.
575 3121 605 3174 Si
624 3141 653 3175 ex
680 3124 784 3177 silentio
803 3123 978 3178 collationum
997 3122 1159 3179 concludere
1177 3121 1253 3184 licet,
1279 3140 1334 3173 non
1354 3122 1410 3174 sine

357 3210 516 3265 auctoritate
541 3210 672 3264 Codicum
697 3222 734 3264 est
762 3209 841 3265 lectio
868 3212 1084 3277 intercessiones,
1112 3209 1157 3263 sed
1183 3207 1283 3261 hahent
1306 3206 1356 3262 01.
1374 3209 1409 3265 U.

357 3297 432 3352 Gud.
446 3298 483 3351 -Α,
496 3297 581 3351 -Drsd
601 3302 625 3351 1.
644 3300 670 3355 3.
687 3302 728 3364 4.;
745 3298 824 3351 lrabet
843 3298 924 3363 item,
943 3310 972 3351 ut
990 3299 1085 3351 diserte
1103 3294 1244 3358 scribitur,
1265 3305 1338 3348 vetus
1356 3297 1409 3348 Ca-

356 3383 409 3438 roli
428 3384 573 3457 stephanie
602 3386 646 3439 sed
666 3385 728 3438 inde
746 3405 761 3438 a
781 3384 920 3439 Gronovio
940 3385 1007 3438 Edd.
1032 3402 1142 3444 omues;
1174 3390 1236 3433 ante
1261 3378 1409 3435 Gruterum

354 3474 559 3526 intercessiones
577 3471 675 3526 lrabeat
698 3472 790 3525 Lamb.
817 3471 913 3525 Colon.
941 3471 1052 3525 Lambb.
1071 3467 1162 3522 -Gotlr¹
1191 3477 1216 3519 et
1238 3484 1324 3536 marg.
1342 3467 1409 3522 Edd.

357 3560 437 3616 Boul.
456 3572 482 3613 et
501 3560 571 3613 Aud.
588 3558 661 3626 Tal.,
682 3562 799 3631 itemque
812 3559 866 3614 Ed.
886 3561 958 3613 Petri
976 3560 1070 3624 sulin,
1090 3557 1163 3622 et,·si
1179 3554 1244 3606 fides
1263 3552 1407 3623 collationi,
1504 3548 1507 3553 ’

356 3649 406 3703 Ed.
426 3667 469 3719 ap.
488 3647 573 3700 Meus.
609 3647 686 3701 Unus
704 3646 773 3702 cod.
787 3649 865 3703 Suer.
885 3648 988 3703 exhibet
1005 3649 1100 3699 inter
1118 3640 1310 3695 homicidas
1328 3658 1409 3707 pecu·

354 3737 464 3788 nicrum
473 3756 482 3796 ,·
497 3734 551 3786 Ed.
572 3753 627 3805 prc.
648 3736 794 3788 intercidas
803 3757 812 3797 ‚·
831 3736 881 3791 Ed.
901 3737 982 3789 Hdlb.
996 3756 1022 3790 s.
1040 3735 1058 3787 l.
1076 3746 1102 3787 et
1120 3752 1143 3788 a.
1162 3731 1276 3792 incisas,
1288 3726 1366 3780 Gud.
1377 3729 1407 3783 Β.

354 3823 496 3882 ιἠιόιέαε,·
516 3822 610 3893 reliqui
631 3841 738 3888 omnes,
759 3834 784 3877 et
802 3825 892 3896 scripti
905 3836 931 3877 et
942 3824 1013 3890 editi,
1033 3823 1132 3876 habent
1146 3819 1297 3883 intercisas,
1317 3816 1407 3873 Guell.

354 3909 427 3963 solus
454 3912 570 3963 int'cias.
602 3911 705 3981 -Pergit
729 3910 808 3963 Drsd.
827 3916 852 3965 5.
875 3913 1043 3981 pecuniam.
1089 3907 1294 3961 Intercessiones
1310 3905 1408 3960 Geru-

354 3996 456 4049 bardus
473 4017 500 4050 ee
519 3998 599 4051 etiarn
621 3998 749 4070 reperisse
769 4000 851 4052 relert
868 4001 897 4052 in
916 4000 965 4052 Ed.
984 3998 1070 4069 Lugd.
1089 4000 1168 4051 1555.
1204 3994 1235 4046 M
1242 4014 1263 4048 r.

428 4085 647 4153 incoitionibus]
675 4085 755 4139 Solus
774 4085 824 4140 Or.
844 4086 874 4138 E.
902 4097 937 4137 et
959 4087 997 4138 in.
1033 4084 1162 4156 Sequitur
1188 4080 1354 4133 contionibus
1379 4082 1407 4135 in

352 4168 442 4225 Codd.
457 4171 523 4225 On.
542 4192 567 4242 q.
586 4190 616 4235 q.
635 4172 707 4226 Gud.
728 4173 760 4226 Α.
780 4172 908 4227 nunt.
927 4178 953 4228 5.
972 4184 998 4226 et
1017 4172 1066 4225 Ed.
1084 4173 1146 4225 Par.
1165 4173 1250 4230 150⁴l;
1276 4170 1407 4221 concioni-

354 4261 404 4310 bus
424 4262 452 4311 in
472 4259 558 4313 Codd.
578 4259 685 4314 Suerin.
704 4260 784 4314 Drsd.
803 4266 828 4318 1.
848 4268 871 4318 2·
891 4265 916 4314 3.
935 4265 961 4314 4.
989 4262 1047 4313 Cre.
1068 4262 1093 4313 3.
1113 4256 1180 4309 Edd.
1198 4254 1277 4307 ttdtb.
1295 4253 1344 4306 Ed.
1363 4274 1407 4325 ap.

352 4348 440 4400 Meus.
459 4348 520 4401 Par.
541 4350 620 4401 1512.
640 4352 719 4403 1543.
748 4348 836 4402 llerw.
861 4352 933 4400 Crat.
958 4349 1026 4400 ven.
1046 4350 1124 4400 14⁹2.
1141 4346 1221 4397 1514.
1248 4339 1308 4393 Asc.
1327 4344 1406 4397 1511.

353 4435 415 4487 Ald.
435 4438 515 4488 tota.
535 4440 615 4489 155².
643 4436 712 4491 Rob.
735 4437 829 4507 Stepb.
854 4434 930 4506 sylb.
961 4435 1044 4506 Lugd.
1074 4432 1140 4502 Arg.
1165 4429 1235 4482 And.
1261 4427 1335 4495 tat,
1361 4430 1407 4482 sed

352 4522 421 4577 haec
443 4525 472 4578 in
499 4541 586 4593 marg.
613 4523 693 4577 habet
716 4522 884 4577 coitionibus.
927 4522 957 4575 ln
977 4525 1035 4576 Cra.
1054 4524 1079 4573 1.
1099 4524 1124 4573 2.
1149 4515 1214 4570 Osa.
1235 4514 1266 4568 E.
1286 4516 1305 4567 1.
1324 4515 1356 4570 Ν.
1374 4516 1408 4569 U.

1102 4604 1174 4679 19*
