3517 5450
666 709 863 757 esmnoxon
889 712 909 758 t.
951 711 1020 759 cnr.
1044 712 1078 759 tt.
1357 691 1406 763 55

359 871 452 923 lentius
473 869 657 938 disputantur.
698 867 734 920 Ex
756 867 841 923 Codd.
866 869 962 922 nostris
989 869 1105 940 potiores
1127 886 1183 921 non
1209 867 1308 922 habent
1333 871 1405 941 glos·

355 977 417 1024 sam,
446 956 506 1009 Cre.
526 958 551 1008 1.
571 961 595 1009 ².
613 955 653 1025 (in
673 957 754 1010 tertio
774 957 799 1011 h.
817 957 833 1010 Ι.
852 958 946 1011 excidit
964 955 1073 1025 lolium)
1091 956 1169 1009 Dnd.
1189 961 1214 1009 ².
1234 960 1259 1010 t.
1282 954 1354 1010 Gud.
1372 956 1403 1010 Α,

356 1047 413 1100 Osx.
433 1064 457 1096 α.
479 1061 508 1105 ω.
526 1043 620 1097 Duisb.
639 1043 747 1099 Suerin.
784 1045 843 1101 ΜΓ.

419 1132 538 1183 lentius
557 1132 744 1200 disputantur]
766 1133 804 1198 „l.
824 1153 847 1185 e.
871 1133 985 1187 crassius
1008 1144 1034 1186 et
1059 1132 1162 1198 minus,
1189 1143 1218 1184 ut
1244 1130 1277 1185 ita
1304 1133 1401 1197 dicam,

352 1220 507 1286 efficaciter,
526 1219 599 1290 quod
620 1221 711 1273 minus
730 1221 932 1291 persuadeant“
957 1222 1029 1274 Fre.
1049 1221 1139 1292 Sylv.
1177 1220 1212 1286 „i
1231 1240 1253 1273 e.
1272 1222 1344 1291 quod
1365 1222 1402 1272 le-

353 1310 413 1361 nius.
453 1306 525 1359 Sunt
549 1306 621 1359 enim
646 1308 680 1360 sb
707 1309 799 1362 eedem
825 1311 930 1381 origine
951 1310 1016 1363 hoec
1040 1308 1094 1361 duo
1115 1307 1249 1362 Adiectiva
1274 1320 1300 1361 et
1324 1329 1401 1363 sensu

353 1394 501 1448 coniuncta.
537 1392 594 1447 Cic.
616 1395 711 1449 Tusco.
732 1398 777 1463 lV,
799 1400 842 1451 tu.
864 1396 968 1467 154⁴,
996 1396 1042 1449 ubi
1060 1396 1111 1448 rid.
1130 1416 1199 1468 quae
1217 1415 1267 1448 nos
1285 1408 1401 1450 annota-

353 1483 430 1535 vimus
450 1502 476 1552 p.
495 1484 557 1536 366.
581 1479 616 1534 ad
640 1482 800 1537 substantive
826 1485 950 1536 lenitatis
976 1495 1002 1538 et
1025 1483 1196 1536 lentitudinis
1219 1484 1287 1537 iuxta
1307 1484 1400 1554 posite,

351 1570 374 1625 T.
390 1570 438 1624 lll.
459 1570 500 1622 ed.
522 1573 623 1622 nostr.“
649 1570 718 1639 Mn]
745 1582 770 1625 et
794 1570 898 1625 Ernest.
918 1572 946 1624 in
965 1569 1038 1624 Clas.
1058 1568 1114 1624 Cic.
1138 1589 1160 1622 v.
1177 1570 1267 1622 lentus
1288 1570 1359 1636 [add.
1376 1591 1398 1625 v.

351 1657 420 1720 lem,
440 1657 488 1711 ubi
508 1658 536 1710 in
555 1658 615 1710 lies.
638 1655 694 1712 Cic.
714 1659 845 1712 convertit
862 1656 968 1712 Schiits.
988 1659 1016 1709 in
1034 1659 1170 1710 troclener
1184 1657 1400 1729 Allgemeinlteit‚

351 1744 501 1816 dictumque
527 1745 592 1798 dicit
616 1745 649 1798 de
668 1745 847 1817 disputatione
868 1748 947 1799 nimis
964 1745 1053 1799 subtili
1074 1763 1125 1799 nec
1143 1744 1203 1798 satis
1221 1745 1348 1816 exemplis
1366 1746 1399 1799 il·

351 1831 460 1885 lustrata.
480 1831 551 1898 Mn]
590 1831 689 1886 Sensus
707 1845 758 1887 est:
786 1833 1007 1905 philosophorum
1027 1851 1117 1898 more,
1143 1832 1247 1896 sedetet
1272 1844 1301 1885 ut
1319 1832 1398 1904 vulgo

351 1921 438 1992 dicunt
455 1922 486 1972 in
504 1919 658 1984 abstracto,
679 1939 735 1974 non
754 1922 783 1973 in
801 1933 931 1975 concreto.
966 1921 1036 1975 Huic
1056 1919 1154 1973 rationi
1171 1920 1319 1991 opponitur
1336 1939 1399 1973 ors-

351 2020 432 2060 torum
452 2008 531 2073 ratio,
549 2026 618 2078 quae
637 2007 666 2061 tn
685 2027 734 2078 per
753 2008 872 2080 exempla
891 2010 941 2062 sub
959 2007 1053 2062 oculos
1069 2006 1243 2072 subiicienda,
1262 2026 1330 2078 quae
1346 2008 1397 2058 iam

350 2106 495 2167 sequuntur
512 2094 576 2147 inde
594 2114 608 2146 a
625 2095 706 2148 verbo
724 2098 845 2164 Quaero,
864 2115 913 2165 per
930 2095 1059 2166 liguram,
1077 2113 1146 2166 quae
1164 2093 1262 2147 dicitur
1280 2113 1397 2164 percun-

350 2183 453 2235 ctatio‚“
477 2180 660 2251 Wyttenb.
697 2182 784 2236 llebet
802 2181 850 2235 Os.
874 2186 892 2236 l.
910 2184 1010 2246 levius,
1035 2181 1100 2235 Oss.
1117 2180 1151 2234 U.
1171 2201 1196 2248 η,
1220 2178 1277 2232 Cre.
1297 2183 1321 2232 1.
1340 2181 1396 2232 len-

351 2273 407 2333 tius,
428 2270 479 2325 Os.
497 2288 525 2332 ψ.
546 2271 623 2323 lente.
660 2269 788 2323 Ernestus
808 2271 921 2342 explicat
937 2270 1082 2332 subtiliter,
1100 2268 1123 2320 F
1124 2266 1268 2321 orcellinus
1282 2266 1397 2336 placide,

351 2357 487 2412 Mencken.
508 2358 535 2410 in
555 2357 634 2410 Obss.
652 2357 709 2410 Lat.
727 2359 804 2429 Ling.
824 2380 851 2430 p.
865 2363 933 2413 stt:
960 2377 1048 2429 „qum
1073 2355 1158 2409 verbis
1176 2364 1278 2408 tantum
1305 2365 1331 2407 et
1353 2372 1397 2406 rs·

350 2445 447 2499 tionum
467 2443 701 2513 conclusionibus,
722 2465 778 2500 non
799 2446 945 2503 illustribus
963 2445 1103 2516 exemplis,
1122 2441 1315 2514 explicantur.“
1352 2441 1395 2494 ln-

351 2543 474 2604 terpretes
492 2532 608 2595 Graeci,
626 2534 710 2587 Dion.
729 2535 866 2602 petavius,
898 2534 964 2586 Adr.
981 2533 1125 2585 Turnebus
1142 2540 1169 2582 et
1185 2529 1222 2582 lo.
1242 2527 1396 2596 Morisotus,

350 2620 392 2673 ite:
418 2620 538 2691 primus:
565 2614 607 2672 irs
632 2624 695 2687 δίχα
713 2622 930 2692 παραδειγμάτων
947 2622 1116 2688 γλίσχρως
1134 2606 1228 2667 θῦῐωσῖ
1246 2612 1395 2681 διαλαμβά-

350 2730 427 2775 νεται,
452 2709 534 2764 ulter:
559 2706 742 2771 ἀνειμένως
760 2706 819 2763 ἄνευ
837 2702 1056 2779 παραδειγμάτων
1071 2706 1267 2775 διαληφθέντα,
1291 2703 1395 2758 tertius:

350 2795 420 2851 inire
438 2803 521 2866 χωρὶς
538 2800 587 2849 τοῦ
605 2803 774 2868 noseredinus
792 2800 995 2871 παραδείγματα
1011 2793 1228 2865 βραδύτερον
1246 2790 1394 2862 διορίζεται.

351 2886 425 2938 Vides
443 2884 492 2938 hos
512 2886 581 2938 viros
599 2886 742 2940 reddidisse
761 2888 840 2941 etism
858 2886 983 2958 glossam.
1020 2882 1051 2936 C.
1077 2884 1107 2935 P.
1131 2881 1272 2935 Hessius
1297 2891 1395 2947 sutem,

350 2974 389 3044 qui
407 2994 433 3027 a.
451 2976 533 3027 183³.
553 2972 634 3027 edidit
653 2976 839 3028 conversiones
856 2974 956 3028 Peterii
975 2984 1000 3027 et
1016 2971 1136 3025 Turnebi
1155 2970 1284 3033 Graecus,
1305 2978 1397 3020 monet

350 3062 553 3115 convertendam
578 3061 657 3115 luisse
683 3081 774 3117 vocem
798 3065 899 3116 lentius
922 3064 1029 3131 ψυχρῶς
1054 3060 1195 3125 (trecken).
1237 3058 1396 3127 interpretes

349 3148 510 3216 Germanici,
529 3147 576 3219 qui
595 3150 628 3201 sd
647 3167 757 3203 menum
773 3163 843 3218 sunt,
863 3150 1051 3215 loerdens,
1071 3144 1326 3201 sustinuisti:
1344 3163 1396 3195 nur

350 3256 374 3288 so
390 3239 514 3300 trecken,
534 3236 919 3295 schreiherusa.1tss:
943 3259 978 3290 zu
997 3237 1152 3307 allgemein,
1171 3232 1353 3304 Gsu'ppius
1370 3251 1394 3285 s.

350 3326 429 3377 1811:
449 3325 574 3385 noctem
593 3324 768 3379 Geruherdus
784 3327 867 3380 refert
884 3326 916 3378 F.
933 3324 965 3378 C.
983 3323 1101 3375 Wolff
1103 3323 1172 3375 ium
1190 3321 1348 3375 convertisse
1367 3322 1395 3371 in

351 3412 390 3464 der
408 3410 589 3483 beddclrte'gen
609 3416 727 3482 Spraelss
747 3415 792 3467 der
810 3412 1006 3482 Ablandluug.
1042 3408 1102 3462 Mr.

414 3500 530 3565 lentius]
550 3497 599 3564 „ln
616 3499 728 3572 vulgetis
740 3502 847 3555 additur
864 3501 921 3553 sine
935 3498 1098 3568 expositione
1112 3496 1300 3565 exemplorum·
1333 3493 1394 3547 Sci-

351 3583 404 3640 licet
424 3585 493 3639 haec
508 3586 566 3655 ipss
585 3597 623 3640 est
641 3587 754 3643 alicuius
768 3588 975 3642 Grammatistse
992 3583 1157 3655 replicetiol‘
1176 3581 1198 3635 F
1204 3602 1219 3636 s
1229 3601 1274 3638 cc.

413 3675 516 3726 hirtius
544 3674 734 3745 disputantur]
764 3676 801 3728 Es
827 3672 979 3729 Gernherdi
1004 3671 1142 3725 Addendis
1167 3669 1233 3725 haec
1257 3669 1394 3723 addimus:

352 3762 500 3827 „Schiitzius
515 3761 643 3829 Grutero,
661 3765 703 3817 cui
720 3766 813 3818 verba:
831 3765 898 3815 haec
915 3792 952 3805 -
975 3761 1075 3813 lentius
1091 3762 1277 3829 disputantur,
1295 3775 1310 3810 e
1325 3757 1397 3829 glos·

353 3863 442 3905 semote
460 3850 601 3903 accessisse
619 3850 751 3918 ridentur,
769 3852 922 3917 assentiens,
943 3848 1024 3915 Sene,
1042 3848 1139 3919 inquit,
1156 3847 1177 3900 si
1195 3846 1327 3900 scribatur
1344 3847 1397 3896 Sed

355 3937 403 3988 rita
423 3946 509 4007 atque
521 3937 613 4007 factis
631 3958 703 4010 sqq„
723 3938 789 3991 nihil
815 3936 1010 3992 desideraveris.
1029 3964 1063 3975 -
1093 3934 1143 3987 Tb.
1162 3934 1298 3987 Bentleius
1315 3930 1397 3985 deleri

356 4022 401 4076 tuit
424 4024 504 4075 serbe
532 4042 590 4076 cnm
616 4025 716 4079 lentius
742 4028 920 4096 disputantur
944 4036 971 4078 et
995 4039 1155 4075 summorum
1180 4024 1296 4074 virorum
1325 4021 1399 4071 lraec.

358 4106 490 4163 Molestum
518 4129 581 4163 sene
608 4123 651 4165 est
671 4112 767 4184 duplex
792 4112 876 4172 Ιιαεαῑ
907 4121 964 4163 tum
989 4108 1090 4180 reliqua
1116 4106 1251 4161 verbis-
1274 4106 1400 4158 videntur

360 4196 437 4248 uelim
457 4216 508 4267 pro
528 4198 766 4271 interpretamento
785 4199 878 4254 haberi
896 4199 1065 4269 superiorum
1091 4196 1157 4247 liner
1182 4193 1266 4246 videri
1284 4201 1400 4260 possunt

362 4307 387 4320 -·
403 4284 503 4335 lentius
522 4286 713 4355 disputantur,
739 4308 820 4361 quam
842 4287 908 4340 baec
932 4286 989 4357 ipss
1016 4282 1112 4348 deleri,
1140 4299 1208 4353 quse
1230 4278 1304 4349 prius
1323 4277 1399 4346 cogi-

365 4370 533 4436 nudassent,
556 4375 724 4444 quemfacta
744 4375 970 4447 postularentur.“
1005 4371 1072 4424 Mihi
1092 4369 1200 4441 quidem
1218 4383 1306 4435 neque
1325 4362 1400 4415 Gru-

367 4456 403 4506 teri
420 4455 587 4530 Schiitziique
604 4463 763 4534 suspicioni,
783 4482 874 4534 nsque
893 4460 1045 4517 Gernbanli
1067 4456 1235 4512 coniecturae
1255 4449 1400 4505 assentien-
