3517 5450
557 741 754 789 rinsouxou
778 744 821 790 vr.
857 744 932 791 cur.
945 746 981 791 ιι.
1231 725 1304 799 303

248 904 355 958 tentis.“
395 902 476 956 Recte
495 912 584 955 autem
606 903 710 957 Gernb.
744 902 775 957 ln
793 903 851 970 bac,
870 903 1093 984 inquit,'virtutis
1112 925 1173 960 cum
1194 912 1307 979 pecunia

247 988 451 1063 comparatione
470 988 535 1044 baec
555 1009 603 1043 vox
623 1010 678 1044 non
698 1004 737 1046 est
754 991 874 1044 molesta.
909 991 970 1043 Mr.
1188 1050 1190 1054 Α

314 1089 413 1131 utrum
437 1076 533 1129 burum
562 1079 716 1131 Samnitum
725 1080 743 1146 .]
776 1078 818 1131 Ad
849 1097 906 1130 rem
931 1079 1020 1151 Wytt.
1045 1081 1072 1132 in
1103 1081 1199 1137 scholis
1227 1084 1306 1138 baec:

238 1158 323 1235 „Fuit
341 1145 529 1218 Romanorum
555 1165 679 1220 adversus
702 1166 836 1220 Samnites
864 1166 964 1220 bellum
989 1167 1160 1233 diuturnum,
1190 1172 1246 1225 sere
1271 1175 1306 1227 ad

245 1258 380 1327 octoginta
408 1274 508 1321 annos,
538 1254 611 1326 quod
637 1274 716 1325 saepe
746 1274 845 1325 magno
873 1274 935 1308 cum
965 1255 1151 1309 Rornanorum
1179 1258 1301 1328 periculo

246 1329 349 1414 'gestum
368 1346 438 1397 est.‘⁴
473 1342 561 1395 Exstat
579 1355 669 1396 autern
688 1343 756 1396 liber
773 1343 793 1396 Ι.
809 1341 843 1396 G.
863 1341 1102 1410 Zinlreisenii,
1129 1347 1176 1418 qui
1200 1348 1298 1401 inscri-

244 1433 320 1486 bitur
333 1432 493 1485 Samnitico.
530 1430 686 1483 Dissertatio
705 1430 838 1484 historica.
874 1431 979 1501 Lipsiae
995 1450 1038 1503 ap.
1053 1433 1145 1488 Bartb.
1163 1439 1242 1490 1831.
1257 1440 1302 1491 38.

245 1541 288 1593 pp.
306 1523 335 1573 4.
354 1547 390 1559 -
427 1517 560 1572 Scribitur
578 1521 732 1571 Samnitum
750 1538 787 1571 en
805 1522 1002 1572 Samnitum
1026 1522 1055 1574 in
1073 1524 1144 1576 cod.
1162 1524 1242 1579 Drsd.
1261 1525 1302 1591 1.';

245 1629 296 1681 pro
312 1608 468 1659 Samnitum
493 1607 617 1662 exbibent
635 1610 798 1660 Samnitium
816 1608 883 1661 Edd.
904 1609 998 1662 Lamb.
1015 1608 1099 1664 Suffr.
1113 1612 1186 1669 Petr.
1206 1612 1303 1669 Colon.

244 1696 285 1749 De
303 1694 421 1748 Genitivi
438 1693 516 1747 buius
535 1696 622 1747 forma
641 1695 672 1749 C.
692 1696 721 1748 L.
740 1697 921 1751 Schneiderus
938 1698 967 1750 in
986 1698 1107 1754 Gramm.
1127 1702 1155 1754 L.
1173 1701 1203 1755 L.
1219 1703 1305 1772 (Aus-

244 1784 322 1837 liibrl.
342 1781 464 1835 Gramm.
485 1783 512 1857 d.
530 1783 586 1836 Lat.
600 1783 662 1856 Spr.
684 1785 715 1838 ll.
733 1790 758 1852 1,
780 1788 804 1839 1.
823 1778 1043 1856 (Formenlehre)
1062 1808 1087 1859 p
1098 1793 1150 1843 253
1168 1811 1208 1863 sq.
1226 1810 1303 1845 nunc

246 1872 353 1945 (pridem
372 1871 460 1925 adbuc
479 1871 508 1923 in
521 1868 636 1941 'optimis
654 1871 722 1925 Edd.
743 1872 825 1941 [addo
843 1873 871 1925 in
886 1874 970 1926 Codd.
980 1875 1116 1943 omnibus]
1136 1889 1228 1931 nostro
1241 1878 1304 1931 loco

245 1950 293 2033 legi
313 1960 379 2015 dicit
394 1956 566 2024 Samnitum,
585 1960 703 2032 itemque
722 1960 795 2033 apud
815 1960 874 2013 vat.
896 1961 964 2014 Max.
985 1962 1005 2028 l,
1027 1966 1053 2029 6,
1071 1969 1098 2018 4.
1116 1964 1212 2017 Senec.
1227 1969 1302 2018 Con·

243 2045 895 2117 561.αάΗεΙν.16.Ῥ1ἰη.Ν.Η.33,2.ειΙί’.;
926 2061 1000 2104 recte
1028 2062 1119 2105 tamen
1147 2053 1210 2106 alibi
1229 2055 1300 2123 apud

243 2136 358 2189 Plinium
376 2147 403 2189 et
417 2136 529 2189 sortasse
539 2136 618 2189 etiam
634 2137 705 2207 apud
721 2137 881 2192 Ciceronem
891 2138 971 2192 scribi
980 2140 1150 2204 Samnitium,
1169 2142 1303 2195 utscribi·

243 2236 285 2277 tur
296 2225 460 2295 Quiritium,
471 2208 541 2278 ¹cuns
555 2227 648 2293 Quiris
657 2237 683 2278 et
695 2228 802 2279 Samnis
813 2238 884 2281 ortas
899 2227 1013 2283 habeant
1027 2228 1188 2289 Nominativi
1202 2223 1304 2286 formai

242 2314 560 2384 aQuiritisetSamnitis
575 2315 638 2382 (vid.
657 2314 720 2368 ibid.
739 2337 783 2388 ap.
799 2315 995 2376 Schneiderum
1015 2337 1041 2388 p.
1055 2316 1139 2385 itu),
1157 2319 1204 2391 qui
1225 2321 1301 2375 erant

243 2391 418 2466 Nominativi3
435 2403 553 2473 optimos
570 2414 659 2456 tamen
673 2403 737 2457 Livii
756 2405 862 2457 codices
880 2404 1010 2472 exhibere,
1030 2416 1059 2457 ut
1071 2407 1300 2475 Quiritium(Liv.

243 2492 272 2558 ll,
292 2497 337 2558 23,
357 2495 382 2545 8.
402 2491 467 2562 ibiq.
495 2488 646 2558 Drakenb.)
669 2492 708 2544 sic
725 2492 901 2544 Samnitium:
930 2492 984 2545 Lis.
1002 2492 1095 2558 XXlli,
1115 2497 1158 2559 11,
1179 2498 1222 2547 11.
1246 2496 1300 2549 ibi-

243 2567 359 2651 demque
385 2576 481 2644 Drals.‚
518 2578 635 2649 itemque
666 2579 854 2649 inscriptiones
885 2590 993 2632 veteres.
1046 2581 1106 2634 Vid.
1134 2581 1229 2635 Orellii
1256 2584 1301 2635 ln-

242 2669 341 2740 scriptt.
356 2667 422 2720 Latt.
435 2664 455 2719 l.
478 2685 503 2737 p.
518 2669 578 2719 146.
598 2666 718 2721 Nemo.
754 2667 826 2719 Add.
841 2667 967 2721 Arnueu.
988 2668 1020 2719 ad
1040 2667 1098 2721 Ser.
1118 2670 1211 2724 Aurei.
1229 2672 1299 2729 Vict.

242 2757 273 2808 de
292 2756 364 2808 Viris
384 2754 479 2808 Illustr.
497 2747 540 2819 33,
558 2760 584 2808 ¹l.
604 2776 630 2826 p.
649 2759 701 2809 15¹!
719 2756 745 2809 b.
782 2756 897 2808 Torren.
917 2756 949 2808 ad
970 2757 1059 2810 Valer.
1084 2758 1153 2812 Max.
1165 2760 1212 2828 IV,
1227 2764 1252 2827 3,
1271 2767 1297 2817 5.

243 2862 266 2913 p.
285 2847 347 2897 354.
367 2842 459 2895 Vellei.
479 2842 583 2894 Patere.
600 2842 632 2907 ll,
654 2847 703 2907 26,
723 2854 801 2908 extr„
827 2841 1006 2915 Oudendorp.
1026 2845 1059 2897 ad
1076 2846 1199 2901 Frontin.
1219 2850 1297 2903 Stra-

241 2942 289 3001 teg.
310 2929 330 2996 i,
350 2933 375 2995 8,
394 2915 420 2984 3.
441 2950 467 3001 ρ.
486 2934 548 2984 162.
598 2930 666 2994 Nos,
693 2943 723 2985 ut
742 2943 833 2984 nostro
861 2932 921 2985 loco
947 2952 976 2984 ex
996 2935 1121 2988 omuibus
1140 2936 1294 2992 libris'cum

241 3018 288 3073 Or.
305 3020 427 3072 dedimus
445 3019 611 3081 Samnitum,
630 3020 665 3071 ita
686 3039 748 3073 cum
768 3019 863 3072 eodem
883 3020 916 3073 de
934 3020 994 3073 Dir.
1011 3022 1032 3088 l,
1046 3025 1096 3089 33,
1108 3027 1168 3090 tt,
1188 3045 1214 3096 p.
1230 3028 1290 3080 tut).

241 3108 362 3162 editionis
379 3120 502 3173 nostrae,
531 3127 560 3160 ex
584 3106 707 3178 plurimis
724 3110 809 3180 iisque
827 3108 936 3180 optimis
953 3112 1121 3177 Samnitum,
1147 3132 1210 3167 cum
1233 3114 1292 3168 fieri

241 3198 336 3267 possit,
355 3209 384 3250 ut
402 3198 459 3269 ipse
480 3194 576 3249 Cicero
594 3197 643 3249 sibi
663 3194 718 3250 non
740 3195 819 3268 plane
838 3209 987 3269 constaret,
1006 3210 1036 3253 ut
1053 3199 1154 3252 iactum
1174 3221 1229 3254 esse
1243 3203 1296 3256 sci-

240 3305 297 3338 mus
315 3287 342 3338 in
363 3285 474 3338 nomine
493 3284 691 3349 Phliasiorum,
713 3286 746 3337 de
764 3285 831 3354 Rep.
851 3284 883 3350 ll,
905 3288 932 3338 4.
953 3305 979 3354 p.
1000 3289 1059 3339 269.
1079 3287 1119 3337 ed.
1139 3299 1230 3356 nostr,
1249 3290 1296 3343 ubi

241 3373 294 3445 ipse
314 3375 431 3445 primum
451 3372 593 3443 scripserat
610 3371 775 3424 Phliuntios.
811 3371 871 3423 ΜΓ.
1244 3437 1247 3441 ἢ

307 3481 345 3513 on
362 3479 517 3530 responsum
536 3461 577 3511 Μ’
596 3459 682 3528 Curii]
720 3460 778 3513 Hoc
800 3478 911 3531 quoque
930 3458 1006 3525 loco,
1026 3470 1152 3530 utsupra
1170 3461 1231 3515 Par.
1253 3465 1295 3529 V.,

237 3550 334 3605 Curius
355 3553 383 3603 in
410 3548 500 3603 multis
524 3547 598 3601 libris
622 3548 721 3602 dicitur
739 3551 854 3600 Marcus
880 3566 936 3599 non
957 3551 1077 3599 Manius·
1123 3548 1294 3604 Praenomen

239 3627 363 3691 omissum
383 3648 420 3690 est
439 3636 467 3688 in
487 3634 600 3689 Drsd.5.
618 3635 698 3688 Onl.
717 3635 820 3689 Laudat
831 3633 961 3689 Graevius
979 3634 1012 3687 de
1024 3633 1108 3688 Curio
1127 3637 1197 3689 Plin.
1210 3637 1242 3691 N.
1261 3640 1293 3691 ll.

238 3728 278 3791 18,
298 3729 324 3779 3.
343 3734 370 3778 et
388 3727 431 3789 16,
453 3725 496 3776 39.
516 3723 566 3790 [est
586 3723 681 3791 XVlll,
700 3729 726 3778 t.
746 3735 772 3777 et
790 3723 860 3790 ΧΙΧ,
879 3728 923 3789 26,
942 3725 980 3792 4.]
1017 3723 1076 3777 Mr.

304 3830 462 3880 responsum
482 3813 531 3862 Μ’.
553 3813 637 3878 Curii]
675 3811 857 3883 „Respondit,
877 3810 1011 3880 malisse,
1030 3831 1226 3884 quamaurum
1246 3815 1294 3868 ba-

237 3900 305 3966 bere,
324 3898 486 3951 habentibus
504 3898 646 3968 imperare.
666 3901 728 3953 Vid.
740 3920 763 3953 c.
772 3903 814 3953 16.
835 3899 867 3951 de
877 3899 1049 3954 Senectute.“
1068 3901 1090 3954 F
1097 3920 1167 3957 acc.
1197 3903 1297 3970 „Unus

236 3986 289 4041 On.¹
304 3991 345 4040 M.
364 3987 404 4054 (b.
424 4006 448 4038 e.
469 3984 568 4053 Marci)
588 3990 669 4038 Cur.“
708 3985 834 4041 Gernh.

261 4100 270 4128 -,
301 4075 481 4126 hereditatem
500 4078 533 4128 L.
552 4074 673 4142 Paulli,]
717 4077 766 4151 „b.
786 4075 917 4129 Aemilius
940 4077 1064 4150 Paullus,
1095 4078 1188 4151 isqui
1208 4074 1309 4131 Mace-

232 4161 339 4214 doniam
357 4161 484 4213 Romano
504 4161 618 4230 imperio
638 4162 757 4229 subiecit,
777 4163 845 4215 duos
862 4164 932 4216 filios
949 4166 977 4218 in
996 4165 1101 4222 alienas
1119 4165 1243 4221 familias
1262 4166 1315 4219 ad·

229 4249 364 4319 optandos
384 4244 543 4314 tradiderat,
562 4251 693 4304 maiorem
715 4253 751 4321 Q.
771 4251 856 4304 Fabio
872 4252 1008 4320 Maximo,
1027 4255 1107 4310 unde
1124 4253 1170 4311 bic
1191 4247 1318 4324 adopta-

232 4345 269 4390 tus
282 4337 362 4389 -filius
381 4336 521 4389 dicebatur
539 4335 574 4403 Q.
587 4338 685 4394 Fabius
704 4342 836 4394 Maximus
854 4340 1031 4395 Aemilianus:
1051 4341 1201 4397 minorem
1219 4353 1320 4395 autern

231 4423 366 4497 adoptavit
384 4423 415 4476 P.
441 4423 583 4477 Cornelius
607 4426 716 4498 Scipio,
744 4429 814 4481 filius
840 4428 913 4495 eius,
942 4430 986 4501 qui
1013 4427 1210 4487 Hannibalern
1242 4429 1323 4484 bello

230 4508 333 4569 Punico
363 4503 483 4566 secundo
507 4511 699 4584 debellaverat,
736 4516 781 4586 qui
814 4514 957 4588 adoptatus
978 4512 1107 4590 Scipioni
1145 4519 1224 4573 fitius
1254 4516 1330 4572 indu
