3517 5450
678 736 871 785 reueooxon
892 741 934 787 rr.
963 742 1031 789 cir.
1052 745 1073 790 ι.
1330 726 1400 797 175

358 910 458 957 omnes,
492 903 650 964 corruptum
675 913 729 947 esse
753 895 858 962 locum,
893 899 1077 972 medicumque
1102 921 1211 957 manum
1248 905 1403 961 desiderare.

354 979 429 1046 Quae
449 981 568 1033 virorum
587 980 728 1035 doctorum
746 983 952 1055 disputationes,
971 1006 1033 1040 cum
1052 1008 1165 1044 acumen
1180 993 1294 1063 prodant
1313 1007 1338 1048 et
1351 999 1405 1049 cir·

352 1068 580 1138 cumspectionem
606 1070 763 1143 pleraeque,
802 1092 858 1126 non
885 1074 1036 1130 debuerunt
1062 1095 1078 1130 a
1108 1098 1151 1132 me
1179 1079 1285 1135 silentio
1309 1085 1404 1153 premi,

348 1156 452 1209 etiamsi
473 1155 597 1223 sortasse,
617 1177 646 1211 re
665 1159 698 1211 ab
720 1161 794 1213 omni
813 1173 889 1232 parte
908 1163 1088 1231 considerata,
1118 1169 1287 1238 apparuerit,
1312 1169 1404 1243 vulga·

347 1253 402 1296 tam
422 1255 492 1298 stare
512 1264 596 1316 posse.
634 1246 741 1314 Quare,
759 1267 828 1319 quae
847 1249 901 1303 huc
920 1250 1069 1320 pertinent,
1088 1254 1191 1308 conieci
1209 1254 1238 1307 in
1256 1255 1402 1311 Excursum

345 1330 404 1393 Vll,
425 1350 607 1403 quamquam,
627 1353 661 1386 ne
680 1334 817 1388 violentius
836 1336 919 1406 egisse
939 1337 1041 1405 videar,
1068 1341 1250 1395 coniecturam
1268 1362 1355 1398 meam
1375 1347 1402 1398 in

342 1419 478 1472 orationis
496 1420 592 1473 seriem
610 1422 730 1493 recipere
749 1423 833 1478 nolui.
869 1424 927 1477 Me.

418 1506 592 1561 Praedanam
618 1509 665 1560 ille
688 1512 844 1579 concursus]
896 1514 948 1578 „ln
966 1513 1093 1568 Pisonem
1124 1517 1161 1584 [5,
1180 1520 1242 1587 11]:
1272 1521 1402 1576 Deiectus

341 1613 485 1647 seruorum
503 1594 655 1649 labebatur
673 1596 708 1647 ab
725 1616 770 1664 eo,
796 1599 843 1668 qui
870 1600 940 1652 nillil
962 1601 1014 1653 eibi
1038 1623 1157 1676 unquam
1180 1627 1228 1659 nec
1239 1609 1337 1680 facere
1354 1630 1402 1662 nec

336 1685 406 1749 pati
424 1693 506 1753 turpe
524 1702 581 1736 esse
601 1684 689 1741 duxit.
724 1687 813 1738 Arma
833 1687 976 1756 intemplo
995 1693 1129 1759 Castoris,
1155 1713 1171 1746 o
1184 1696 1309 1764 proditor
1332 1708 1400 1750 tem-

336 1770 451 1837 plarum
471 1771 603 1837 amnium,
635 1771 740 1823 vidente
766 1782 806 1837 te,
833 1774 1069 1829 constituebantur
1095 1780 1129 1830 ab
1158 1801 1187 1834 eo
1209 1784 1329 1852 latrone,
1357 1789 1400 1838 cui

338 1857 474 1928 templum
488 1858 561 1910 illud
572 1859 636 1930 fuit
654 1869 681 1910 te
700 1862 807 1913 consule
824 1880 875 1913 arx
894 1863 991 1913 ciuium
1007 1867 1187 1934 perditarum,
1203 1872 1401 1940 receptaculum

339 1957 466 1998 veterum
485 1946 620 1997 Catilinae
645 1948 774 2013 rnilitum,
802 1949 944 2000 castellum
963 1951 1086 2019 forensia
1113 1955 1263 2022 latrocinii,
1291 1959 1399 2013 lustum

339 2034 434 2105 legum
453 2034 572 2086 orrrrtium
589 2052 622 2085 ac
647 2035 832 2106 religionum.“
858 2034 932 2090 Atd.
950 2036 1037 2094 illan.
1084 2039 1131 2094 Est
1158 2040 1225 2096 haec
1249 2046 1401 2116 exquisitior

338 2121 493 2177 Latinitatis
510 2122 591 2175 ratio:
612 2133 717 2192 poterat
736 2123 807 2175 enim
827 2122 937 2190 Cicero,
957 2126 1029 2196 quod
1050 2127 1084 2179 ab
1103 2126 1161 2182 aliis
1179 2131 1259 2184 etiam
1277 2132 1334 2185 fieri
1355 2154 1400 2187 so·

338 2209 393 2277 let,
413 2211 548 2266 scribere:
566 2211 657 2275 Illud,
675 2211 748 2282 quad
764 2221 831 2262 tunc
848 2222 929 2275 erat,
946 2231 998 2264 non
1010 2214 1075 2284 fuit
1094 2216 1208 2275 civitas,
1224 2219 1272 2270 sed
1289 2239 1400 2272 concur-

339 2319 392 2352 sus
410 2299 587 2368 praedonum.
634 2298 810 2370 Exquisitiore
837 2299 882 2352 illa
909 2301 1013 2354 ratione
1039 2300 1136 2356 Cicero
1163 2324 1241 2376 saepe
1267 2325 1328 2359 usus
1354 2320 1400 2361 est.

340 2387 477 2441 Similiter
500 2386 533 2439 de
552 2387 634 2458 Legg.
653 2386 673 2452 l,
693 2390 723 2440 8:
750 2388 864 2445 Animal
892 2389 941 2441 lrac
967 2392 1123 2460 providum,
1152 2413 1248 2463 quem
1275 2415 1399 2450 vocamus

337 2477 503 2530 hominemt‘
522 2477 562 2526 W
567 2486 626 2545 ytt.
663 2472 694 2526 la
707 2472 795 2528 Oxou.
805 2475 836 2528 F..
872 2478 938 2528 Sed
951 2479 1117 2546 praedonum
1134 2480 1178 2531 ill
1186 2499 1203 2531 a
1211 2501 1221 2542 ,·
1242 2482 1268 2533 in
1282 2482 1362 2540 Drsd.
1372 2489 1398 2537 2.

339 2578 381 2621 est
400 2565 468 2618 Sect
490 2565 656 2633 praedonum
681 2583 824 2616 corzcursus
847 2564 902 2620 ille.
938 2565 1018 2618 Drsd.
1037 2570 1064 2620 4.
1091 2578 1173 2636 post
1199 2569 1328 2620 domum
1352 2571 1398 2622 ille

338 2672 498 2709 concursus.
535 2651 639 2704 Laudat
656 2651 736 2721 Borg.
752 2651 785 2702 ad
805 2651 883 2704 verba
903 2663 929 2705 et
945 2653 1103 2706 sententiam
1121 2654 1189 2708 Phil.
1207 2654 1264 2721 Vll,
1284 2658 1317 2709 6:
1336 2676 1398 2708 can-

338 2762 439 2795 eursus
464 2742 563 2793 civium
586 2741 768 2810 perditarum,
797 2750 823 2793 et
854 2739 921 2792 Phil.
940 2742 1027 2808 x,¹3=
1063 2761 1192 2796 concursu
1212 2774 1246 2784 —
1272 2745 1397 2799 hortorum

336 2833 467 2884 amisium.
505 2828 565 2883 Mr.
1093 2814 1097 2823 Ι

414 2918 590 2972 latrocinium
613 2919 642 2969 in
661 2918 727 2989 soro
746 2918 950 2985 constitutum,]
982 2919 1018 2985 „i.
1037 2938 1059 2971 e.
1079 2918 1210 2988 latrones,
1238 2934 1269 2976 ut
1294 2922 1396 2976 servitia

339 3028 393 3079 pro
412 3008 495 3061 serris
513 3018 539 3060 et
562 3006 707 3060 ministeria
732 3026 782 3077 pro
809 3006 937 3060 ministris
961 3008 1102 3061 dicimus.“
1124 3009 1147 3061 F
1154 3030 1199 3064 rc.
1218 3010 1308 3081 Sylv.
1355 3012 1396 3065 Ad

338 3096 481 3169 sequentia
493 3095 637 3167 (reliquiae
653 3094 860 3161 coniurationis)
875 3096 1101 3166 Wytteubachius
1114 3096 1193 3151 haec:
1215 3099 1328 3163 „Paucis
1339 3121 1398 3154 rer·

338 3184 382 3239 his
401 3199 427 3240 et
446 3185 563 3238 breviter
581 3202 677 3254 magna
699 3183 734 3235 vis
752 3183 898 3237 sententiae
923 3195 948 3237 et
966 3185 1099 3254 gravitatis
1117 3186 1284 3250 continetur,
1312 3208 1397 3259 eaque

339 3275 423 3345 plane
442 3274 575 3339 oratoria,
605 3284 632 3325 et
663 3273 701 3325 sic
724 3272 787 3325 item
823 3274 940 3325 oratorie
973 3273 1151 3343 explananda:
1178 3274 1243 3328 Erat
1267 3275 1396 3331 Catilinae

335 3374 475 3436 superstes
493 3374 598 3416 caterva
616 3372 642 3415 et
670 3360 782 3426 cohors,
811 3379 892 3431 quam
924 3360 1032 3413 eaedem
1060 3361 1146 3413 suriae
1164 3361 1197 3413 ad
1216 3372 1293 3413 tuum
1312 3362 1397 3415 scelus

338 3455 521 3523 furoremque
543 3449 693 3503 inflandum
719 3459 915 3514 convenerant,
942 3468 1010 3519 quae
1036 3460 1112 3502 antea
1140 3448 1226 3500 vivum
1253 3448 1395 3501 Catilinam

337 3541 373 3593 ad
397 3540 512 3611 patriam
531 3537 672 3591 delendam
690 3538 881 3609 impulerant.“
918 3536 977 3589 Mc.

412 3628 557 3699 Reliquiae
575 3627 769 3679 coniurationis
788 3626 834 3694 -]
880 3625 944 3691 „Ait
970 3626 1041 3678 enim
1067 3624 1178 3690 Cicero,
1208 3645 1240 3678 co
1266 3637 1394 3697 tempore,

336 3736 396 3789 quo
417 3715 510 3787 pulsus
528 3716 555 3765 in
575 3714 680 3767 exilium
699 3715 765 3777 suit,
797 3734 848 3768 nec
878 3734 935 3767 rem
960 3714 1096 3786 publicam
1128 3715 1207 3767 luisse
1234 3714 1315 3766 ullam
1345 3734 1396 3769 nec

334 3803 491 3871 eonsulem.
540 3801 678 3873 Siquidem
699 3802 793 3856 consul
817 3801 916 3857 dicitur
933 3822 980 3869 eo,
1008 3803 1081 3875 quod
1106 3803 1144 3855 rei
1170 3802 1292 3873 publicae
1319 3802 1394 3857 saluti

336 3892 484 3946 consulere
510 3889 614 3943 debeat.
660 3889 713 3941 Sed
739 3889 791 3942 hoc
821 3909 872 3943 nec
903 3891 1028 3943 Pisonem
1056 3890 1135 3944 luisse
1162 3910 1213 3945 nec
1237 3891 1393 3945 Gabinium.

333 3981 437 4035 Cicero
456 3997 536 4032 suum
552 3977 718 4051 consulatum
738 3997 800 4031 cum
815 3978 921 4031 Pisonis
939 3980 1077 4032 consulatu
1095 3978 1174 4050 longa
1194 3980 1394 4050 comparatione

333 4068 458 4123 confert:
479 4067 688 4120 lnterClodium
707 4078 732 4120 et
742 4067 884 4121 Catilinam
904 4066 1006 4121 nullam
1025 4067 1204 4120 differentiam
1223 4069 1310 4134 luisse,
1331 4068 1393 4121 cto-

333 4157 415 4210 dium
434 4168 526 4210 autem
546 4157 802 4227 perniciosissimum
828 4158 912 4211 civem
931 4158 1003 4229 ipsos
1019 4155 1150 4208 Consules
1176 4156 1286 4222 iusisse,
1312 4156 1338 4208 in
1364 4176 1393 4207 ea

335 4248 464 4300 oratione
484 4245 598 4299 ostendit
616 4245 656 4298 his
674 4247 772 4299 serbis:
800 4246 887 4315 Quid,
912 4245 1015 4317 inquit,
1042 4245 1171 4314 interfuit
1194 4244 1265 4294 inter
1297 4244 1395 4294 Catili-

335 4346 538 4397 mamercum,
557 4335 650 4385 cuitu
669 4345 780 4387 senatus
799 4334 1000 4397 auctoritatem,
1019 4333 1135 4384 salutem
1151 4331 1288 4397 cic-itatis,
1307 4340 1394 4381 tutam

337 4421 546 4492 rempublicam
561 4422 715 4490 provinciae
730 4422 848 4491 praemio
873 4420 1038 4474 vendidisti?
1074 4423 1150 4490 Quae
1172 4421 1241 4470 enim
1265 4425 1297 4476 J..
1318 4419 1393 4468 Cati-

335 4509 423 4561 linam
444 4520 584 4565 conantem
605 4510 703 4565 Consul
715 4509 855 4581 prohibui,
884 4530 916 4564 ea
934 4515 969 4564 P.
988 4509 1106 4562 Clodium
1120 4508 1271 4579 facientem
1292 4510 1392 4559 Consu-
