3517 5450
358 672 428 746 152
685 693 856 739 rininoxi
885 692 1077 738 sroiconan.

357 877 406 912 nos
423 840 535 910 eandem
555 854 604 906 rim
623 854 721 908 babere
740 854 832 919 debet,
862 873 893 907 ac
912 855 932 905 si
951 853 1010 924 lege
1029 863 1140 906 naturae
1164 870 1197 905 ac
1215 850 1307 902 divina
1328 849 1423 900 inter·-

357 947 457 1001 dictum
477 945 570 997 esset.“
589 942 628 993 W
635 942 765 1012 yttenb.

426 1032 551 1084 Etiamne
568 1030 597 1081 in
615 1028 730 1080 minimis
747 1027 845 1080 rebus?
865 1029 985 1095 Etiam]
1005 1029 1059 1081 Pro
1076 1027 1199 1089 etiamne,
1217 1044 1249 1078 ex
1268 1041 1411 1095 perperam

357 1123 426 1174 lecto
443 1116 612 1189 compendia,
632 1127 669 1168 est
686 1125 746 1167 etne
765 1115 792 1168 in
812 1113 879 1168 Cod.
900 1113 993 1168 01.E.
1012 1125 1036 1168 et
1056 1112 1151 1166 Crat.
1189 1115 1218 1164 ln
1240 1110 1355 1163 Drsd.5.
1372 1109 1408 1164 le·

357 1209 429 1278 gitur
445 1203 527 1256 etiam
546 1204 564 1253 d
571 1205 664 1280 icant
685 1203 799 1273 aliqui
817 1222 849 1254 ne
868 1205 896 1253 in
915 1205 976 1256 min.
996 1201 1097 1255 rebus?
1130 1199 1224 1254 Glossie
1244 1199 1273 1252 in
1293 1198 1402 1251 mediam

358 1313 448 1349 vocem
474 1289 587 1363 recepti.
636 1291 689 1342 Pro
708 1292 822 1341 etiamne
850 1289 933 1343 refert
963 1288 1013 1343 Or.
1038 1291 1065 1341 in
1092 1289 1159 1343 Edd.
1183 1291 1257 1340 Crat.
1274 1285 1399 1356 Magnet

356 1383 429 1436 Man.
449 1401 503 1434 esse
522 1381 631 1432 Etiam:
653 1377 725 1449 quod
745 1377 778 1430 de
796 1375 975 1431 Cratandrina
994 1389 1065 1430 certe
1085 1395 1177 1430 rerum
1196 1384 1313 1427 nonest.
1351 1371 1397 1423 Una

357 1480 460 1523 tantum
479 1489 508 1521 ex
527 1468 637 1530 nostris,
656 1465 751 1518 Aldina
763 1468 850 1529 1552,
869 1486 925 1519 non
945 1467 1024 1519 babet
1043 1464 1201 1536 particulam
1221 1462 1351 1515 adnexam
1367 1479 1396 1514 ne.

357 1557 438 1626 Quod
457 1567 546 1610 autem
565 1555 635 1606 idem
654 1553 744 1616 refert,
761 1554 847 1606 omitti
866 1555 948 1607 etiam
968 1565 1027 1625 post
1047 1553 1125 1605 rebus·
1142 1552 1170 1604 iu
1180 1549 1250 1602 Edd.
1263 1568 1320 1619 prc.
1332 1551 1396 1601 1415.

356 1646 406 1699 Ed.
426 1666 468 1717 ap.
487 1644 573 1696 Meus.
593 1646 665 1695 Crat.
684 1652 710 1694 et
727 1641 836 1711 Magn,
855 1643 880 1695 id
900 1645 978 1696 etiam
999 1641 1100 1696 iactum
1120 1652 1158 1694 est
1176 1640 1205 1692 in
1225 1637 1325 1691 nostris
1333 1636 1396 1689 lldlb.

357 1757 377 1790 s.
400 1736 417 1788 Ι.
434 1747 459 1788 et
478 1755 501 1788 a.
522 1734 588 1785 Ven.
609 1734 687 1785 1492.
707 1734 785 1784 1514.
816 1731 881 1784 Dar.
910 1733 972 1802 Arg.
997 1733 1058 1784 Par.
1083 1734 1163 1784 1501.
1180 1729 1262 1784 1512.
1282 1725 1364 1797 Lugd.
1377 1736 1396 1774 et

357 1821 417 1875 Ald.
435 1825 513 1875 1511.
534 1839 595 1873 cum
615 1818 711 1890 quibus
731 1818 831 1871 iaciunt
850 1818 935 1871 Codd.
955 1819 1020 1872 On.
1040 1819 1070 1872 E.
1091 1840 1115 1887 η.
1141 1817 1220 1869 Drsd.
1240 1820 1266 1868 1.
1284 1819 1309 1870 3.
1352 1815 1395 1864 Vo-

358 1929 415 1963 cem
435 1908 512 1960 relrns
532 1907 629 1960 omittit
646 1905 695 1959 On.
717 1925 746 1966 ψ.
782 1905 839 1957 llllr.

428 1997 520 2062 etiam]
542 1994 608 2061 „Est
626 1994 811 2066 respondentis
827 1993 976 2047 Ciceronis.
1004 1995 1140 2050 Proxima:
1160 1995 1299 2064 Siquidem
1315 2021 1349 2031 —
1363 2002 1393 2040 te·

356 2103 416 2136 nere
433 2103 588 2152 possumus,
608 2083 746 2136 continent
765 2083 914 2147 rationem,
942 2084 1017 2154 quasi
1036 2083 1154 2136 dicatur:
1182 2100 1245 2133 narn
1272 2081 1392 2134 actionum

356 2182 507 2226 nostrarum
527 2171 728 2242 consequentias
745 2170 799 2222 suis
817 2170 937 2222 terminis
956 2171 1175 2224 circumscribere
1188 2187 1244 2221 non
1261 2185 1392 2238 possumus,

358 2270 383 2312 at
401 2259 552 2310 animorum
573 2268 725 2309 nostrorum
745 2257 916 2328 cupiditatem
946 2258 998 2310 suis
1023 2256 1143 2310 terminis
1167 2262 1293 2310 coercere
1316 2274 1392 2327 possu-

358 2367 425 2399 mus.
464 2346 493 2398 ln
514 2345 616 2398 ratione
640 2356 730 2397 autem
747 2345 920 2416 grammatica
941 2345 1121 2398 observandus
1147 2355 1185 2397 est
1211 2344 1329 2414 primum
1351 2340 1391 2393 ele·

359 2454 423 2506 gans
443 2452 504 2486 usus
521 2431 685 2504 repetitionis
704 2433 731 2483 in
761 2433 870 2485 nomine
899 2433 1005 2488 nicetus,
1030 2433 1103 2504 quod
1132 2434 1224 2503 priore
1250 2431 1312 2485 loco
1335 2439 1391 2482 notat

359 2521 517 2596 terminum,
547 2520 620 2592 quasi
647 2539 789 2573 numerum
819 2521 869 2572 sive
896 2540 1062 2573 mensuram:
1090 2520 1238 2592 posteriore
1265 2530 1349 2573 autem
1364 2530 1391 2568 est

360 2610 494 2681 regimen,
514 2609 689 2680 gubernatio:
714 2619 751 2660 est
770 2608 840 2660 enim
861 2630 874 2660 a
895 2608 1000 2662 Graeco
1016 2611 1101 2674 nido,
1131 2609 1203 2662 unde
1220 2609 1329 2670 modas,
1344 2606 1391 2659 bine

358 2698 488 2756 moderor,
508 2698 649 2751 modestus.
698 2696 788 2750 Altera
808 2697 937 2770 elegantia
955 2708 992 2751 est
1011 2697 1038 2750 in
1058 2696 1216 2769 repetitione
1235 2697 1307 2750 verbi
1325 2693 1391 2749 finalis

356 2792 524 2855 passumus.“
560 2787 736 2855 Wyttenb.

430 2893 517 2924 rerunt
536 2874 640 2924 modum
654 2874 680 2943 f
682 2875 692 2924 i
696 2893 774 2945 gere
792 2894 842 2926 non
859 2876 1027 2943 possumne]
1045 2876 1175 2945 „Fingere
1192 2894 1289 2927 omnes
1302 2872 1390 2946 quiden

359 2961 457 3014 babent
475 2959 549 3014 libri:
567 2961 612 3013 sed
632 2960 711 3013 videri
731 2963 812 3033 possit
830 2962 973 3033 legendum
988 2963 1090 3034 figere.
1117 2960 1164 3015 Sic
1181 2961 1274 3027 Horat.
1295 2962 1390 3015 Odall.

360 3048 404 3101 lib.
429 3046 473 3099 lll.
501 3048 563 3115 [2.]:
599 3050 715 3100 Tandem
739 3051 877 3121 nequitiae
894 3051 978 3121 fige
1006 3051 1110 3101 modurn
1138 3057 1232 3105 tuae.“
1255 3050 1390 3105 Lambin.

359 3136 487 3200 „Modum
498 3137 586 3205 figere
604 3138 621 3187 i.
639 3157 661 3189 e.
681 3158 741 3189 cum
760 3137 812 3191 labi
829 3138 909 3190 semel
929 3141 1049 3209 coeperis
1067 3150 1113 3192 aut
1131 3157 1225 3204 ruere,
1247 3139 1350 3195 difficile
1364 3146 1391 3189 est

361 3224 502 3278 consistere
522 3234 547 3276 et
565 3223 684 3277 inhibere
702 3227 829 3296 gradum,
859 3248 908 3281 nec
926 3228 1032 3299 longius
1055 3228 1189 3299 progredi.
1237 3229 1290 3281 Alii
1304 3230 1391 3297 fingere

359 3314 479 3382 legunt.“
498 3312 528 3367 H.
549 3312 651 3367 Wolf.

423 3401 522 3472 figere]
561 3401 618 3470 „lta
637 3403 796 3474 legendum
817 3422 880 3469 non,
900 3415 930 3457 ut
948 3403 1028 3474 vulgo
1046 3404 1152 3474 legitur,
1166 3378 1290 3474 fingere.¹
1314 3404 1390 3472 Figere

359 3485 447 3543 autein
466 3511 521 3545 non
536 3512 674 3563 possumus
694 3511 784 3545 rerum
803 3478 924 3556 moduni,
946 3493 1017 3562 quia,
1036 3503 1064 3545 ut
1084 3490 1180 3545 Cicero
1195 3492 1290 3545 scribit
1302 3491 1328 3543 in
1338 3492 1391 3543 tca-

360 3577 430 3628 dem.
446 3581 471 3629 4.
490 3597 546 3648 cap.
565 3582 607 3632 29.
626 3590 727 3631 natura
746 3579 849 3630 nnllam
869 3580 941 3629 dedit
961 3579 1036 3632 nobie
1054 3580 1231 3650 cognitionem
1245 3579 1351 3647 finium,
1367 3583 1390 3624 ul

360 3666 418 3715 nlla
432 3667 460 3715 in
480 3684 507 3715 re
526 3676 647 3717 statuere
662 3676 808 3737 poscimus,
830 3679 973 3739 quatenus.
1020 3668 1056 3719 En
1073 3667 1126 3719 boc
1150 3667 1210 3737 ipso
1229 3667 1306 3719 Zeno
1332 3661 1390 3717 colli·

360 3753 455 3821 gebat,
474 3762 581 3821 peccata
600 3773 654 3806 esse
673 3756 807 3826 aequalia,
838 3766 867 3809 ut
886 3756 977 3809 scribit
997 3756 1089 3808 Sextus
1108 3754 1262 3826 Empiricus
1287 3756 1391 3807 adversus

360 3836 514 3891 Malltetnal.
532 3856 591 3911 cap.
610 3844 670 3895 23.“
708 3844 749 3897 Fa
759 3865 773 3897 c
784 3864 806 3897 c.

432 3944 518 3977 rernm
535 3928 638 3979 modum
650 3932 781 4002 figere]
821 3934 899 3999 „Nan
919 3935 1022 4003 inepte;
1049 3931 1225 4003 responderet
1249 3932 1321 3982 enirn
1339 3925 1389 3980 be'ne

361 4014 457 4078 verbo,
478 4014 549 4083 quod
568 4016 703 4085 sequitur,
721 4028 833 4089 teneret·
851 4020 994 4073 Wetzel.
1037 4018 1153 4086 „Cicero
1177 4018 1313 4088 scripsisse
1336 4014 1390 4066 ride·

360 4114 404 4153 tur
422 4102 526 4170 figere,
558 4102 574 4153 i.
595 4120 617 4155 e.
643 4123 758 4173 ponere:
786 4110 857 4161 unde
886 4109 993 4162 termini
1017 4129 1049 4162 ec
1076 4108 1173 4161 limites
1198 4108 1326 4161 dicuntur
1341 4102 1389 4172 fixi·

359 4190 407 4243 Est
431 4190 496 4244 baec
520 4190 670 4243 emendatio
696 4195 847 4248 Lambini.¹‘
872 4197 1051 4266 Wyttenb.
1102 4196 1215 4266 Recepit
1237 4196 1325 4265 figere
1346 4198 1389 4261 post

360 4276 539 4330 Facciolatum
560 4277 638 4331 etiarn
658 4278 807 4347 Scbiitzius3
827 4283 1001 4337 Gernbardus
1020 4297 1046 4337 et
1057 4284 1109 4339 Or.
1119 4304 1175 4337 non
1195 4285 1272 4337 item:
1293 4293 1388 4355 quorum

362 4364 435 4430 prior
451 4376 522 4419 recte
541 4366 663 4437 explicat:
684 4387 773 4422 rerum
794 4390 894 4437 causas,
914 4394 1009 4426 nexum
1030 4387 1056 4427 et
1074 4385 1198 4427 eventum
1218 4370 1386 4443 praescribere.

361 4467 453 4521 tegere
472 4464 509 4520 et,
530 4474 583 4525 quo
604 4456 690 4509 minus
710 4476 751 4510 res
770 4461 910 4526 minimae,
930 4463 1008 4515 nobis
1027 4462 1127 4527 invitis,
1156 4478 1270 4532 magnae
1289 4456 1385 4513 evadant
