3517 5450
663 740 859 789 eaninoxon
883 742 931 788 111.
962 743 1030 790 cin.
1055 743 1076 788 1.
1323 719 1393 795 133

352 901 459 952 sentim
478 919 539 951 cunt
564 901 668 952 ratione
691 908 823 972 perpetua
852 901 1014 953 constantia.
1066 904 1139 965 Unu,
1173 901 1260 972 inquit
1289 903 1392 968 Cicero,

351 988 431 1037 virtus
450 998 507 1052 est,
542 1005 647 1058 semper
674 986 754 1041 virtus
779 1006 833 1040 una
859 987 1006 1061 eademque
1035 986 1083 1040 sibi
1118 1006 1165 1058 par
1188 997 1215 1040 et
1232 987 1323 1041 similis
1341 1002 1392 1056 est;

350 1073 414 1144 quod
434 1075 609 1146 sequentibus
627 1075 712 1128 verbis
732 1076 807 1147 quasi
827 1075 949 1148 explanat
967 1075 1131 1128 consentiens
1149 1077 1322 1128 cumrotione
1332 1097 1395 1147 per-

346 1170 426 1230 petua
445 1163 611 1215 constantia.
647 1161 693 1215 llla
714 1162 808 1228 virtus,
829 1181 899 1233 quae
918 1182 1023 1234 semper
1041 1182 1094 1217 una
1114 1176 1166 1229 est,
1191 1175 1229 1218 est
1247 1167 1394 1219 constantia

349 1257 473 1318 perpetua
492 1267 555 1302 cum
574 1251 677 1303 ratione
697 1249 881 1315 consentiens,
907 1251 933 1304 b.
952 1272 974 1304 e.
993 1269 1099 1321 semper
1116 1251 1163 1304 sibi
1183 1262 1308 1306 constans
1325 1273 1396 1308 uun·

348 1353 424 1406 quam
442 1355 458 1388 a
479 1336 583 1390 ratione
602 1336 719 1391 discedit.
765 1337 835 1392 Hine
855 1337 980 1392 Socrates
997 1338 1060 1392 dixit
1078 1337 1148 1409 apud
1171 1336 1331 1392 stobaeum:
1348 1350 1395 1393 τοῦ

347 1429 400 1486 dieu
419 1424 543 1495 καθάπερ
562 1422 710 1492 ἀγάλματος
728 1425 814 1478 sideru
833 1422 866 1477 ed
885 1431 951 1497 μέρη
972 1422 1040 1478 nulii
1057 1419 1197 1481 sirusdst.“
1217 1424 1396 1482 Graevius.

346 1509 498 1583 „Copulam
524 1524 596 1567 recte
628 1513 697 1568 delet
721 1512 875 1567 Graevius.¹‘
903 1514 1159 1569 Lallemandus.
1180 1545 1213 1554 -
1260 1515 1396 1570 Sententia

347 1610 392 1652 est:
422 1601 537 1656 Virtutis
557 1621 608 1654 una
628 1613 666 1656 est
684 1601 820 1668 definitio,
839 1602 937 1658 scilicet
956 1615 985 1656 ut
1005 1603 1038 1656 sit
1055 1595 1203 1657 constantii
1223 1598 1398 1676 perpetuis!

349 1688 517 1743 consentiens
533 1703 595 1743 cum
617 1691 727 1745 ratione.
774 1690 818 1744 Est
845 1690 911 1745 baec
928 1710 1023 1762 graeca
1042 1689 1196 1744 Stoicorum
1219 1691 1352 1745 definitio:
1382 1687 1398 1761 'l

350 1773 424 1846 iperii
443 1781 513 1830 iuris
532 1775 675 1831 εὐστάθεια
700 1783 805 1845 βέβαιος
833 1784 875 1830 nul
902 1775 1037 1848 depressis,
1060 1774 1221 1845 ὅμολογοῦσα
1248 1782 1286 1846 τῷ
1315 1775 1398 1849 liyp·

350 1863 364 1917 i.
380 1884 403 1916 e.
424 1866 574 1920 constantia
593 1864 668 1919 firma
689 1877 715 1918 et
733 1877 878 1937 perpetua,
906 1866 1075 1920 consentiens
1093 1885 1154 1920 curn
1173 1866 1286 1922 ratione.
1304 1867 1400 1936 wyt-

351 1957 436 2016 tenb.
476 1954 558 2007 Vides
574 1951 814 2025 Wyttenbacbium
835 1973 890 2006 non
909 1967 977 2008 stare
996 1975 1011 2007 a
1030 1953 1136 2007 Graevii
1156 1954 1292 2009 sententia.
1329 1952 1399 2008 Olir.

351 2053 372 2096 et
386 2043 453 2097 Ern.
473 2062 508 2096 ne
527 2042 690 2095 mentionem
711 2041 819 2114 quidem
838 2040 960 2096 lecerunt
979 2041 1057 2094 buius
1074 2040 1179 2094 Graevii
1197 2042 1400 2099 emendationis.

352 2133 432 2186 Weta.
449 2143 476 2185 et
492 2129 630 2185 Scbiitzius
650 2151 709 2183 eam
721 2130 819 2182 iactam
828 2129 964 2193 dixerunt,
985 2127 1059 2182 nullo
1079 2128 1177 2182 iudicio
1189 2128 1287 2182 addito.
1317 2126 1399 2181 Orel-

352 2217 396 2272 tius
413 2218 589 2290 significarit,
615 2238 675 2272 eam
705 2227 826 2289 receptae
851 2216 958 2270 lectioni
978 2237 1032 2270 esse
1051 2216 1272 2288 postponendam.
1309 2213 1400 2267 Gesn-

353 2306 445 2362 bardus
463 2319 553 2360 autem
573 2306 676 2360 disertis
701 2305 786 2358 serbis
805 2324 860 2357 non
890 2323 958 2377 opus
975 2324 1029 2358 esse
1055 2324 1085 2358 ea
1105 2304 1207 2357 medela
1226 2302 1300 2356 dixit:
1330 2320 1400 2364 nam,

354 2394 450 2467 inquit,
472 2396 559 2447 virtus
578 2405 619 2446 est
637 2393 683 2462 (de
703 2394 805 2448 invent.
825 2391 857 2460 ll,
876 2395 920 2459 53,
942 2392 1016 2461 159.)
1043 2393 1126 2444 enimi
1151 2392 1261 2443 habitus
1284 2401 1400 2442 nutrires

354 2485 423 2537 nodo
446 2493 532 2554 utque
557 2483 658 2534 rationi
687 2492 894 2535 consentaneus.
941 2482 974 2534 Et
997 2481 1093 2535 Tusce.
1112 2479 1157 2532 lV.
1185 2481 1295 2549 affictio
1319 2481 1402 2531 animi

355 2585 477 2627 constans
502 2571 725 2643 conveniensque,
761 2568 912 2620 laudabiles
939 2569 1062 2639 efficiens
1092 2587 1151 2633 eos,
1178 2569 1206 2620 in
1228 2566 1325 2639 quibus
1350 2577 1400 2620 est.

355 2660 451 2716 Laudat
469 2669 606 2733 praeterea
626 2657 682 2712 Cic.
702 2657 735 2709 de
753 2655 810 2708 011.
831 2656 849 2722 Ι,
869 2659 913 2722 tt,
932 2658 993 2709 112.
1013 2667 1039 2709 et
1056 2673 1114 2727 cap.
1133 2658 1176 2709 st.
1195 2665 1258 2708 extr.
1285 2655 1402 2727 itemque

355 2761 467 2804 entrema
485 2748 563 2801 buius
582 2747 711 2806 Paradosi
732 2745 819 2798 rerba.
862 2744 929 2798 Mibi
957 2743 1065 2817 quidem
1096 2742 1160 2796 nibil
1180 2742 1282 2797 ridetur
1301 2744 1402 2798 adden·

356 2837 430 2906 dum,
450 2857 514 2892 cum
532 2834 733 2907 Wyttenbacbii
753 2831 891 2886 annotatio
910 2832 1059 2886 satisfacere
1086 2832 1168 2903 possit
1195 2830 1235 2883 sel
1251 2830 1315 2884 sola.
1361 2832 1402 2883 Ad

357 2927 510 2981 sententiam
529 2922 696 2989 H.Wolsius,
716 2918 815 2987 „Recle
836 2940 907 2988 sane,
927 2921 1025 2994 inquit,
1046 2922 1066 2974 si
1081 2920 1197 2991 perfecta
1208 2920 1289 2973 virtus
1299 2930 1403 2990 specte·

357 3027 409 3083 tur,
430 3013 517 3086 qualis
535 3014 563 3065 in
583 3013 633 3066 deo
652 3023 703 3078 est,
726 3011 760 3080 (si
780 3022 869 3064 tamen
889 3011 924 3063 ita
944 3009 1017 3081 loqui
1042 3009 1081 3062 sas
1100 3020 1138 3062 est
1160 3008 1192 3061 de
1211 3005 1293 3074 Deo).
1340 3004 1403 3071 Sed,

358 3114 380 3157 nt
400 3102 538 3174 praeclare
557 3100 662 3172 scripsit
681 3097 777 3153 Cicero
796 3100 875 3153 tertio
894 3098 927 3151 de
946 3096 1052 3151 Officiis
1070 3098 1125 3165 [1ῖ,
1144 3098 1216 3163 usn:
1232 3115 1279 3147 nos
1297 3104 1329 3146 ut
1351 3094 1405 3146 veri

359 3192 419 3245 iuris
436 3207 633 3262 germanaeque
651 3188 791 3244 iustitiae.
818 3188 859 3239 itu
884 3188 966 3239 etium
992 3186 1105 3239 virtutis
1123 3183 1235 3235 solidum
1253 3193 1280 3234 et
1297 3200 1405 3252 expres-

360 3299 410 3333 sum
428 3280 551 3351 effigient
569 3278 673 3329 nullum
692 3286 825 3327 tenemus:
855 3274 950 3326 umbra
977 3283 1004 3323 et
1033 3270 1195 3343 imaginibus
1213 3271 1332 3321 utimur:
1359 3286 1405 3319 eas

360 3369 427 3435 ipsas
445 3366 552 3418 utinam
570 3363 758 3436 sequeremur!
771 3361 907 3432 seruntur
924 3362 993 3413 enirn
1011 3377 1043 3410 ae
1062 3357 1169 3427 optimis
1187 3369 1304 3409 misturae
1323 3367 1349 3407 e!
1362 3376 1406 3406 ve-

360 3456 448 3508 ritatis
464 3453 617 3523 exemplis.“
652 3452 710 3504 Mc.
1178 3494 1181 3498 .

352 3550 355 3556 ’
430 3546 492 3595 Una
510 3542 599 3594 virtus
617 3550 658 3591 est
676 3536 810 3608 -]‘Cod.
836 3535 916 3589 Drsd.
936 3538 961 3587 5.
993 3551 1047 3585 una
1072 3542 1113 3585 est
1141 3530 1237 3583 virtus.
1284 3528 1355 3581 Gud.
1373 3527 1405 3579 A.

362 3647 411 3683 una
430 3632 520 3684 virtus
550 3611 765 3699 consequens
792 3626 843 3694 (sic
867 3623 938 3677 solus
962 3625 1003 3687 ψ.)
1028 3632 1069 3674 est
1099 3640 1158 3673 enm
1183 3618 1271 3671 omni
1295 3616 1407 3671 ratione.

361 3716 405 3773 Os.
426 3738 456 3782 ψ.
474 3718 506 3771 Ε.
525 3718 544 3770 l.
563 3716 596 3771 N.
616 3737 641 3785 p.
660 3734 689 3778 ψ.
709 3723 765 3766 unu'
791 3716 879 3767 virtus
899 3712 1084 3765 consciens
1111 3719 1150 3760 est
1170 3726 1230 3759 cum
1255 3706 1343 3760 omni
1362 3724 1407 3758 ru-

361 3809 438 3863 tiime.
475 3805 587 3859 Addunt
606 3804 670 3856 illud
690 3806 761 3854 onrrn'
780 3801 839 3857 Cra.
858 3806 884 3856 1.
904 3808 929 3858 1.
949 3801 1029 3854 Drsd.
1050 3802 1074 3851 1.
1093 3798 1141 3860 (in
1157 3797 1241 3861 omni)
1259 3794 1409 3847 Discus

357 3894 413 3963 (bic
430 3897 494 3950 item
513 3896 541 3947 in
562 3912 612 3965 pro
631 3892 703 3959 curn)
722 3890 803 3946 Drsd.
822 3896 847 3945 5.
867 3889 974 3943 Suerin.
994 3887 1108 3941 Additur
1127 3886 1189 3938 item
1209 3883 1278 3935 omni
1295 3882 1323 3934 iu
1342 3879 1409 3932 Edd.

357 3978 416 4038 Par.
435 4004 455 4037 s.
469 3993 496 4037 a?
510 3982 637 4034 Darentr.
657 3981 724 4041 Ven.
738 3982 815 4033 149².
835 3977 915 4031 Hdlb.
934 3997 953 4031 s.
964 3976 982 4030 l.
996 3986 1056 4029 eta.
1069 3974 1306 4028 Pantaumsta.
1326 3968 1411 4038 bugd.

358 4068 426 4141 Ven.
437 4071 517 4125 1514.
538 4070 582 4123 sed
602 4068 706 4121 inverso
725 4065 820 4120 ordine
833 4066 939 4119 ratione
957 4065 1035 4119 omni.
1053 4063 1145 4134 Pergit
1164 4062 1259 4115 Ceut.
1278 4069 1304 4109 et
1324 4059 1412 4110 omni

357 4159 523 4213 constantia.
567 4157 616 4211 Ox.
635 4156 668 4210 U.
696 4175 728 4207 ac
754 4175 803 4226 pro
828 4166 863 4207 et.
902 4154 983 4225 Borg.
1002 4154 1034 4205 ad
1061 4172 1117 4205 una
1135 4151 1321 4223 explicandum
1340 4144 1413 4201 addit

357 4249 562 4319 ..eademque⁸‘‚
583 4246 692 4299 laudans
712 4245 744 4297 ad
764 4240 928 4299 locutionem
952 4242 1008 4296 Cic.
1028 4242 1061 4295 de
1079 4239 1130 4294 Or.
1149 4239 1195 4306 ttl,
1216 4241 1246 4291 u:
1276 4239 1302 4288 U
1306 4252 1347 4297 nu
1371 4244 1413 4285 est

356 4337 427 4388 enim
445 4364 482 4377 ··-
499 4334 667 4405 eloquentia,
694 4351 865 4406 qacnseunqne
892 4333 920 4382 in
939 4349 1001 4382 oras
1026 4326 1413 4399 disputationisregionesque

358 4423 456 4476 delata
473 4432 523 4476 est.
561 4421 619 4475 Mr.

435 4511 513 4562 Nitit
532 4511 615 4562 lauis·
634 4511 698 4562 addi
714 4521 816 4581 potest,
836 4530 888 4582 quo
907 4509 953 4575 -]
973 4506 1083 4573 „Malim
1110 4503 1161 4574 legi
1182 4501 1251 4555 nibil
1267 4502 1332 4553 bue
1350 4500 1416 4552 eddi
