3517 5450
356 735 402 778 XX
516 729 615 775 ΙΝΒΕΧ
645 727 827 773 neptunus
856 725 974 772 CRlTlCl
1002 728 1043 771 Ati
1068 726 1253 774 rtutuoxtt.

359 891 451 960 paucis
469 889 570 941 ollendi
593 887 703 940 maculis
722 888 845 957 iniquum
865 886 906 938 sit.
959 885 1037 937 Conl.
1066 885 1161 937 Orellii
1181 887 1321 939 Onomast.
1349 887 1390 939 Tu

361 981 392 1032 T.
414 980 433 1032 l.
453 999 477 1049 p.
497 981 557 1032 318.

431 1073 474 1120 20.
511 1066 570 1118 Non
591 1076 629 1118 cst
654 1065 729 1116 nobis
750 1061 943 1133 praetereunda
970 1061 1051 1114 editio
1072 1065 1123 1116 (tc.
1144 1064 1174 1113 de
1193 1070 1253 1116 Sen.
1275 1065 1306 1114 de
1328 1068 1390 1116 Anu

359 1165 384 1205 et
406 1155 624 1218 Porndosornnr,
644 1171 712 1223 quae
732 1150 830 1222 prodiit
848 1149 951 1219 Lipsiae
971 1170 994 1202 a.
1014 1153 1092 1204 183⁰.
1110 1152 1181 1221 apud
1201 1153 1230 1206 B.
1249 1152 1283 1204 G.
1303 1154 1389 1206 'l'eul

362 1263 490 1295 nerum.
527 1240 655 1312 Quisquis
674 1252 725 1304 est,
754 1241 799 1309 qui
821 1238 922 1292 curarit
941 1238 1009 1292 banc
1027 1239 1172 1292 editionem
1191 1243 1313 1306 (nescio,
1345 1242 1389 1314 qui

362 1351 423 1383 nam
443 1330 486 1383 ille
506 1329 611 1395 suerit),
631 1329 651 1381 is
671 1329 754 1399 probe
775 1347 832 1379 rem
852 1328 945 1398 gessit,
965 1340 990 1380 et
1009 1326 1165 1398 aliquoties,
1184 1341 1316 1400 quantum
1337 1350 1388 1402 equ

363 1420 423 1472 dem
442 1418 629 1480 animadverti,
659 1417 858 1470 emendationes
887 1415 975 1469 intulit
1001 1416 1128 1468 contextis
1156 1415 1225 1469 baud
1244 1419 1389 1487 spernenda

361 1508 406 1561 Sic
427 1509 445 1572 l,
466 1514 503 1561 2:
533 1508 586 1557 Sed
605 1508 668 1556 doec
692 1507 776 1556 videri
802 1515 916 1573 possunt
943 1503 1111 1567 obscuriora,
1138 1525 1220 1576 quum
1251 1507 1389 1558 lirrrotr‘u

362 1598 548 1666 disputantur.

432 1686 474 1735 21.
512 1686 551 1735 M.
579 1686 608 1732 T.
628 1683 757 1733 Ciceronis
784 1685 851 1731 Cato
878 1681 962 1731 enoior
986 1699 1032 1731 sen
1060 1682 1092 1730 de
1109 1685 1252 1733 Senectute
1278 1694 1305 1734 et
1325 1690 1389 1736 Pon

362 1773 440 1827 duro.
479 1774 546 1822 ann
566 1769 719 1822 (retroacte
742 1771 796 1839 siit
817 1768 929 1819 sennen
957 1787 1008 1819 neu
1028 1767 1133 1839 besurgt
1156 1790 1183 1822 n.
1201 1772 1248 1821 nn't
1270 1772 1389 1823 deutscln

364 1862 404 1913 W
402 1870 465 1913 ort·
487 1879 514 1912 u.
532 1858 784 1928 Suelterlldrnngen
802 1857 928 1909 verselren
950 1878 973 1908 e.
994 1860 1026 1909 L.
1039 1861 1064 1908 J.
1085 1862 1109 1907 B
1116 1858 1161 1908 itt
1168 1859 1302 1912 erbeck.
1322 1862 1387 1911 Drit

362 1948 473 2000 verbess.
493 1967 520 1999 u.
540 1947 685 1998 vennebrte
705 1947 782 2014 Aust.
802 1976 833 1984 -
863 1948 1022 2008 Honnorer,
1047 1948 1125 1999 1837.
1146 1948 1239 2000 Itohn.
1259 1951 1283 2000 8.
1327 1950 1389 2002 Disr

363 2035 431 2106 pulis
450 2034 554 2104 scripsit
573 2034 672 2098 editor,
692 2055 748 2085 non
771 2034 830 2085 riris
848 2033 941 2085 doctis.
978 2029 1046 2085 Nota
1064 2046 1102 2086 est
1120 2035 1231 2087 eiusviri
1251 2038 1327 2101 ratio,
1348 2058 1389 2109 qu:

362 2124 468 2189 babuit,
489 2144 544 2196 quo
563 2144 589 2176 se
609 2122 698 2175 multis
717 2122 935 2185 commendaret,
963 2122 1025 2191 quia
1043 2120 1115 2175 utilia
1137 2121 1218 2175 multa
1243 2135 1269 2177 et
1294 2128 1327 2175 ad
1353 2144 1388 2177 ori

362 2215 462 2266 tionem
482 2222 507 2264 et
526 2212 558 2263 ad
577 2223 766 2281 argumentum
787 2228 934 2278 congerere
952 2207 1053 2261 solebat
1072 2210 1117 2275 B.,
1143 2228 1212 2280 quae
1242 2210 1332 2283 multis
1351 2211 1388 2264 lor

362 2311 423 2353 sunt
441 2300 573 2370 dispersa,
593 2319 680 2370 neque
700 2320 714 2351 a
734 2295 883 2368 discipulis,
915 2297 961 2367 qui
984 2295 1082 2367 privati
1108 2297 1189 2369 operi
1214 2299 1304 2370 legere
1332 2320 1388 2371 cup·

363 2400 422 2442 rent
440 2387 522 2440 libros
541 2386 680 2440 Ciceronis
698 2388 730 2438 ab
750 2406 781 2438 eo
802 2386 901 2449 editos,
919 2386 1068 2456 comparari
1089 2399 1206 2457 possunt.

481 2543 510 2626 c)
540 2542 722 2606 Editiones
747 2541 903 2627 Opernnr
929 2542 1104 2605 Ciceronis
1126 2545 1292 2609 omniurn.

406 2702 408 2707 ·
433 2680 493 2732 Non
514 2678 616 2731 ridetur
634 2681 810 2732 necessarium
840 2681 990 2733 accuratius
1008 2679 1141 2751 disputare
1166 2681 1198 2734 de
1217 2682 1329 2753 singulis
1347 2688 1388 2754 op.

364 2789 422 2821 rnrn
442 2768 572 2818 Ciceronis
592 2767 765 2831 editionibus,
787 2786 852 2835 quas
870 2767 903 2819 ad
922 2787 1032 2821 manum
1053 2768 1146 2834 babui,
1174 2792 1307 2843 quasque,
1329 2785 1387 2827 uti

363 2856 437 2908 debis
461 2874 489 2904 er
518 2853 748 2919 annotationibus,
779 2855 904 2907 omnibus
932 2855 998 2908 locis
1022 2859 1137 2927 inspexi:
1171 2880 1338 2932 quamquam
1364 2862 1388 2915 bi

363 2939 540 2996 necessarium
560 2960 614 2992 non
634 2942 682 2995 luit
702 2943 728 2993 in
748 2943 792 3008 iis,
819 2964 887 3014 quae
913 2945 958 2996 uni
984 2944 1061 2998 alicui
1082 2946 1189 2999 editioni
1215 2950 1359 3019 primariae
1380 2950 1388 3000 i

362 3052 388 3085 se
407 3028 588 3101 applicarent,
617 3040 645 3081 ut
664 3030 729 3082 nibil
750 3030 825 3094 nori,
851 3030 916 3083 nihil
945 3033 1045 3103 proprii
1074 3033 1240 3088 exhiberent:
1269 3037 1387 3091 veluti}

362 3121 473 3191 pontina
493 3130 517 3171 et
537 3137 565 3170 ea
587 3115 725 3171 Ciceronis
743 3119 865 3189 Operum
884 3120 977 3186 editio,
997 3140 1065 3191 quae
1084 3122 1249 3176 Mannbemii
1272 3127 1378 3197 prodiit

363 3207 401 3259 rel
426 3206 551 3259 alterutra
581 3206 770 3271 Lambiniana,
798 3208 940 3271 (nimirum
969 3229 998 3261 er
1026 3210 1071 3275 iis,
1106 3231 1173 3282 quae
1206 3233 1261 3265 non
1291 3215 1387 3268 Lamb

362 3307 469 3361 textum,
489 3294 533 3347 sed
555 3295 610 3347 eius
630 3306 731 3349 tantum
750 3298 949 3349 annotationem
969 3298 1098 3364 exhibent,
1118 3311 1215 3355 textum
1234 3315 1324 3355 autem
1342 3321 1387 3375 pr

364 3383 515 3454 vulgatum,
545 3382 704 3436 lectionibus
729 3386 867 3452 Lambini,
904 3406 965 3440 cum
993 3387 1095 3459 aliquot
1124 3390 1195 3455 aliis,
1223 3392 1340 3462 margini
1385 3416 1386 3437 ³

361 3473 494 3543 scriptis,)
514 3490 628 3540 quarum
649 3472 717 3524 dnae
735 3485 796 3526 sunt
815 3475 842 3526 in
863 3476 942 3542 meis,
967 3496 995 3527 er
1015 3496 1129 3547 quarum
1160 3482 1371 3549 comparatione

361 3560 407 3613 lud
428 3572 515 3613 tamen
536 3560 672 3612 commodi
693 3562 769 3630 cepi,
798 3575 841 3625 ut,
874 3582 943 3634 quae
974 3563 1054 3616 altera
1080 3585 1276 3637 nonnunquam
1305 3568 1387 3623 hab«

362 3666 505 3719 operarum
526 3666 617 3698 errore
637 3647 794 3717 depravata,
823 3649 904 3703 altera
925 3651 1060 3704 exhiberet
1085 3652 1148 3704 mibi
1166 3655 1271 3708 mendis
1289 3673 1387 3710 sacua

363 3745 492 3788 correcta.
530 3732 612 3786 Erant
631 3734 712 3804 igitur
730 3736 757 3786 iu
778 3737 909 3790 manibus.

363 3859 387 3892 a·
423 3838 472 3890 Ed.
491 3838 715 3892 Ascensiana.
743 3840 788 3893 lV.
809 3841 877 3894 Vott.
901 3842 918 3895 1.
938 3845 1113 3912 m.,Parisiis,
1133 3850 1215 3902 1511:
1236 3849 1268 3901 de
1291 3870 1342 3921 qua
1375 3865 1387 3891 ¹

433 3925 527 3979 Orellii
547 3926 688 3981 Onomast.
705 3928 821 3982 Tullian.
840 3930 873 3983 T.
890 3931 908 3984 l.
929 3954 955 4003 p.
973 3936 1034 3987 197.

363 4015 388 4067 b.
426 4012 475 4065 Ed.
495 4011 742 4070 Cratandrina.
762 4017 806 4070 lV.
826 4018 924 4073 vottf.
943 4039 978 4076 m.
1000 4021 1130 4087 Basileae,
1151 4028 1229 4078 1528.
1249 4025 1386 4078 Viuore

431 4099 571 4155 Onomast.
592 4103 608 4156 l.
628 4124 650 4157 c.
670 4126 695 4175 p.
715 4109 774 4159 198.

432 4354 454 4418 ’)
473 4356 595 4430 Utraque
614 4357 678 4412 baec
698 4363 777 4414 editio
804 4364 863 4417 ideo
891 4368 969 4419 etiam
990 4369 1021 4420 ad
1041 4370 1159 4423 criticam
1187 4373 1316 4424 rationem
1336 4390 1386 4423 omn

362 4427 517 4480 auctoritato
536 4441 616 4495 caret,
638 4433 709 4502 quia,
729 4436 791 4504 quid
805 4436 936 4491 Codicum
957 4442 1116 4507 auctoritati,
1137 4443 1200 4512 quid
1215 4444 1384 4497 correctoribu

360 4496 503 4566 debeatur,
524 4519 577 4553 non
598 4516 716 4575 apparet.
