3517 5450
618 744 812 791 rxnxnoxox
832 747 873 793 lv.
903 750 971 794 uxr.
988 750 1008 795 l.
1031 751 1065 795 u.
1301 728 1371 802 163

347 911 369 970 et
397 911 542 975 emissam
577 929 597 975 a
637 919 668 977 te
700 914 861 978 nefariam
895 917 930 979 in
967 933 1019 979 me
1057 918 1210 981 iniuriam
1243 935 1374 998 semper

344 1045 419 1114 duxi:
453 1051 641 1132 pervenisse
666 1053 708 1118 ad
735 1071 787 1117 me
814 1072 982 1134 nunquam
1015 1057 1144 1136 putavi:
1177 1057 1238 1120 nisi
1277 1056 1373 1131 sorte,

342 1201 420 1264 quum
447 1190 589 1270 parietes
617 1190 844 1266 disturbabas,
870 1195 927 1254 aut
952 1209 1052 1272 quum
1078 1193 1171 1256 tentis
1197 1193 1373 1255 sceleratas

338 1320 407 1389 laces
432 1326 615 1405 inferebas,
651 1343 804 1391 meorum
828 1326 952 1406 aliquid
978 1345 1075 1391 ruere
1101 1333 1158 1393 aut
1189 1327 1372 1407 deflagrare

336 1463 533 1528 arbitrabare.
601 1463 687 1529 Nihil
727 1483 834 1546 neque
869 1483 981 1530 meum
1015 1470 1080 1541 est,
1118 1483 1225 1546 neque
1263 1464 1374 1527 euius-

335 1614 433 1676 quam,
471 1599 561 1679 quod
588 1600 731 1679 auferri,
762 1603 852 1682 quod
878 1603 979 1684 eripi,
1014 1601 1103 1682 quod
1130 1602 1233 1665 amitti
1258 1604 1374 1681 potest.

334 1731 359 1796 Si
389 1735 469 1797 milli
510 1737 686 1818 eripuisses
723 1737 867 1802 divinam
903 1739 1004 1802 animi
1040 1739 1104 1801 mei
1143 1738 1373 1814 constantiam,

334 1886 409 1936 meas
435 1889 550 1948 ouras,
577 1873 721 1954 vigilias,
753 1875 908 1952 consilia,
947 1875 1064 1955 quibus
1101 1874 1311 1954 respublica
1342 1879 1373 1937 te

333 2009 513 2074 invitissimo
540 2015 621 2085 stat;
648 2012 675 2075 si
702 2013 798 2076 buius
825 2011 950 2074 aeterni
976 2011 1126 2073 beneficii
1152 2011 1373 2081 immortalem

334 2147 515 2210 memoriam
551 2146 743 2223 delevisses;
785 2148 890 2212 multo
927 2148 1024 2210 etiam
1059 2145 1184 2225 magis,
1223 2145 1251 2207 si
1283 2130 1374 2209 illa'm

335 2286 482 2357 mentem,
517 2282 604 2346 unde
631 2284 713 2347 haee
737 2283 875 2346 consilia
901 2286 1097 2359 manarunt,
1129 2280 1209 2344 milli
1233 2282 1374 2363 eripuis-

337 2431 391 2494 ses3
413 2424 483 2484 tum
508 2437 570 2499 ego
591 2421 756 2501 accepisse
771 2437 824 2483 me
852 2421 1027 2483 confiterer
1047 2419 1213 2482 iniuriam.
1266 2417 1329 2483 Sed
1346 2421 1374 2482 si

337 2550 403 2620 haee
414 2575 476 2621 neo
494 2557 608 2634 iecisti,
626 2574 688 2620 nee
704 2557 814 2620 faeere
830 2557 981 2636 potuisti3
1000 2555 1141 2619 reditum
1152 2554 1233 2616 mibi
1247 2555 1373 2633 glorio-

340 2703 397 2757 sum
418 2695 539 2760 iniuria
559 2699 614 2761 tua
632 2686 743 2771 dedit,¹
756 2712 824 2759 non
851 2694 976 2757 exitum
994 2694 1233 2757 calamitosum.
1284 2690 1373 2772 Ergo

341 2840 388 2905 ego
405 2846 536 2912 semper
555 2832 654 2906 civis;
681 2834 713 2894 et
730 2835 799 2894 lum
811 2832 967 2907 maxime,
993 2848 1094 2911 quum
1109 2847 1218 2892 meam
1235 2829 1374 2901 salutem

343 2970 457 3032 senatus
482 2969 602 3032 exteris
630 2969 834 3046 nationibus,
870 2972 906 3031 ut
926 2968 1004 3031 oivis
1031 2967 1165 3048 optimi,
1204 2982 1375 3028 commen-

345 3098 440 3168 dabat:
475 3110 528 3182 tu‚
564 3123 605 3168 ne
633 3123 720 3168 nune
747 3106 897 3186 quidem:
934 3105 996 3168 nisi
1031 3105 1116 3168 forte
1151 3103 1238 3167 idem
1271 3102 1374 3166 bostis

345 3251 398 3303 esse
419 3247 451 3305 et
477 3244 556 3306 civis
584 3247 699 3324 potest.
766 3248 816 3307 An
852 3247 887 3307 tu
923 3245 1029 3306 civem
1064 3243 1107 3306 ab
1137 3243 1232 3304 hoste
1257 3243 1375 3304 natura

345 3389 373 3437 ae
392 3380 481 3459 loeo,
511 3396 581 3443 non
605 3382 716 3445 animo
743 3382 903 3461 laetisque
931 3379 1124 3457 distinguis?
1178 3373 1321 3440 Caedem
1340 3374 1372 3435 in
1389 3394 1412 3440 u

345 3507 401 3577 loro
426 3516 547 3580 leoisti:
574 3519 708 3582 armatis
737 3518 918 3582 latronibus
945 3515 1067 3595 templa
1090 3512 1238 3576 tenuisti:
1263 3509 1374 3591 priva-

344 3641 431 3716 torum
467 3653 605 3731 domos,
644 3654 742 3717 aedes
776 3671 887 3718 sacras
927 3649 1108 3716 incendisti.
1154 3646 1238 3724 ¹Cur
1271 3644 1374 3709 hostis

343 3777 516 3867 Spartacus,
551 3789 579 3852 si
603 3794 639 3852 tu
669 3790 774 3854 eivisl
826 3790 923 3853 Potes
959 3792 1070 3852 autem
1106 3802 1177 3848 esse
1216 3788 1251 3847 tu
1285 3782 1375 3858 civis,

342 3929 458 4005 lropter
483 3943 583 4006 quem
601 3901 788 4007 'aliquando
815 3926 930 3989 civitas
957 3915 1026 3987 u'on
1052 3922 1136 3986 iuit‘l
1179 3924 1210 3983 el
1236 3937 1290 3983 me
1316 3924 1374 3981 tuo

340 4061 456 4125 nomine
484 4064 650 4144 appellas,
673 4080 773 4143 quum
799 4079 914 4126 omnes
941 4078 1019 4123 meu
1047 4060 1191 4122 discessu
1207 4057 1375 4120 exsulasse

339 4201 397 4259 len
427 4193 599 4280 publicam
626 4203 763 4282 putent?
815 4201 1051 4282 Nunquamne,
1085 4199 1188 4262 bomo
1219 4194 1376 4259 amentis-

336 4324 424 4414 sime,
462 4341 494 4400 te
530 4338 795 4419 circumspicies?
830 4355 1019 4419 nunquam,
1057 4354 1119 4399 neo
1152 4333 1231 4414 quid
1265 4331 1376 4408 lacius,

334 4475 569 4555 cdesiderabis,
591 4495 653 4541 neo
682 4479 760 4559 quid
785 4479 946 4560 loquare?
987 4475 1099 4542 Nescis
1126 4473 1278 4537 exsilium
1304 4489 1377 4535 see·

1022 4618 1091 4690 ll*
