3517 5450
653 738 847 787 rtuauoxou
871 740 916 786 tv.
949 741 1018 786 etr.
1042 741 1062 787 t.
1319 722 1390 794 173

347 897 442 968 plebis,
471 895 569 950 Cicero
587 916 616 951 ex
636 899 703 952 urbe
722 898 819 955 eiectus
839 898 924 950 lurori
944 899 1088 952 tribunicio
1107 913 1226 956 cesserat.
1270 903 1324 957 lles
1342 925 1393 977 pu-

343 985 408 1039 blica
428 1005 442 1037 a
462 985 571 1039 tribuno
597 983 693 1041 Clodio
711 996 771 1041 ete
792 985 955 1038 Consulibus
973 986 1071 1038 Pisone
1089 998 1117 1040 et
1133 986 1251 1044 Gabinio
1270 993 1305 1059 [a.
1323 1011 1349 1046 u.
1370 1013 1392 1046 c.

341 1075 410 1142 bib]
430 1072 545 1126 maxime
564 1085 650 1128 renata
669 1073 735 1140 luit,
753 1085 782 1128 ut
801 1092 863 1128 curn
882 1072 939 1127 aliis
957 1074 984 1126 in
1004 1073 1070 1127 locis
1089 1075 1186 1143 multis,
1206 1088 1262 1131 tum
1282 1081 1393 1134 maxime

339 1161 366 1216 ia
386 1160 520 1215 Oratione
539 1179 589 1232 pro
606 1159 692 1214 Sestio
712 1161 745 1228 [c.
765 1162 819 1229 Ἀ]
840 1160 936 1215 Cicero
955 1159 1066 1232 scripsit.
1102 1161 1135 1215 lli
1150 1175 1239 1217 autem
1258 1164 1394 1230 Consules,

338 1251 408 1305 utin
429 1248 526 1303 eadem
544 1249 665 1303 oratione
684 1247 781 1303 Cicero
800 1249 848 1315 ait,
873 1249 907 1302 ad
936 1248 1080 1302 delendum
1098 1249 1242 1317 Senatum,
1270 1252 1393 1325 affligen-

338 1339 402 1393 dum
422 1349 574 1410 equestrem
593 1337 730 1403 ordinem,
755 1336 945 1409 exstinguenda
974 1336 1064 1390 omnia
1087 1336 1145 1391 iura
1173 1349 1253 1409 atque
1276 1339 1392 1395 instituta

338 1429 488 1492 maiorum,
515 1444 542 1478 se
561 1425 611 1478 illis
629 1425 746 1478 fascibus
762 1426 910 1496 ceterisque
939 1425 1087 1496 insignibus
1110 1428 1207 1480 summi
1226 1427 1334 1482 bonoris
1353 1442 1393 1484 at·

338 1532 391 1584 que
408 1512 519 1583 imperii
537 1523 645 1567 ornatos
663 1532 718 1566 esse
737 1513 961 1566 arbitrabantur.“
980 1513 1002 1565 F
1010 1533 1055 1569 rc.
1074 1513 1094 1567 S
1101 1513 1166 1586 ylr.

409 1620 471 1652 cum
489 1600 562 1671 leges
588 1601 616 1652 iu
634 1619 667 1652 eu
689 1602 758 1653 uiuit
776 1601 915 1670 valebunt]
961 1601 1031 1668 „ber
1057 1602 1129 1656 enim
1155 1603 1238 1655 Helie
1257 1605 1393 1676 Fusiaque

338 1699 398 1760 post
416 1688 594 1742 centesimum
613 1705 713 1741 aunum
733 1707 826 1741 eversa
852 1699 907 1754 est,
936 1691 1144 1760 propugnacula
1168 1691 1290 1764 murique
1315 1703 1394 1745 trun·

340 1777 494 1848 quillitutis
512 1787 597 1848 utque
615 1777 674 1830 otii.
711 1777 769 1831 cie.
789 1777 817 1829 in
835 1777 991 1830 Pisonem.“
1011 1779 1106 1850 Xyst.
1123 1779 1233 1835 Betul.
1268 1779 1395 1853 Intelligit

338 1863 425 1936 legem
445 1863 555 1916 Aeliam
574 1876 600 1919 et
617 1866 741 1935 Fufium,
767 1865 801 1918 de
820 1885 873 1937 qua
892 1865 967 1919 locus
983 1863 1123 1920 Ciceronis
1149 1867 1231 1921 estin
1249 1870 1302 1922 Pis.
1321 1874 1347 1935 t,
1367 1874 1392 1924 9.

338 1951 391 2006 Sed
410 1952 463 2006 rid.
489 1953 522 2006 de
549 1972 579 2005 ea
606 1952 664 2024 lege
691 1952 809 2024 amplam
837 1953 1044 2025 disputationem
1074 1955 1102 2006 iu
1130 1952 1226 2007 Orellii
1252 1954 1392 2009 Onomast.

340 2039 465 2095 Cicerou.
484 2041 514 2094 P.
531 2039 576 2094 ΙΙΙ.
596 2060 622 2113 p.
642 2043 806 2096 tas-tet.
843 2041 898 2093 Pro
918 2041 988 2092 uiuit
1005 2040 1133 2092 valebunt
1157 2041 1185 2093 iu
1204 2041 1297 2095 codice
1323 2045 1394 2096 anti·

340 2148 394 2201 quo
412 2128 542 2200 scriptum
562 2149 617 2183 esse
637 2130 718 2183 refert
735 2129 796 2183 Fre.
815 2126 888 2199 Sylr.
913 2127 1058 2184 vacabant.
1104 2128 1224 2182 Eandem
1251 2129 1393 2184 lectionem

342 2216 443 2272 exbibet
462 2218 529 2270 Cod.
548 2216 619 2271 Gud.
639 2216 671 2270 Α.
709 2216 767 2270 Mr.

411 2325 495 2378 quum
512 2306 614 2357 iudicia
632 2304 779 2374 iucebant,]
804 2303 890 2370 „Nam
911 2314 989 2358 vetus
1016 2304 1067 2355 itta
1088 2306 1221 2376 magistra
1237 2305 1350 2373 pudoris
1368 2318 1394 2356 et

342 2395 498 2452 modestiae,
516 2395 646 2445 severitus
666 2394 805 2457 Censorio,
824 2392 937 2445 sublata
954 2403 995 2444 est
1013 2392 1111 2445 Pisone
1129 2391 1301 2464 Gabinioque
1321 2393 1396 2446 Con·

341 2481 455 2535 solibus:
483 2478 579 2533 Cicero
604 2480 632 2533 in
659 2480 774 2533 eundem
800 2481 956 2533 Pisonem.“
986 2480 1079 2551 Xyst.
1105 2480 1217 2534 Betul.
1260 2481 1394 2534 Nimirum

342 2590 364 2625 c.
380 2575 407 2637 ⁴,
427 2574 452 2624 ⁹.
491 2569 566 2623 Adde
585 2569 621 2622 ib.
640 2572 683 2635 12,
704 2572 753 2622 26:
780 2567 970 2620 Numerandus
989 2578 1029 2619 est
1054 2568 1100 2618 ille
1123 2586 1213 2620 nunus
1231 2569 1343 2640 denique
1367 2572 1395 2621 in

342 2658 522 2729 Republica,
542 2677 623 2729 quum
643 2656 819 2709 obmutuisset
837 2666 964 2721 senatus,
983 2654 1085 2706 iudicia
1104 2655 1303 2720 conticuissent,
1323 2675 1396 2707 mne-

344 2759 431 2801 terent
451 2747 525 2812 boui,
552 2750 593 2800 vis
618 2746 756 2799 latrocinii
783 2745 867 2798 vestri
889 2754 951 2796 totu
970 2742 1033 2796 urbe
1052 2744 1195 2807 volitaret,
1220 2763 1304 2815 neque
1330 2745 1395 2797 civis

344 2854 413 2889 unus
431 2855 465 2887 ex
484 2837 609 2900 civitate,
637 2835 685 2888 sed
700 2835 761 2905 ipsa
779 2835 876 2886 civitas
896 2843 944 2885 tuo
961 2843 989 2884 et
1008 2831 1117 2884 Gabinii
1143 2833 1236 2885 sceleri
1249 2833 1396 2905 furorique

348 2924 476 2976 cessisset.
498 2923 612 2977 'Probat
631 2923 712 2994 Borg.
730 2940 808 2975 usum
825 2919 977 2985 Ciceronis,
1005 2940 1059 2993 quo
1077 2920 1189 2992 iungere
1207 2920 1309 2975 solebat
1326 2908 1397 2993 leges

345 3023 369 3065 et
387 3012 504 3077 iudicia,
524 3031 578 3084 quo
597 3013 683 3063 iacere
702 3030 745 3064 eas
765 3022 790 3064 et
808 3021 902 3064 contra
929 3012 1016 3063 vivere
1034 3008 1214 3081 significabat,
1244 3010 1310 3063 locis
1328 3028 1397 3080 qua·

344 3098 380 3154 les
397 3110 460 3152 sunt
479 3101 557 3152 Verr.
575 3098 619 3166 lll,
638 3104 681 3154 30.
700 3111 728 3153 et
744 3103 787 3154 tt.
808 3100 869 3155 coll.
889 3100 998 3154 Abram.
1018 3099 1052 3152 ad
1072 3098 1129 3152 Cic.
1149 3118 1198 3170 pro
1217 3097 1275 3151 Mil.
1292 3102 1335 3151 28.
1365 3096 1395 3149 ln

345 3188 432 3241 Vatiu.
453 3190 485 3241 9:
503 3192 603 3259 Leges,
619 3189 727 3241 Aelium
745 3200 771 3239 et
790 3190 900 3257 Fufium
919 3190 992 3245 dico,
1011 3206 1079 3259 quoe
1098 3216 1133 3225 -
1151 3187 1233 3238 etium
1251 3186 1398 3250 inlerSul-

345 3276 408 3328 luna
429 3294 505 3326 arma
526 3277 671 3341 vixerunt,
689 3278 764 3329 solus
783 3278 957 3331 conculceris.
977 3304 1010 3315 -
1047 3276 1102 3340 Pro
1121 3293 1222 3345 quum
1239 3274 1342 3324 iudicia
1360 3286 1398 3327 est

343 3364 370 3416 in
390 3361 470 3414 Drsd.
491 3366 514 3415 1.
535 3365 560 3416 3.
577 3374 610 3413 et
628 3364 746 3427 iudicia,
772 3383 840 3435 quae
867 3383 921 3415 una
951 3381 1013 3416 cum
1042 3361 1122 3413 verbo
1150 3359 1275 3411 iacebunt
1302 3360 1399 3413 omittit

344 3451 408 3503 Corl.
426 3451 507 3503 Drsd.
527 3455 552 3505 4.
571 3480 605 3490 -
649 3452 727 3518 „Non
753 3451 806 3504 boc
829 3450 916 3503 solum
941 3449 1005 3502 lecit
1030 3448 1140 3502 Clodius
1167 3466 1200 3499 eo
1225 3466 1313 3510 anno,
1344 3466 1397 3516 quo

343 3540 393 3593 fuit
411 3540 535 3593 tribunus
551 3540 649 3610 plebis,
669 3552 698 3593 ut
714 3540 784 3611 leges
805 3539 871 3592 nibil
891 3538 1023 3603 valerent,
1041 3536 1087 3590 sed
1106 3536 1186 3588 etiam
1214 3534 1311 3587 multas
1327 3533 1399 3604 leges

343 3627 381 3678 rei
400 3626 525 3698 publicae
543 3627 706 3700 perniciosas
723 3628 800 3694 tulit,
820 3646 887 3699 quas
905 3637 1045 3702 enumerat
1064 3625 1158 3679 Cicero
1178 3641 1228 3693 pro
1241 3622 1271 3674 P.
1283 3620 1397 3675 Sestio.“

343 3713 364 3765 F
372 3735 414 3770 rc.
436 3716 521 3788 Sylv.
559 3718 630 3787 [cap.
649 3705 704 3783 lli]
741 3716 801 3768 Mr.

416 3824 499 3875 quum
519 3824 572 3856 mos
595 3805 705 3874 patrius
731 3805 893 3871 occiderem]
924 3803 1010 3857 codd.
1028 3801 1107 3854 Drsd.
1127 3802 1151 3851 1.
1171 3801 1196 3852 3.
1219 3808 1253 3850 et
1279 3817 1344 3853 mos.
1365 3828 1396 3840 -

344 3893 400 3962 ,‚ls,
421 3893 468 3964 qui
487 3892 654 3963 frequentius
672 3892 770 3946 dicitur
787 3913 842 3945 mos
861 3893 1000 3944 maiorum.
1044 3890 1113 3951 Nam
1139 3887 1289 3941 incivitate
1315 3886 1399 3941 actio·

343 4000 408 4033 uum
427 3990 581 4032 nostrarum
600 3980 668 4033 duae
685 3992 747 4034 sunt
766 3981 841 4053 quasi
859 3979 977 4051 regulae,
996 3990 1102 4051 praeter
1120 3995 1292 4030 communem
1311 3976 1397 4046 legem

345 4068 508 4120 naturalem:
535 4068 573 4120 rel
593 4069 666 4121 enim
684 4082 746 4124 sunt
771 4070 844 4142 leges
861 4070 976 4140 scriptae
1001 4068 1039 4121 vel
1060 4086 1118 4121 mos
1139 4068 1288 4127 maiorum,
1317 4064 1397 4116 nullis
1473 4104 1475 4107 -

346 4157 452 4227 quidem
478 4156 582 4227 legibus
606 4159 788 4230 conscriptus,
822 4159 867 4212 sed
893 4170 982 4211 tamen
1012 4156 1192 4209 observatus.“
1219 4152 1398 4222 Wyttenb.

347 4245 608 4314 Mosputricius
627 4246 774 4322 habetor.
793 4266 817 4304 o.
855 4250 914 4301 ΜΓ.

417 4353 516 4405 quum,
530 4334 610 4403 ferro
625 4332 713 4403 pulsis
731 4333 950 4408 magistratibus]
980 4332 1047 4385 cod.
1067 4330 1146 4384 Drsd.
1166 4332 1190 4381 1.
1209 4331 1234 4382 3.
1262 4336 1297 4377 et
1310 4326 1412 4397 serto..

349 4418 412 4474 Cod.
432 4422 513 4475 Drsd.
527 4425 552 4475 4.
572 4442 654 4493 quum
668 4424 766 4493 foro,
785 4424 857 4506 quod
878 4421 994 4476 enotavit
1011 4421 1091 4473 etiam
1110 4417 1159 4470 Or.
1179 4436 1209 4470 ex
1227 4433 1313 4487 marg.
1333 4413 1400 4467 Cod.

351 4506 404 4561 Bas.
450 4510 505 4562 Pro
530 4511 619 4579 pulsis
638 4521 675 4565 est
692 4512 789 4581 pulsus
813 4510 841 4563 in
861 4509 930 4567 Cod.
956 4507 1014 4561 Cra.
1033 4511 1059 4561 t.
1106 4506 1170 4560 Post
1194 4503 1400 4577 magistratibus
