3517 5450
443 725 681 774 rnotooottuut
709 726 750 770 tu
780 726 949 773 utcuttouts
976 730 1161 782 rtutooxt.
1246 736 1328 784 ΧΧΙΧ

220 948 221 952 ¹
301 891 486 958 pito-tut.
535 887 571 940 Ex
588 887 702 940 aliorum
730 900 818 941 autem
845 909 958 942 numero
988 893 1048 946 satis
1073 913 1171 965 magno
1197 895 1261 949 haec
1286 918 1330 949 ex-

220 1019 222 1025 ,
300 978 436 1046 carpsimus:
466 979 607 1048 Sapientes
632 998 719 1032 onmes
736 997 815 1047 pares
834 997 898 1031 esse.
951 980 1076 1034 Virtutes
1092 1001 1147 1034 esse
1165 984 1330 1037 individuos.

220 1115 222 1126 ¹
299 1067 426 1134 Sapientem
445 1085 547 1136 semper
564 1086 620 1119 esse
638 1069 667 1120 in
683 1069 792 1139 gandia.
829 1068 985 1137 Sapientem
1003 1068 1046 1120 ael
1063 1069 1092 1121 in
1110 1074 1249 1124 tormentis
1268 1072 1332 1123 bea·

220 1206 222 1212 ,
300 1164 340 1204 tan
354 1173 415 1207 esse.
459 1156 613 1224 Sapientem
640 1175 696 1208 esse
723 1152 827 1224 ἀπαθῆ.
876 1157 1029 1224 Sapientem
1053 1178 1107 1211 non
1131 1162 1252 1229 opinari:
1280 1182 1332 1215 non

220 1276 232 1305 ¹:
299 1242 414 1310 ignorare:
433 1262 486 1294 non
499 1243 618 1314 fallere:
646 1263 699 1296 non
718 1244 832 1296 mentiri.
873 1244 997 1312 Sapienti
1016 1245 1086 1297 nihil
1099 1259 1211 1314 praeter
1228 1248 1330 1317 opinio·

299 1348 339 1380 nem
359 1331 468 1384 evenire.
511 1331 602 1383 Solam
629 1333 776 1400 sapientem
799 1350 885 1402 regem
913 1351 976 1385 esse.
1018 1334 1170 1402 Sapientem
1198 1337 1245 1388 deo
1273 1356 1330 1389 esse

230 1460 233 1465 .
299 1437 374 1484 parem.
410 1421 563 1490 Sapientem
582 1421 670 1472 omnia
689 1419 884 1489 nonfacere,
903 1419 1020 1471 maxima
1038 1422 1155 1477 minima.
1191 1424 1330 1493 Sapientes

220 1542 225 1553 .
299 1508 348 1559 ntn
357 1509 426 1561 inter
444 1528 472 1560 se
490 1509 597 1560 amicos.
634 1508 788 1576 Sapientem
806 1507 893 1558 salam
909 1508 1053 1576 pulchrum
1071 1529 1144 1576 esse,
1170 1512 1255 1562 solnm
1282 1530 1331 1563 no-

220 1608 225 1638 3.
301 1594 369 1661 bilem,
385 1598 472 1649 solnm
495 1598 593 1661 civem,
613 1596 698 1648 solnm
719 1596 932 1666 magistratum,
952 1598 1039 1649 solnm
1057 1599 1202 1663 rhetorem,
1218 1605 1328 1669 politam

221 1714 234 1731 .-.
299 1683 395 1750 doctam,
414 1696 519 1750 vatem,
539 1685 718 1747 sacerdotem,
736 1684 859 1738 indicem.
896 1685 1050 1754 Sapientem
1062 1706 1115 1738 non
1133 1688 1207 1755 affici
1217 1687 1328 1743 iniuria.

220 1805 224 1810 -
298 1774 427 1840 Sapientem
440 1792 493 1824 non
504 1774 649 1843 ignoscere,
666 1792 719 1825 non
731 1773 857 1827 misereri.
893 1774 1047 1842 Sapientem
1061 1793 1163 1827 suasere
1181 1775 1330 1847 aliqnando

221 1902 222 1906 ,
297 1873 382 1913 nantem
396 1881 490 1930 posse,
510 1862 613 1925 decere,
633 1860 724 1912 debere
735 1861 770 1924 *).

348 1950 398 2002 lam
420 1963 449 2004 ut
468 1950 501 2003 de
520 1960 649 2019 tempore,
676 1968 730 2020 quo
755 1948 870 2018 scriptus
889 1946 968 2000 fuisse
998 1949 1117 2003 'videatur
1141 1950 1259 2018 libellus,
1288 1953 1330 2004 Ιο-

221 2034 230 2115 Ι’
295 2056 404 2106 quantur,
425 2038 569 2091 videndum
589 2037 653 2104 erit,
673 2049 778 2102 utrum,
804 2036 892 2107 quiin
913 2055 972 2089 eam
992 2057 1049 2090 rem
1068 2039 1219 2092 accuratius
1239 2040 1329 2110 inqui·

220 2134 223 2151 ’
291 2127 403 2195 siverunt,
423 2147 486 2182 cum
505 2127 716 2198 Wyttenbachio
735 2127 842 2192 iaciant,
861 2145 896 2177 an
912 2126 946 2178 ab
965 2145 997 2178 eo
1011 2126 1174 2179 dissentiant.
1211 2125 1245 2179 Et
1255 2127 1330 2197 prio-

290 2232 322 2267 res
335 2217 441 2287 quidem
460 2227 567 2286 praeter
585 2235 630 2282 ea,
651 2236 720 2287 quae
738 2235 818 2287 supra
838 2215 990 2286 posuimus,
1018 2224 1174 2284 argumenta
1195 2214 1259 2267 nihit
1279 2215 1326 2267 ad·

287 2304 382 2356 modum
404 2305 592 2375 protulerunt,
617 2304 689 2374 quod
716 2304 748 2357 ad
775 2304 930 2357 alterutram
956 2304 1114 2357 senteutiam
1135 2303 1172 2356 vei
1190 2303 1329 2357 stabilieu-
1372 2372 1374 2376 ι

286 2390 335 2444 dam
354 2387 587 2446 sei'refutandam
607 2393 715 2446 faceret.
765 2393 798 2446 Et
826 2392 930 2462 primus
954 2392 1078 2462 quidem,
1107 2392 1154 2463 qui
1179 2391 1328 2446 rationibus

280 2479 356 2533 altatis
372 2483 546 2552 impugnaret
565 2500 623 2533 eam
642 2482 818 2544 sententiam,
845 2499 898 2550 qua
919 2499 975 2533 uno
993 2491 1115 2551 tempore
1134 2492 1160 2533 et
1179 2501 1233 2533 uno
1253 2481 1328 2552 quasi

279 2575 364 2621 tenore
382 2569 498 2640 scriptus
517 2569 678 2622 existimatur
695 2568 772 2633 liber,
791 2568 868 2638 eique
881 2567 1003 2620 absoluto
1022 2569 1108 2622 statim
1128 2569 1248 2622 additum
1269 2589 1328 2623 cre·

272 2652 344 2708 ditur
362 2657 548 2727 prooemium,
568 2656 617 2710 tuit
636 2654 838 2718 Schiitzius,
865 2656 911 2726 qui
931 2654 1024 2708 decem
1053 2655 1109 2710 sere
1128 2676 1263 2710 annornm
1284 2658 1326 2710 in-

271 2746 409 2798 tcrsalium
436 2747 507 2799 inter
533 2745 687 2799 inchoatum
707 2744 914 2815 absolutumque
940 2744 1099 2814 opusculum
1126 2746 1230 2811 statuit,
1257 2758 1286 2798 ut
1305 2766 1329 2799 a.

273 2828 310 2886 U.
328 2855 349 2887 c.
367 2840 429 2889 697.
449 2834 548 2905 scripta
567 2834 619 2887 sint
636 2834 772 2886 Parodana
793 2833 858 2897 tria,
878 2833 1042 2901 secundum,
1061 2846 1197 2904 quartum,
1216 2847 1326 2897 sextum,

265 2936 435 2987 postremum
457 2935 529 2977 certe
549 2943 604 2975 non
623 2933 684 2993 post
701 2941 725 2976 a.
745 2924 810 2976 698:
839 2921 1012 2973 Prooemium
1039 2934 1127 2975 autem
1154 2941 1218 2975 cum
1243 2923 1327 2975 tribus

263 3011 379 3082 reliquis
398 3032 471 3064 anno
492 3012 624 3064 tribuatur
643 3021 703 3080 post
720 3010 824 3061 Urbem
844 3009 993 3075 conditam,
1014 3021 1076 3063 uta
1096 3009 1244 3082 plerisque,
1264 3012 1325 3063 tot.

262 3096 355 3154 Cuius
372 3101 483 3172 quidem
503 3100 649 3153 sententiae
668 3098 713 3151 has
732 3097 818 3151 attulit
836 3097 968 3150 rationes:

342 3191 480 3241 Maiarum
500 3188 654 3258 vigiliarum
673 3206 753 3255 opas,
783 3185 816 3237 de
840 3205 895 3257 quo
925 3185 1044 3256 loquitur
1063 3184 1159 3239 Cicero
1179 3186 1207 3238 in
1224 3186 1327 3238 Prooe-

261 3277 340 3342 mio,
360 3277 433 3329 atiud
453 3295 583 3329 essenon
603 3286 703 3347 potest,
729 3267 780 3328 nisi
798 3275 867 3327 liber
891 3275 922 3325 de
946 3274 1227 3337 clamoremanus,
1254 3274 1326 3345 quod

259 3358 298 3417 in
317 3366 428 3418 nomine
446 3367 530 3416 Bruti
548 3365 605 3435 ipse
624 3365 739 3435 scriptor
757 3363 939 3435 comparuisse
958 3363 1030 3415 dicit.
1066 3362 1165 3415 Brutus
1183 3371 1281 3425 autem,
1299 3372 1328 3413 ut

261 3464 389 3516 constat,
408 3453 523 3523 scriptus
541 3464 580 3505 est
598 3471 622 3505 a.
640 3452 673 3505 U.
693 3472 716 3506 c.
736 3455 798 3515 7⁰6,
818 3462 943 3504 extremo.
985 3448 1078 3515 Quum
1103 3459 1164 3500 onte
1187 3446 1259 3500 hunc
1278 3467 1328 3499 an-

263 3552 335 3591 num
355 3541 454 3611 scripta
484 3559 539 3592 esse
564 3560 619 3591 non
646 3540 747 3611 possint
765 3539 920 3604 Paradoxa,
949 3539 976 3589 in
1002 3534 1145 3588 Prooemio
1172 3545 1260 3587 autem
1291 3537 1327 3587 M.

262 3621 393 3692 Catonis,
411 3627 489 3679 Bruti
507 3627 647 3693 avunculi,
675 3629 776 3680 mentio
795 3628 840 3681 fiat
859 3639 888 3681 ut
909 3626 956 3678 vivi
976 3624 1060 3697 [quod
1080 3635 1192 3695 apparet
1219 3643 1248 3676 es
1267 3642 1326 3675 ver·

266 3708 311 3767 bis
328 3716 425 3772 sentit,
452 3727 509 3778 est,
527 3716 632 3783 sotet‚]‚
657 3715 724 3770 Cato
750 3737 812 3770 vero
838 3717 933 3770 Uticae
961 3726 1076 3767 mortem
1101 3712 1149 3780 sibi
1170 3712 1327 3765 consciverit

268 3814 359 3855 niente
378 3803 469 3875 Aprili
484 3822 508 3856 a.
524 3808 591 3869 tot,
621 3825 727 3859 necesse
752 3817 804 3872 est,
834 3804 1007 3857 Prooemium
1038 3802 1168 3871 scriptum
1196 3801 1229 3854 sit
1254 3812 1326 3869 ante,

275 3890 402 3956 quamde
423 3891 481 3944 eius
498 3903 585 3945 morte
605 3894 714 3947 nuntius
732 3894 845 3945 Romam
875 3891 1052 3963 perferretur,
1078 3890 1095 3944 i.
1115 3909 1137 3941 e.
1165 3909 1245 3943 verno
1269 3890 1325 3942 eius

282 3999 483 4021 ὴ·-

292 4146 296 4161 Ι
342 4088 366 4155 ⁸)
386 4087 480 4139 Unum
499 4088 568 4140 addo
587 4091 726 4142 Aristonis
747 4092 804 4142 onii
831 4087 1006 4140 Paradoson:
1033 4081 1098 4138 εἶναι
1124 4079 1209 4146 ὅμοιον
1228 4083 1325 4150 ἀγαθῷ

286 4165 398 4228 nnspnp
424 4156 471 4210 cie
489 4157 582 4219 nonina
610 4162 643 4214 de
670 4182 724 4234 quo
752 4172 831 4218 exstat
857 4161 926 4212 tiber
945 4159 1111 4212 doctissimus
1130 4158 1149 4211 Ι.
1169 4158 1200 4209 Β.
1217 4156 1324 4225 Carp-

290 4229 378 4297 19vii,
397 4230 444 4302 qui
463 4230 630 4285 inscribitur:
649 4234 812 4285 Paradoxon
831 4234 950 4283 Stoicam
973 4231 1112 4283 Aristonis
1133 4230 1191 4279 Citii
1210 4223 1322 4287 ’ὅμοιον

293 4300 360 4350 Ιῖναι
378 4323 400 4354 κ.
418 4322 442 4354 τ.
466 4304 489 4353 i..
526 4302 630 4373 Lipsiae
653 4308 731 4357 1742.
753 4308 777 4357 8.
803 4302 848 4355 ubi
875 4302 926 4354 vid.
947 4303 973 4353 in
994 4300 1086 4371 primis
1103 4299 1175 4352 Sect.
1196 4298 1225 4348 ΙΙ.
1255 4295 1321 4366 Cap.

293 4364 343 4421 tt.
370 4392 393 4442 ρ.
414 4375 579 4427 iao-mo.
603 4373 669 4445 cap.
688 4379 712 4428 c.
741 4396 765 4446 ρ.
785 4376 946 4428 nit-am.
973 4371 1039 4443 cap.
1060 4376 1086 4425 t.
1112 4392 1137 4439 μ.
1158 4372 1322 4423 sot—tm.

220 4506 223 4512 .
294 4446 310 4485 ²¹
323 4442 433 4496 universe
453 4443 486 4495 de
507 4457 600 4498 natura
620 4446 819 4499 Paradoxorum
841 4446 993 4498 Stoicorum
1019 4445 1054 4494 ib.
1073 4442 1142 4493 Sect.
1162 4439 1192 4493 ΙΙ.
1213 4441 1278 4509 Cap.
1296 4443 1320 4491 t.
