3517 5450
685 704 880 752 rtuaooxou
905 707 948 752 ιν.
976 706 1045 756 cae.
1068 708 1090 755 1.
1329 688 1399 762 181

344 861 434 932 ltaque
453 861 595 932 improbus
613 862 721 932 quidem
748 875 834 934 potest
861 863 1006 934 sapientem
1034 878 1123 937 petere
1149 868 1245 928 iniuria
1271 882 1396 943 tanquam

343 951 406 1003 telo:
426 949 471 1002 sed
491 948 543 1003 boc
561 949 659 1016 telum,
678 950 743 1005 haec
762 950 858 1003 iniuria
878 952 911 1004 ad
931 954 1076 1023 sapientem
1095 974 1151 1009 non
1171 957 1302 1026 pervenit,
1334 977 1394 1011 eum

343 1057 397 1091 non
420 1039 535 1109 tangit.“
573 1037 753 1108 Wyttenb.

409 1127 563 1194 pervenisse
581 1126 619 1175 ad
636 1145 675 1176 me
696 1145 834 1196 uunquam
849 1123 960 1199 putavi]
979 1127 1062 1196 Quod
1081 1132 1168 1184 solent
1187 1132 1275 1186 lacere
1293 1133 1394 1186 librarii

342 1213 379 1266 rel
398 1214 573 1284 interpretes,
593 1224 637 1278 ut,
660 1215 704 1266 ubi
725 1214 848 1268 consulto
867 1215 998 1269 omittitur
1017 1218 1146 1287 particula
1168 1219 1257 1291 aliqua
1276 1221 1328 1274 sive
1346 1223 1395 1275 ad-

341 1302 465 1355 versativa
484 1302 537 1354 sive
556 1302 722 1371 opponendo
741 1302 899 1366 inserviens,
925 1322 992 1356 sono
1011 1305 1174 1375 supplenda,
1203 1326 1262 1359 eam
1287 1307 1394 1371 addant,

338 1387 367 1443 id
387 1388 441 1442 boc
460 1408 570 1460 quoque
589 1389 650 1443 loco
669 1391 702 1442 eb
723 1390 752 1442 iis
771 1390 871 1444 lactum
891 1403 942 1454 est,
961 1391 1122 1446 inculcanda
1141 1395 1270 1465 particula
1294 1408 1393 1453 tamen.

339 1496 420 1548 quam
441 1477 565 1530 exhibent
591 1488 642 1530 tres
661 1477 747 1531 Codd.
767 1477 829 1530 Atdi
853 1479 894 1547 (in
920 1498 1036 1550 quornm
1058 1500 1125 1546 uno,
1152 1493 1214 1535 ante
1236 1483 1395 1550 pervenisse,

338 1583 418 1634 supra
439 1564 538 1617 lineam
557 1565 675 1618 additum
696 1566 747 1632 est)
773 1576 798 1618 et
816 1564 884 1618 Edd.
911 1566 1018 1620 multae.
1062 1568 1124 1636 Qua
1150 1570 1183 1623 de
1209 1589 1238 1622 re
1264 1581 1302 1623 est
1329 1570 1394 1623 baec

338 1652 477 1706 annotatio
490 1655 616 1705 Gruteri:
637 1655 806 1723 „pervenisse
824 1655 862 1705 od
882 1674 921 1707 me
939 1655 1005 1710 Pall.
1016 1667 1041 1710 et
1054 1657 1185 1711 Gulsine
1204 1669 1301 1723 terrun,
1321 1660 1392 1730 quod

339 1740 505 1812 inculpatis.
548 1741 605 1794 Pal.
634 1752 692 1795 tert.
713 1753 849 1812 praeterea
869 1742 982 1796 exclusit
999 1744 1037 1794 od
1061 1763 1115 1796 irre:
1141 1742 1324 1817 licetqueper
1342 1765 1394 1809 me,

339 1830 382 1883 cui
401 1840 492 1882 tamen
512 1830 601 1882 minus
620 1829 722 1901 placet,
742 1830 814 1901 quod
834 1831 976 1900 praecessit
994 1832 1130 1901 nefarium
1145 1834 1174 1885 in
1193 1851 1232 1883 me
1250 1834 1393 1885 iniurium:

338 1938 395 1972 non
415 1918 509 1990 placet,
529 1919 654 1989 inquam,
674 1917 756 1972 dictio
774 1919 911 1983 iniuriam,
930 1919 974 1971 sed
994 1919 1058 1990 quid
1078 1919 1134 1973 eius
1151 1918 1212 1973 loco
1226 1919 1392 1984 substituam,

338 2025 393 2059 nnn
414 2007 548 2077 reperio.“
567 2037 604 2047 —
640 2005 725 2059 Nemo
740 2005 886 2059 admodum
906 2007 1007 2060 curavit
1025 2006 1094 2061 banc
1112 2007 1145 2060 de
1164 2028 1186 2060 v.
1195 2008 1322 2059 iniuriam
1341 2009 1392 2061 du-

337 2095 494 2149 bitationem
515 2094 553 2147 vel
571 2094 750 2165 suspicionem
769 2113 784 2146 a
803 2093 921 2146 Grutero
936 2094 1077 2147 iniectam:
1096 2106 1122 2148 et
1140 2096 1242 2147 merito.
1278 2094 1332 2147 Sed
1344 2095 1391 2148 ba-

337 2183 402 2235 bent
420 2193 534 2232 tornea
550 2182 703 2250 pervenisse
722 2179 794 2235 Crat.
808 2180 899 2251 llllagn.
914 2180 991 2246 ttub,
1010 2194 1116 2236 nostrae
1136 2185 1297 2237 Venttttz.
1312 2188 1391 2238 1514.

337 2269 398 2323 Per.
411 2273 490 2323 1507.
509 2272 588 2322 teta.
608 2272 685 2324 1543.
707 2269 773 2323 Dav.
791 2269 857 2340 Arg.
877 2268 955 2322 lldlb.
976 2271 1036 2322 Asc.
1049 2273 1126 2325 1511.
1137 2274 1217 2323 tezo.
1236 2269 1295 2322 ΑΙὰ.
1311 2273 1391 2324 1511.

337 2358 439 2412 Sturm.
458 2358 528 2410 And.
556 2357 630 2421 Tal.;
657 2359 808 2427 pervenisse
833 2367 944 2408 tomen
968 2356 1125 2412 Manutiana
1150 2357 1259 2423 Orellii,
1285 2368 1391 2410 nostrae

337 2447 396 2499 Ald.
419 2449 496 2501 1548.
513 2448 591 2499 1552.
619 2443 697 2498 Boul.
724 2446 837 2497 Lambb.
862 2444 943 2497 Goth.
970 2447 1029 2498 Car.
1055 2446 1153 2517 steph..
1171 2446 1260 2499 llerw.
1286 2449 1391 2499 Carnes.

336 2535 372 2598 ll,
388 2535 474 2587 Wolf.
493 2534 585 2605 Sylb.;
614 2554 643 2586 es
670 2545 729 2586 vett.
757 2533 828 2587 solae
848 2536 917 2587 Vict.
942 2534 1035 2587 Lamb.
1062 2535 1123 2588 Par.
1148 2555 1167 2587 s.
1195 2555 1219 2588 a.
1244 2546 1270 2587 et
1294 2533 1390 2587 Colon.

336 2621 464 2675 omittunt
480 2622 545 2675 illud
565 2633 662 2674 tumen.
711 2621 788 2673 Unus
807 2621 873 2673 cod.
892 2621 952 2673 Aldi
981 2621 1059 2676 babet
1080 2624 1231 2692 pervenisse
1255 2641 1328 2673 eam
1353 2624 1392 2673 od

336 2729 388 2777 me,
408 2722 438 2764 ut
457 2722 494 2764 est
513 2709 592 2764 etiam
612 2710 639 2763 in
660 2709 726 2765 Ors.
746 2709 777 2763 E.
797 2731 839 2779 n,
857 2710 885 2763 in
904 2710 976 2764 Gud.
995 2712 1026 2763 Α.
1046 2713 1175 2782 scriptum
1194 2722 1232 2764 est
1251 2731 1389 2783 nutzpoum

336 2801 373 2851 nd
390 2819 430 2851 nee
445 2802 598 2869 pervenisse
607 2822 616 2860 ‚-
636 2801 664 2853 in
684 2799 764 2852 Drsd.
782 2804 807 2854 5.
826 2818 865 2852 on
880 2800 972 2850 nitit
988 2801 1147 2869 pervenisse.
1184 2800 1243 2852 ΜΓ.

408 2888 472 2939 Nisi
492 2889 585 2960 forte,
606 2908 697 2963 *quum
723 2889 842 2957 parietes
865 2886 1066 2955 ‹listurbabosd
1093 2886 1161 2941 Cod.
1189 2887 1268 2941 Drsd.
1288 2892 1313 2941 5.
1337 2890 1390 2940 nisi

335 2996 408 3028 cum
426 2977 508 3045 sorte.
529 3005 560 3015 -
598 2975 681 3043 „Quo
703 2976 745 3028 die
764 2977 858 3031 Cicero
879 2996 908 3029 ex
928 2978 994 3029 urbe
1014 2977 1146 3041 discessit,
1164 2976 1195 3029 P.
1215 2974 1326 3029 Clodius
1339 2976 1388 3030 do·

335 3084 410 3118 mum
431 3065 502 3131 eius,
523 3066 637 3135 quaein
656 3064 758 3118 Palatio
778 3078 847 3131 erat,
877 3065 1013 3130 incendit,
1040 3064 1154 3136 parietes
1171 3063 1340 3128 disturbavit,
1360 3075 1389 3116 ut

335 3174 366 3208 eo
386 3154 414 3205 in
435 3153 495 3205 loco
514 3152 578 3205 deae
597 3153 737 3206 Libertatis
755 3154 884 3225 templum
904 3153 1071 3217 aedificaret,
1095 3163 1223 3222 tanquam
1250 3149 1389 3205 Ciceronis

334 3241 442 3295 exilium
461 3240 599 3293 Romanae
618 3240 713 3293 civitati
743 3242 890 3294 libertatem
917 3240 1054 3293 afferret.“
1081 3240 1154 3293 Frc.
1171 3239 1262 3310 Sylv.
1309 3240 1388 3305 „Do-

334 3349 395 3383 mus
423 3341 449 3382 et
466 3328 540 3381 villas
566 3327 704 3382 Ciceronis
728 3330 909 3383 combusserat
934 3326 1058 3392 Clodius,
1086 3346 1156 3397 quae
1181 3338 1287 3379 senatus
1316 3330 1386 3378 iussu

334 3436 395 3470 aere
414 3416 523 3488 publico
542 3416 701 3469 instauratae
720 3417 837 3469 fuerunt.
884 3414 959 3482 Ques
989 3414 1084 3466 domus
1111 3412 1221 3465 Clodius
1245 3412 1387 3465 demolitus

334 3506 381 3570 sit,
401 3514 492 3557 narrat
511 3504 600 3556 Attico
621 3503 717 3557 Cicero
736 3503 780 3555 lib.
801 3503 875 3573 epist.
894 3507 920 3555 4.
945 3502 977 3554 ad
999 3502 1051 3554 Au.
1071 3502 1138 3567 [3.]⁴‘
1166 3501 1188 3551 X
1196 3510 1259 3570 yst.
1277 3499 1386 3553 Betul.

334 3591 574 3663 „suppellectilem
590 3592 670 3645 etiam
682 3590 820 3646 Ciceronis
838 3601 863 3643 et
883 3589 999 3661 reliquas
1011 3608 1075 3661 opes
1094 3589 1181 3643 bastae
1199 3588 1309 3641 subiecit
1322 3588 1386 3640 cto-

333 3680 407 3743 dius,
434 3691 462 3732 ut
481 3679 518 3731 ait
534 3679 694 3733 Plutarchus
721 3681 748 3733 in
768 3681 828 3733 Vita
853 3678 1019 3734 Ciceronis.“
1047 3677 1129 3731 tud.
1146 3676 1217 3729 Tal.
1241 3677 1311 3747 [cap.
1330 3678 1385 3744 33.]

334 3765 414 3819 Conl.
439 3766 495 3820 Cic.
522 3787 570 3837 pro
590 3768 647 3820 lltlil.
666 3771 723 3835 32„
747 3769 774 3821 in
798 3769 890 3823 Pison.
910 3771 952 3823 11.
980 3786 1029 3840 pro
1054 3766 1144 3820 Domo
1165 3769 1199 3821 23
1218 3786 1312 3837 sq.,—
1355 3765 1385 3819 ln

334 3875 407 3926 seqq.
427 3854 478 3908 Ox.
498 3873 527 3916 ψ.
546 3854 625 3909 babet
637 3857 729 3926 facies
749 3878 798 3929 pro
813 3859 913 3928 seces5
934 3857 1005 3910 Gud.
1023 3856 1053 3909 B.
1070 3855 1219 3926 inserebat,
1243 3874 1293 3926 pro
1311 3852 1386 3923 infe-

334 3945 420 3998 rebas.
469 3943 580 3997 Confert
607 3944 688 4015 Borg.
709 3944 766 3999 Cat.
783 3945 827 4014 Ill,
847 3948 876 3999 u:
906 3947 1034 4015 quisunt
1053 3945 1183 4014 funestos
1208 3961 1241 3993 nc
1265 3941 1385 4012 nefarios

334 4034 408 4103 ignes
427 4032 540 4101 inferre
549 4034 647 4085 conati.
684 4033 713 4084 M
721 4053 742 4086 r.

404 4140 465 4171 cum
489 4120 608 4188 parietes
627 4111 661 4159 ὲ-
680 4120 826 4192 inserebas]
870 4117 1001 4186 „Clodius
1025 4138 1074 4190 per
1099 4120 1265 4190 plebiscitum
1286 4116 1385 4170 ellece—

334 4219 386 4274 rat,
407 4219 436 4261 ut
456 4206 588 4261 Cicerone
607 4210 634 4261 in
655 4210 760 4262 exilium
777 4209 885 4281 expulso
904 4209 960 4261 eins
977 4209 1073 4262 domus
1097 4208 1288 4261 disturbaretur
1313 4214 1339 4256 et
1356 4204 1384 4255 in

334 4316 392 4349 area
413 4295 541 4349 sacellum
561 4296 700 4351 Libertatis
719 4309 930 4352 consecraretur.
956 4315 958 4319 ’
981 4295 1035 4348 lam
1055 4313 1139 4367 quum
1160 4294 1255 4346 domus
1273 4291 1384 4343 Cicero-

335 4384 374 4436 nis
390 4406 405 4437 a
425 4384 508 4437 labris
525 4383 727 4451 disturbaretur,
747 4387 847 4439 sactum
866 4395 904 4438 est
926 4402 1059 4438 concursu
1078 4381 1224 4435 Clodianae
1243 4378 1336 4451 plebis,
1355 4390 1385 4431 ut

337 4471 423 4525 eadem
444 4473 541 4545 domus
568 4471 757 4529 incenderetur
775 4485 800 4527 et
825 4465 976 4545 deflagaret.
1022 4471 1084 4537 Qua
1110 4470 1142 4522 de
1165 4488 1194 4521 re
1213 4467 1309 4522 Cicero
1327 4467 1383 4537 ipse
