<?xml version="1.0" encoding="UTF-8"?>
<!DOCTYPE html PUBLIC "-//W3C//DTD XHTML 1.0 Transitional//EN"
    "http://www.w3.org/TR/xhtml1/DTD/xhtml1-transitional.dtd">
<html xmlns="http://www.w3.org/1999/xhtml" xml:lang="en" lang="en">
 <head>
  <title>
</title>
<meta http-equiv="Content-Type" content="text/html;charset=utf-8" />
  <meta name='ocr-system' content='tesseract 3.04.00' />
  <meta name='ocr-capabilities' content='ocr_page ocr_carea ocr_par ocr_line ocrx_word'/>
</head>
<body>
  <div class='ocr_page' id='page_1' title='image "./mtulliiciceroni15cicegoog_0173.png"; bbox 0 0 3517 5450; ppageno 0'>
   <div class='ocr_carea' id='block_1_1' title="bbox 656 716 1387 792">
    <p class='ocr_par' dir='ltr' id='par_1_1' title="bbox 656 716 1387 792">
     <span class='ocr_line' id='line_1_1' title="bbox 656 716 1387 792; baseline 0.012 -10"><span class='ocrx_word' id='word_1_1' title='bbox 656 736 850 783; x_wconf 77' lang='lat' dir='ltr'>rsuauoxou</span> <span class='ocrx_word' id='word_1_2' title='bbox 878 739 926 784; x_wconf 89' lang='lat'>111.</span> <span class='ocrx_word' id='word_1_3' title='bbox 955 739 1023 787; x_wconf 70' lang='lat' dir='ltr'>cir.</span> <span class='ocrx_word' id='word_1_4' title='bbox 1043 742 1064 786; x_wconf 86' lang='grc' dir='ltr'>ι.</span> <span class='ocrx_word' id='word_1_5' title='bbox 1317 716 1387 792; x_wconf 85' lang='grc'>127</span> 
     </span>
    </p>
   </div>
   <div class='ocr_carea' id='block_1_2' title="bbox 348 893 1390 4569">
    <p class='ocr_par' dir='ltr' id='par_1_2' title="bbox 348 893 1390 1229">
     <span class='ocr_line' id='line_1_2' title="bbox 348 893 1389 967; baseline 0.006 -19"><span class='ocrx_word' id='word_1_6' title='bbox 348 906 395 948; x_wconf 85' lang='lat' dir='ltr'>turn</span> <span class='ocrx_word' id='word_1_7' title='bbox 412 893 540 949; x_wconf 81' lang='lat' dir='ltr'>differunt</span> <span class='ocrx_word' id='word_1_8' title='bbox 559 895 586 947; x_wconf 89' lang='lat' dir='ltr'>in</span> <span class='ocrx_word' id='word_1_9' title='bbox 606 894 677 960; x_wconf 85' lang='lat' dir='ltr'>aliis,</span> <span class='ocrx_word' id='word_1_10' title='bbox 703 894 751 948; x_wconf 90' lang='lat' dir='ltr'>uisi</span> <span class='ocrx_word' id='word_1_11' title='bbox 778 895 850 967; x_wconf 89' lang='lat' dir='ltr'>quod</span> <span class='ocrx_word' id='word_1_12' title='bbox 870 894 920 948; x_wconf 88' lang='lat' dir='ltr'>Ed.</span> <span class='ocrx_word' id='word_1_13' title='bbox 939 896 999 948; x_wconf 87' lang='lat' dir='ltr'>Par.</span> <span class='ocrx_word' id='word_1_14' title='bbox 1019 917 1038 949; x_wconf 92' lang='lat' dir='ltr'>s.</span> <span class='ocrx_word' id='word_1_15' title='bbox 1061 916 1083 949; x_wconf 93' lang='lat' dir='ltr'>a.</span> <span class='ocrx_word' id='word_1_16' title='bbox 1104 908 1129 951; x_wconf 95' lang='lat' dir='ltr'>et</span> <span class='ocrx_word' id='word_1_17' title='bbox 1157 897 1217 951; x_wconf 75' lang='lat' dir='ltr'>Asc.</span> <span class='ocrx_word' id='word_1_18' title='bbox 1236 901 1316 954; x_wconf 73' lang='lat'><strong>1⁵11.</strong></span> <span class='ocrx_word' id='word_1_19' title='bbox 1342 900 1389 954; x_wconf 83' lang='lat' dir='ltr'>lsa-</span> 
     </span>
     <span class='ocr_line' id='line_1_3' title="bbox 350 981 1390 1048; baseline 0.006 -12"><span class='ocrx_word' id='word_1_20' title='bbox 350 983 404 1036; x_wconf 86' lang='lat' dir='ltr'>bcut</span> <span class='ocrx_word' id='word_1_21' title='bbox 419 981 480 1033; x_wconf 80' lang='lat' dir='ltr'>lsoc</span> <span class='ocrx_word' id='word_1_22' title='bbox 499 1001 565 1034; x_wconf 88' lang='lat' dir='ltr'>uno</span> <span class='ocrx_word' id='word_1_23' title='bbox 583 983 620 1032; x_wconf 72' lang='lat' dir='ltr'>iel</span> <span class='ocrx_word' id='word_1_24' title='bbox 637 992 761 1048; x_wconf 83' lang='lat' dir='ltr'>tenetur,</span> <span class='ocrx_word' id='word_1_25' title='bbox 778 983 839 1035; x_wconf 89' lang='lat' dir='ltr'>Par.</span> <span class='ocrx_word' id='word_1_26' title='bbox 860 985 940 1036; x_wconf 75' lang='lat' dir='ltr'>tstt.</span> <span class='ocrx_word' id='word_1_27' title='bbox 959 995 986 1037; x_wconf 87' lang='lat' dir='ltr'>et</span> <span class='ocrx_word' id='word_1_28' title='bbox 1005 984 1072 1037; x_wconf 81' lang='lat' dir='ltr'>Dar.</span> <span class='ocrx_word' id='word_1_29' title='bbox 1100 985 1136 1037; x_wconf 90' lang='lat' dir='ltr'>in</span> <span class='ocrx_word' id='word_1_30' title='bbox 1154 987 1203 1038; x_wconf 77' lang='lat' dir='ltr'>too</span> <span class='ocrx_word' id='word_1_31' title='bbox 1222 1007 1275 1040; x_wconf 93' lang='lat' dir='ltr'>uno</span> <span class='ocrx_word' id='word_1_32' title='bbox 1294 999 1347 1041; x_wconf 85' lang='lat' dir='ltr'>ten.</span> <span class='ocrx_word' id='word_1_33' title='bbox 1364 999 1390 1042; x_wconf 85' lang='lat' dir='ltr'>et</span> 
     </span>
     <span class='ocr_line' id='line_1_4' title="bbox 353 1069 1390 1147; baseline 0.006 -25"><span class='ocrx_word' id='word_1_34' title='bbox 353 1069 422 1140; x_wconf 79' lang='lat' dir='ltr'>lugd.</span> <span class='ocrx_word' id='word_1_35' title='bbox 439 1070 470 1120; x_wconf 91' lang='lat' dir='ltr'>id</span> <span class='ocrx_word' id='word_1_36' title='bbox 487 1070 538 1122; x_wconf 79' lang='lat' dir='ltr'>lios·</span> <span class='ocrx_word' id='word_1_37' title='bbox 557 1089 622 1125; x_wconf 85' lang='lat' dir='ltr'>non</span> <span class='ocrx_word' id='word_1_38' title='bbox 641 1080 758 1125; x_wconf 87' lang='lat' dir='ltr'>tenetur.</span> <span class='ocrx_word' id='word_1_39' title='bbox 796 1071 886 1123; x_wconf 88' lang='lat' dir='ltr'>Verba</span> <span class='ocrx_word' id='word_1_40' title='bbox 912 1072 943 1122; x_wconf 88' lang='lat' dir='ltr'>id</span> <span class='ocrx_word' id='word_1_41' title='bbox 959 1073 1008 1124; x_wconf 80' lang='lat' dir='ltr'>lsoc</span> <span class='ocrx_word' id='word_1_42' title='bbox 1027 1092 1080 1124; x_wconf 92' lang='lat' dir='ltr'>uno</span> <span class='ocrx_word' id='word_1_43' title='bbox 1098 1083 1205 1125; x_wconf 85' lang='lat' dir='ltr'>tenetur</span> <span class='ocrx_word' id='word_1_44' title='bbox 1223 1073 1288 1126; x_wconf 85' lang='lat' dir='ltr'>Eru.</span> <span class='ocrx_word' id='word_1_45' title='bbox 1308 1075 1390 1147; x_wconf 80' lang='lat' dir='ltr'>expli·</span> 
     </span>
     <span class='ocr_line' id='line_1_5' title="bbox 354 1156 839 1229; baseline 0.002 -18"><span class='ocrx_word' id='word_1_46' title='bbox 354 1168 395 1211; x_wconf 84' lang='lat' dir='ltr'>sat:</span> <span class='ocrx_word' id='word_1_47' title='bbox 412 1156 598 1222; x_wconf 80' lang='lat' dir='ltr'>„convincitur</span> <span class='ocrx_word' id='word_1_48' title='bbox 615 1159 745 1229; x_wconf 86' lang='lat' dir='ltr'>peccati.“</span> <span class='ocrx_word' id='word_1_49' title='bbox 782 1157 839 1212; x_wconf 81' lang='lat' dir='ltr'>lllr.</span> 
     </span>
    </p>

    <p class='ocr_par' dir='ltr' id='par_1_3' title="bbox 354 1245 1390 2283">
     <span class='ocr_line' id='line_1_6' title="bbox 408 1245 1390 1318; baseline 0.008 -21"><span class='ocrx_word' id='word_1_50' title='bbox 408 1245 485 1314; x_wconf 83' lang='lat' dir='ltr'>Quod</span> <span class='ocrx_word' id='word_1_51' title='bbox 504 1249 595 1296; x_wconf 82' lang='lat' dir='ltr'>autem</span> <span class='ocrx_word' id='word_1_52' title='bbox 615 1274 649 1283; x_wconf 93' lang='lat'><em>-</em></span> <span class='ocrx_word' id='word_1_53' title='bbox 668 1246 837 1312; x_wconf 67' lang='lat' dir='ltr'>nuntiare]</span> <span class='ocrx_word' id='word_1_54' title='bbox 875 1245 967 1312; x_wconf 86' lang='lat' dir='ltr'>„llaec</span> <span class='ocrx_word' id='word_1_55' title='bbox 986 1245 1068 1300; x_wconf 92' lang='lat' dir='ltr'>dictio</span> <span class='ocrx_word' id='word_1_56' title='bbox 1088 1245 1222 1318; x_wconf 80' lang='lat' dir='ltr'><strong>duplicem</strong></span> <span class='ocrx_word' id='word_1_57' title='bbox 1241 1246 1320 1304; x_wconf 84' lang='lat' dir='ltr'>babet</span> <span class='ocrx_word' id='word_1_58' title='bbox 1337 1249 1390 1304; x_wconf 85' lang='lat' dir='ltr'>dit-</span> 
     </span>
     <span class='ocr_line' id='line_1_7' title="bbox 354 1331 1388 1405; baseline 0.007 -21"><span class='ocrx_word' id='word_1_59' title='bbox 354 1331 493 1395; x_wconf 82' lang='lat' dir='ltr'>lcultatem,</span> <span class='ocrx_word' id='word_1_60' title='bbox 512 1351 626 1404; x_wconf 85' lang='lat' dir='ltr'>quarum</span> <span class='ocrx_word' id='word_1_61' title='bbox 646 1352 699 1386; x_wconf 94' lang='lat' dir='ltr'>una</span> <span class='ocrx_word' id='word_1_62' title='bbox 719 1344 757 1387; x_wconf 86' lang='lat' dir='ltr'>est</span> <span class='ocrx_word' id='word_1_63' title='bbox 774 1333 802 1387; x_wconf 92' lang='lat' dir='ltr'>in</span> <span class='ocrx_word' id='word_1_64' title='bbox 817 1335 898 1387; x_wconf 79' lang='lat' dir='ltr'>serbo</span> <span class='ocrx_word' id='word_1_65' title='bbox 917 1334 1016 1397; x_wconf 84' lang='lat' dir='ltr'>teneri,</span> <span class='ocrx_word' id='word_1_66' title='bbox 1046 1333 1119 1405; x_wconf 88' lang='lat' dir='ltr'>quod</span> <span class='ocrx_word' id='word_1_67' title='bbox 1149 1354 1177 1386; x_wconf 82' lang='lat' dir='ltr'>ex</span> <span class='ocrx_word' id='word_1_68' title='bbox 1198 1334 1314 1389; x_wconf 87' lang='lat' dir='ltr'>iudiciali</span> <span class='ocrx_word' id='word_1_69' title='bbox 1340 1356 1388 1391; x_wconf 90' lang='lat' dir='ltr'>usu</span> 
     </span>
     <span class='ocr_line' id='line_1_8' title="bbox 356 1419 1390 1494; baseline 0.008 -23"><span class='ocrx_word' id='word_1_70' title='bbox 356 1419 443 1490; x_wconf 86' lang='lat' dir='ltr'>ponitur</span> <span class='ocrx_word' id='word_1_71' title='bbox 463 1438 514 1491; x_wconf 89' lang='lat' dir='ltr'>pro</span> <span class='ocrx_word' id='word_1_72' title='bbox 535 1431 675 1474; x_wconf 75' lang='lat' dir='ltr'><strong>nocentem</strong></span> <span class='ocrx_word' id='word_1_73' title='bbox 695 1441 765 1489; x_wconf 79' lang='lat' dir='ltr'>esse,</span> <span class='ocrx_word' id='word_1_74' title='bbox 785 1441 922 1493; x_wconf 77' lang='lat' dir='ltr'>peccasse,</span> <span class='ocrx_word' id='word_1_75' title='bbox 944 1441 1059 1494; x_wconf 83' lang='lat' dir='ltr'>poenam</span> <span class='ocrx_word' id='word_1_76' title='bbox 1080 1422 1185 1476; x_wconf 86' lang='lat' dir='ltr'>mereri.</span> <span class='ocrx_word' id='word_1_77' title='bbox 1228 1421 1319 1477; x_wconf 77' lang='lat' dir='ltr'>Altera</span> <span class='ocrx_word' id='word_1_78' title='bbox 1337 1425 1390 1478; x_wconf 84' lang='lat' dir='ltr'>dil·</span> 
     </span>
     <span class='ocr_line' id='line_1_9' title="bbox 356 1505 1389 1581; baseline 0.007 -23"><span class='ocrx_word' id='word_1_79' title='bbox 356 1505 437 1562; x_wconf 87' lang='lat' dir='ltr'>tieultas</span> <span class='ocrx_word' id='word_1_80' title='bbox 455 1519 494 1562; x_wconf 89' lang='lat' dir='ltr'>est</span> <span class='ocrx_word' id='word_1_81' title='bbox 514 1508 542 1560; x_wconf 91' lang='lat' dir='ltr'>iu</span> <span class='ocrx_word' id='word_1_82' title='bbox 561 1510 777 1575; x_wconf 87' lang='lat' dir='ltr'>constructione,</span> <span class='ocrx_word' id='word_1_83' title='bbox 794 1530 863 1581; x_wconf 89' lang='lat' dir='ltr'>quae</span> <span class='ocrx_word' id='word_1_84' title='bbox 887 1509 922 1562; x_wconf 90' lang='lat' dir='ltr'>ita</span> <span class='ocrx_word' id='word_1_85' title='bbox 942 1520 980 1563; x_wconf 88' lang='lat' dir='ltr'>est</span> <span class='ocrx_word' id='word_1_86' title='bbox 999 1508 1178 1580; x_wconf 82' lang='lat' dir='ltr'>expedienda,</span> <span class='ocrx_word' id='word_1_87' title='bbox 1208 1519 1238 1579; x_wconf 88' lang='lat' dir='ltr'>ut</span> <span class='ocrx_word' id='word_1_88' title='bbox 1256 1529 1314 1564; x_wconf 84' lang='lat' dir='ltr'>eam</span> <span class='ocrx_word' id='word_1_89' title='bbox 1342 1531 1389 1565; x_wconf 88' lang='lat' dir='ltr'>ac-</span> 
     </span>
     <span class='ocr_line' id='line_1_10' title="bbox 358 1596 1388 1668; baseline 0.002 -19"><span class='ocrx_word' id='word_1_90' title='bbox 358 1596 466 1668; x_wconf 83' lang='lat' dir='ltr'>cipiamus</span> <span class='ocrx_word' id='word_1_91' title='bbox 487 1617 516 1650; x_wconf 84' lang='lat' dir='ltr'>er</span> <span class='ocrx_word' id='word_1_92' title='bbox 535 1597 664 1649; x_wconf 89' lang='lat' dir='ltr'>eiusmodi</span> <span class='ocrx_word' id='word_1_93' title='bbox 687 1616 750 1662; x_wconf 89' lang='lat' dir='ltr'>usu,</span> <span class='ocrx_word' id='word_1_94' title='bbox 781 1615 835 1667; x_wconf 91' lang='lat' dir='ltr'>quo</span> <span class='ocrx_word' id='word_1_95' title='bbox 859 1607 986 1650; x_wconf 82' lang='lat' dir='ltr'>neutrum</span> <span class='ocrx_word' id='word_1_96' title='bbox 1014 1596 1124 1668; x_wconf 89' lang='lat' dir='ltr'>ponitur</span> <span class='ocrx_word' id='word_1_97' title='bbox 1152 1615 1202 1668; x_wconf 94' lang='lat' dir='ltr'>pro</span> <span class='ocrx_word' id='word_1_98' title='bbox 1231 1598 1388 1663; x_wconf 88' lang='lat' dir='ltr'>masculino,</span> 
     </span>
     <span class='ocr_line' id='line_1_11' title="bbox 356 1683 1389 1757; baseline 0.003 -22"><span class='ocrx_word' id='word_1_99' title='bbox 356 1695 374 1736; x_wconf 87' lang='lat' dir='ltr'>et</span> <span class='ocrx_word' id='word_1_100' title='bbox 386 1684 417 1739; x_wconf 87' lang='lat' dir='ltr'>sic</span> <span class='ocrx_word' id='word_1_101' title='bbox 434 1704 484 1755; x_wconf 82' lang='lat' dir='ltr'>per</span> <span class='ocrx_word' id='word_1_102' title='bbox 501 1683 741 1755; x_wconf 70' lang='lat' dir='ltr'>breviloquentiam</span> <span class='ocrx_word' id='word_1_103' title='bbox 759 1683 860 1737; x_wconf 89' lang='lat' dir='ltr'>dietum</span> <span class='ocrx_word' id='word_1_104' title='bbox 879 1684 912 1738; x_wconf 91' lang='lat' dir='ltr'>sit</span> <span class='ocrx_word' id='word_1_105' title='bbox 931 1703 994 1755; x_wconf 83' lang='lat' dir='ltr'>pro:</span> <span class='ocrx_word' id='word_1_106' title='bbox 1015 1683 1070 1752; x_wconf 91' lang='lat' dir='ltr'>Qui</span> <span class='ocrx_word' id='word_1_107' title='bbox 1090 1695 1178 1738; x_wconf 86' lang='lat' dir='ltr'>autern</span> <span class='ocrx_word' id='word_1_108' title='bbox 1197 1684 1299 1757; x_wconf 91' lang='lat' dir='ltr'>aliquid</span> <span class='ocrx_word' id='word_1_109' title='bbox 1313 1705 1389 1740; x_wconf 90' lang='lat' dir='ltr'>com-</span> 
     </span>
     <span class='ocr_line' id='line_1_12' title="bbox 357 1769 1389 1845; baseline 0.004 -23"><span class='ocrx_word' id='word_1_110' title='bbox 357 1770 422 1837; x_wconf 88' lang='lat' dir='ltr'>nisit,</span> <span class='ocrx_word' id='word_1_111' title='bbox 445 1771 518 1844; x_wconf 89' lang='lat' dir='ltr'>quod</span> <span class='ocrx_word' id='word_1_112' title='bbox 550 1791 605 1826; x_wconf 93' lang='lat' dir='ltr'>non</span> <span class='ocrx_word' id='word_1_113' title='bbox 633 1771 708 1837; x_wconf 86' lang='lat' dir='ltr'>licet,</span> <span class='ocrx_word' id='word_1_114' title='bbox 739 1772 766 1824; x_wconf 89' lang='lat' dir='ltr'>in</span> <span class='ocrx_word' id='word_1_115' title='bbox 786 1769 859 1824; x_wconf 89' lang='lat' dir='ltr'>hunc</span> <span class='ocrx_word' id='word_1_116' title='bbox 888 1771 948 1823; x_wconf 86' lang='lat' dir='ltr'>satis</span> <span class='ocrx_word' id='word_1_117' title='bbox 967 1790 1063 1842; x_wconf 84' lang='lat' dir='ltr'>magua</span> <span class='ocrx_word' id='word_1_118' title='bbox 1091 1773 1161 1827; x_wconf 91' lang='lat' dir='ltr'>cadit</span> <span class='ocrx_word' id='word_1_119' title='bbox 1189 1773 1267 1845; x_wconf 87' lang='lat' dir='ltr'>culpa</span> <span class='ocrx_word' id='word_1_120' title='bbox 1293 1785 1319 1828; x_wconf 85' lang='lat' dir='ltr'>et</span> <span class='ocrx_word' id='word_1_121' title='bbox 1338 1775 1389 1826; x_wconf 90' lang='lat' dir='ltr'>im-</span> 
     </span>
     <span class='ocr_line' id='line_1_13' title="bbox 358 1858 1389 1932; baseline 0.003 -21"><span class='ocrx_word' id='word_1_122' title='bbox 358 1860 452 1928; x_wconf 84' lang='lat' dir='ltr'>putatio,</span> <span class='ocrx_word' id='word_1_123' title='bbox 479 1861 499 1913; x_wconf 90' lang='lat' dir='ltr'>si</span> <span class='ocrx_word' id='word_1_124' title='bbox 525 1860 693 1913; x_wconf 83' lang='lat' dir='ltr'>convincitur</span> <span class='ocrx_word' id='word_1_125' title='bbox 716 1877 777 1912; x_wconf 91' lang='lat' dir='ltr'>eum</span> <span class='ocrx_word' id='word_1_126' title='bbox 808 1858 908 1930; x_wconf 87' lang='lat' dir='ltr'>aliquid</span> <span class='ocrx_word' id='word_1_127' title='bbox 938 1859 1042 1924; x_wconf 84' lang='lat' dir='ltr'>secisse,</span> <span class='ocrx_word' id='word_1_128' title='bbox 1073 1860 1145 1932; x_wconf 85' lang='lat' dir='ltr'>quod</span> <span class='ocrx_word' id='word_1_129' title='bbox 1173 1880 1229 1913; x_wconf 92' lang='lat' dir='ltr'>non</span> <span class='ocrx_word' id='word_1_130' title='bbox 1257 1861 1389 1914; x_wconf 82' lang='lat' dir='ltr'>licuerit.⁴‘</span> 
     </span>
     <span class='ocr_line' id='line_1_14' title="bbox 357 1945 1389 2019; baseline 0.002 -19"><span class='ocrx_word' id='word_1_131' title='bbox 357 1945 439 2018; x_wconf 90' lang='lat' dir='ltr'>Wytt.</span> <span class='ocrx_word' id='word_1_132' title='bbox 477 1947 519 2000; x_wconf 78' lang='lat' dir='ltr'>Ad</span> <span class='ocrx_word' id='word_1_133' title='bbox 539 1947 695 2002; x_wconf 86' lang='lat' dir='ltr'>senteutiam</span> <span class='ocrx_word' id='word_1_134' title='bbox 716 1946 787 2000; x_wconf 83' lang='lat' dir='ltr'>verbi</span> <span class='ocrx_word' id='word_1_135' title='bbox 806 1952 921 2018; x_wconf 82' lang='lat' dir='ltr'>arguere</span> <span class='ocrx_word' id='word_1_136' title='bbox 948 1947 999 2001; x_wconf 85' lang='lat' dir='ltr'>vid.</span> <span class='ocrx_word' id='word_1_137' title='bbox 1023 1967 1091 2019; x_wconf 88' lang='lat' dir='ltr'>quae</span> <span class='ocrx_word' id='word_1_138' title='bbox 1110 1947 1222 2001; x_wconf 90' lang='lat' dir='ltr'>contulit</span> <span class='ocrx_word' id='word_1_139' title='bbox 1248 1949 1278 2002; x_wconf 87' lang='lat' dir='ltr'>E.</span> <span class='ocrx_word' id='word_1_140' title='bbox 1303 1949 1389 2002; x_wconf 89' lang='lat' dir='ltr'>Kaer·</span> 
     </span>
     <span class='ocr_line' id='line_1_15' title="bbox 359 2031 1387 2106; baseline 0.005 -21"><span class='ocrx_word' id='word_1_141' title='bbox 359 2031 405 2087; x_wconf 80' lang='lat' dir='ltr'>cler</span> <span class='ocrx_word' id='word_1_142' title='bbox 418 2037 443 2089; x_wconf 89' lang='lat' dir='ltr'>in</span> <span class='ocrx_word' id='word_1_143' title='bbox 461 2035 553 2089; x_wconf 89' lang='lat' dir='ltr'><strong>libello</strong></span> <span class='ocrx_word' id='word_1_144' title='bbox 573 2055 596 2090; x_wconf 87' lang='lat' dir='ltr'>a.</span> <span class='ocrx_word' id='word_1_145' title='bbox 614 2039 692 2090; x_wconf 76' lang='lat'>1828.</span> <span class='ocrx_word' id='word_1_146' title='bbox 713 2033 890 2088; x_wconf 77' lang='lat' dir='ltr'>Carolsruliae</span> <span class='ocrx_word' id='word_1_147' title='bbox 908 2034 1038 2103; x_wconf 89' lang='lat' dir='ltr'>(octonis)</span> <span class='ocrx_word' id='word_1_148' title='bbox 1054 2036 1139 2088; x_wconf 87' lang='lat' dir='ltr'>edito:</span> <span class='ocrx_word' id='word_1_149' title='bbox 1157 2035 1198 2086; x_wconf 85' lang='lat' dir='ltr'>De</span> <span class='ocrx_word' id='word_1_150' title='bbox 1217 2036 1316 2106; x_wconf 87' lang='lat' dir='ltr'>optima</span> <span class='ocrx_word' id='word_1_151' title='bbox 1335 2037 1387 2090; x_wconf 89' lang='lat' dir='ltr'>La·</span> 
     </span>
     <span class='ocr_line' id='line_1_16' title="bbox 359 2121 1388 2194; baseline 0.003 -22"><span class='ocrx_word' id='word_1_152' title='bbox 359 2121 393 2175; x_wconf 88' lang='lat' dir='ltr'>tiui</span> <span class='ocrx_word' id='word_1_153' title='bbox 413 2124 495 2178; x_wconf 73' lang='lat' dir='ltr'>herici</span> <span class='ocrx_word' id='word_1_154' title='bbox 522 2125 663 2178; x_wconf 79' lang='lat' dir='ltr'>condendi</span> <span class='ocrx_word' id='word_1_155' title='bbox 691 2123 818 2188; x_wconf 85' lang='lat' dir='ltr'>Ratione,</span> <span class='ocrx_word' id='word_1_156' title='bbox 844 2141 870 2193; x_wconf 89' lang='lat' dir='ltr'>p.</span> <span class='ocrx_word' id='word_1_157' title='bbox 886 2124 1015 2176; x_wconf 74' lang='lat'>39-41.</span> <span class='ocrx_word' id='word_1_158' title='bbox 1041 2122 1087 2175; x_wconf 88' lang='lat' dir='ltr'>ubi</span> <span class='ocrx_word' id='word_1_159' title='bbox 1112 2133 1233 2177; x_wconf 90' lang='lat' dir='ltr'>nostrum</span> <span class='ocrx_word' id='word_1_160' title='bbox 1260 2125 1388 2194; x_wconf 76' lang='lat' dir='ltr'><em>arguitur</em></span> 
     </span>
     <span class='ocr_line' id='line_1_17' title="bbox 360 2210 836 2283; baseline -0.008 -17"><span class='ocrx_word' id='word_1_161' title='bbox 360 2211 481 2280; x_wconf 74' lang='lat' dir='ltr'>explicatur</span> <span class='ocrx_word' id='word_1_162' title='bbox 499 2213 580 2265; x_wconf 83' lang='lat' dir='ltr'>verbo</span> <span class='ocrx_word' id='word_1_163' title='bbox 597 2213 739 2283; x_wconf 81' lang='lat' dir='ltr'>probetur.</span> <span class='ocrx_word' id='word_1_164' title='bbox 776 2210 836 2263; x_wconf 86' lang='lat' dir='ltr'>Mr.</span> 
     </span>
    </p>

    <p class='ocr_par' dir='ltr' id='par_1_4' title="bbox 356 2297 1388 3603">
     <span class='ocr_line' id='line_1_18' title="bbox 410 2297 1385 2371; baseline 0 -19"><span class='ocrx_word' id='word_1_165' title='bbox 410 2302 484 2371; x_wconf 80' lang='lat' dir='ltr'>Quod</span> <span class='ocrx_word' id='word_1_166' title='bbox 500 2310 592 2352; x_wconf 85' lang='lat' dir='ltr'>cutem</span> <span class='ocrx_word' id='word_1_167' title='bbox 617 2300 749 2352; x_wconf 83' lang='lat' dir='ltr'>nonlicet</span> <span class='ocrx_word' id='word_1_168' title='bbox 768 2328 803 2338; x_wconf 90' lang='lat'>-—</span> <span class='ocrx_word' id='word_1_169' title='bbox 823 2299 951 2371; x_wconf 83' lang='lat' dir='ltr'>aequalia</span> <span class='ocrx_word' id='word_1_170' title='bbox 976 2299 1031 2350; x_wconf 85' lang='lat' dir='ltr'>sint</span> <span class='ocrx_word' id='word_1_171' title='bbox 1051 2301 1175 2368; x_wconf 68' lang='lat' dir='ltr'>oportet]</span> <span class='ocrx_word' id='word_1_172' title='bbox 1219 2297 1385 2365; x_wconf 82' lang='lat' dir='ltr'>„Continent</span> 
     </span>
     <span class='ocr_line' id='line_1_19' title="bbox 359 2381 1388 2460; baseline 0 -20"><span class='ocrx_word' id='word_1_173' title='bbox 359 2381 406 2440; x_wconf 72' lang='lat' dir='ltr'>laec</span> <span class='ocrx_word' id='word_1_174' title='bbox 421 2389 491 2460; x_wconf 87' lang='lat' dir='ltr'>quasi</span> <span class='ocrx_word' id='word_1_175' title='bbox 510 2388 694 2460; x_wconf 81' lang='lat' dir='ltr'><strong>syllogismum</strong></span> <span class='ocrx_word' id='word_1_176' title='bbox 714 2387 799 2442; x_wconf 83' lang='lat' dir='ltr'>hunc:</span> <span class='ocrx_word' id='word_1_177' title='bbox 817 2387 845 2440; x_wconf 91' lang='lat' dir='ltr'>Si</span> <span class='ocrx_word' id='word_1_178' title='bbox 865 2387 907 2451; x_wconf 86' lang='lat' dir='ltr'>id,</span> <span class='ocrx_word' id='word_1_179' title='bbox 934 2387 1006 2458; x_wconf 89' lang='lat' dir='ltr'>quod</span> <span class='ocrx_word' id='word_1_180' title='bbox 1037 2386 1187 2451; x_wconf 87' lang='lat' dir='ltr'>nonlicet,</span> <span class='ocrx_word' id='word_1_181' title='bbox 1212 2386 1240 2439; x_wconf 90' lang='lat' dir='ltr'>in</span> <span class='ocrx_word' id='word_1_182' title='bbox 1271 2405 1303 2440; x_wconf 91' lang='lat' dir='ltr'>eo</span> <span class='ocrx_word' id='word_1_183' title='bbox 1330 2388 1388 2459; x_wconf 84' lang='lat' dir='ltr'>ipso</span> 
     </span>
     <span class='ocr_line' id='line_1_20' title="bbox 359 2474 1386 2542; baseline 0.001 -17"><span class='ocrx_word' id='word_1_184' title='bbox 359 2474 467 2542; x_wconf 80' lang='lat' dir='ltr'>consistit,</span> <span class='ocrx_word' id='word_1_185' title='bbox 486 2489 589 2531; x_wconf 91' lang='lat' dir='ltr'>utnon</span> <span class='ocrx_word' id='word_1_186' title='bbox 608 2475 699 2530; x_wconf 88' lang='lat' dir='ltr'>liceat:</span> <span class='ocrx_word' id='word_1_187' title='bbox 726 2488 752 2530; x_wconf 90' lang='lat' dir='ltr'>et</span> <span class='ocrx_word' id='word_1_188' title='bbox 776 2477 795 2529; x_wconf 89' lang='lat' dir='ltr'>si</span> <span class='ocrx_word' id='word_1_189' title='bbox 824 2476 850 2527; x_wconf 88' lang='lat' dir='ltr'>id</span> <span class='ocrx_word' id='word_1_190' title='bbox 877 2474 959 2528; x_wconf 89' lang='lat' dir='ltr'>licere</span> <span class='ocrx_word' id='word_1_191' title='bbox 979 2494 1029 2528; x_wconf 91' lang='lat' dir='ltr'>nec</span> <span class='ocrx_word' id='word_1_192' title='bbox 1055 2475 1140 2527; x_wconf 90' lang='lat' dir='ltr'>maius</span> <span class='ocrx_word' id='word_1_193' title='bbox 1159 2493 1210 2528; x_wconf 90' lang='lat' dir='ltr'>neo</span> <span class='ocrx_word' id='word_1_194' title='bbox 1228 2474 1317 2527; x_wconf 90' lang='lat' dir='ltr'>minus</span> <span class='ocrx_word' id='word_1_195' title='bbox 1335 2493 1386 2526; x_wconf 87' lang='lat' dir='ltr'>un·</span> 
     </span>
     <span class='ocr_line' id='line_1_21' title="bbox 359 2564 1386 2636; baseline 0.001 -23"><span class='ocrx_word' id='word_1_196' title='bbox 359 2577 419 2628; x_wconf 85' lang='lat' dir='ltr'>quam</span> <span class='ocrx_word' id='word_1_197' title='bbox 443 2564 500 2617; x_wconf 78' lang='lat' dir='ltr'>sieri</span> <span class='ocrx_word' id='word_1_198' title='bbox 521 2575 619 2636; x_wconf 86' lang='lat' dir='ltr'>potest;</span> <span class='ocrx_word' id='word_1_199' title='bbox 645 2566 778 2636; x_wconf 88' lang='lat' dir='ltr'>sequitur,</span> <span class='ocrx_word' id='word_1_200' title='bbox 807 2575 835 2617; x_wconf 93' lang='lat' dir='ltr'>ut</span> <span class='ocrx_word' id='word_1_201' title='bbox 859 2575 984 2634; x_wconf 85' lang='lat' dir='ltr'>peccata,</span> <span class='ocrx_word' id='word_1_202' title='bbox 1020 2581 1088 2633; x_wconf 88' lang='lat' dir='ltr'>quae</span> <span class='ocrx_word' id='word_1_203' title='bbox 1118 2580 1148 2613; x_wconf 84' lang='grc' dir='ltr'>ει</span> <span class='ocrx_word' id='word_1_204' title='bbox 1175 2581 1207 2613; x_wconf 88' lang='lat' dir='ltr'>eo</span> <span class='ocrx_word' id='word_1_205' title='bbox 1236 2573 1386 2626; x_wconf 87' lang='lat' dir='ltr'>nascantur,</span> 
     </span>
     <span class='ocr_line' id='line_1_22' title="bbox 359 2648 1387 2724; baseline 0.004 -24"><span class='ocrx_word' id='word_1_206' title='bbox 359 2649 413 2718; x_wconf 87' lang='lat' dir='ltr'>quod</span> <span class='ocrx_word' id='word_1_207' title='bbox 427 2671 531 2724; x_wconf 86' lang='lat' dir='ltr'>semper</span> <span class='ocrx_word' id='word_1_208' title='bbox 549 2672 635 2706; x_wconf 90' lang='lat' dir='ltr'>unurn</span> <span class='ocrx_word' id='word_1_209' title='bbox 653 2663 679 2706; x_wconf 87' lang='lat' dir='ltr'>et</span> <span class='ocrx_word' id='word_1_210' title='bbox 696 2653 766 2705; x_wconf 90' lang='lat' dir='ltr'>idem</span> <span class='ocrx_word' id='word_1_211' title='bbox 786 2662 840 2717; x_wconf 86' lang='lat' dir='ltr'>est,</span> <span class='ocrx_word' id='word_1_212' title='bbox 868 2650 989 2722; x_wconf 89' lang='lat' dir='ltr'>aequalia</span> <span class='ocrx_word' id='word_1_213' title='bbox 1008 2649 1068 2703; x_wconf 89' lang='lat' dir='ltr'>sint.</span> <span class='ocrx_word' id='word_1_214' title='bbox 1121 2648 1204 2721; x_wconf 81' lang='lat' dir='ltr'>Atqui</span> <span class='ocrx_word' id='word_1_215' title='bbox 1231 2668 1322 2702; x_wconf 85' lang='lat' dir='ltr'>verum</span> <span class='ocrx_word' id='word_1_216' title='bbox 1349 2661 1387 2704; x_wconf 88' lang='lat' dir='ltr'>est</span> 
     </span>
     <span class='ocr_line' id='line_1_23' title="bbox 358 2736 1387 2813; baseline 0.002 -24"><span class='ocrx_word' id='word_1_217' title='bbox 358 2741 507 2809; x_wconf 70' lang='lat' dir='ltr'>intendens,</span> <span class='ocrx_word' id='word_1_218' title='bbox 536 2760 601 2812; x_wconf 79' lang='lat' dir='ltr'>ergo</span> <span class='ocrx_word' id='word_1_219' title='bbox 621 2742 700 2795; x_wconf 89' lang='lat' dir='ltr'>etiam</span> <span class='ocrx_word' id='word_1_220' title='bbox 723 2760 899 2813; x_wconf 86' lang='lat' dir='ltr'>consequens.</span> <span class='ocrx_word' id='word_1_221' title='bbox 943 2740 993 2793; x_wconf 83' lang='lat' dir='ltr'>Hic</span> <span class='ocrx_word' id='word_1_222' title='bbox 1020 2737 1188 2810; x_wconf 76' lang='lat' dir='ltr'><strong>syllogismus</strong></span> <span class='ocrx_word' id='word_1_223' title='bbox 1214 2736 1325 2807; x_wconf 83' lang='lat' dir='ltr'>fingitur</span> <span class='ocrx_word' id='word_1_224' title='bbox 1351 2738 1387 2791; x_wconf 84' lang='lat' dir='ltr'>ita</span> 
     </span>
     <span class='ocr_line' id='line_1_24' title="bbox 359 2825 1387 2901; baseline 0.001 -23"><span class='ocrx_word' id='word_1_225' title='bbox 359 2827 509 2896; x_wconf 76' lang='lat' dir='ltr'>reprehendi,</span> <span class='ocrx_word' id='word_1_226' title='bbox 531 2839 561 2883; x_wconf 90' lang='lat' dir='ltr'>ut</span> <span class='ocrx_word' id='word_1_227' title='bbox 578 2850 621 2896; x_wconf 86' lang='lat' dir='ltr'>ea,</span> <span class='ocrx_word' id='word_1_228' title='bbox 644 2850 711 2901; x_wconf 91' lang='lat' dir='ltr'>quae</span> <span class='ocrx_word' id='word_1_229' title='bbox 731 2829 809 2901; x_wconf 77' lang='lat' dir='ltr'><strong>vulgo</strong></span> <span class='ocrx_word' id='word_1_230' title='bbox 829 2828 927 2882; x_wconf 88' lang='lat' dir='ltr'>dicitur</span> <span class='ocrx_word' id='word_1_231' title='bbox 946 2826 1047 2892; x_wconf 85' lang='lat' dir='ltr'>maior,</span> <span class='ocrx_word' id='word_1_232' title='bbox 1073 2846 1093 2879; x_wconf 88' lang='lat' dir='ltr'>s.</span> <span class='ocrx_word' id='word_1_233' title='bbox 1113 2825 1288 2890; x_wconf 68' lang='lat' dir='ltr'>antecedens,</span> <span class='ocrx_word' id='word_1_234' title='bbox 1315 2826 1387 2897; x_wconf 92' lang='lat' dir='ltr'>quod</span> 
     </span>
     <span class='ocr_line' id='line_1_25' title="bbox 360 2913 1386 2989; baseline -0.001 -23"><span class='ocrx_word' id='word_1_235' title='bbox 360 2916 434 2972; x_wconf 77' lang='lat' dir='ltr'>tectius</span> <span class='ocrx_word' id='word_1_236' title='bbox 451 2919 563 2981; x_wconf 87' lang='lat' dir='ltr'>dicitur,</span> <span class='ocrx_word' id='word_1_237' title='bbox 583 2918 751 2989; x_wconf 87' lang='lat' dir='ltr'>Propositio,</span> <span class='ocrx_word' id='word_1_238' title='bbox 780 2917 813 2971; x_wconf 92' lang='lat' dir='ltr'>ab</span> <span class='ocrx_word' id='word_1_239' title='bbox 833 2915 983 2970; x_wconf 79' lang='lat' dir='ltr'>adversario</span> <span class='ocrx_word' id='word_1_240' title='bbox 1003 2925 1130 2985; x_wconf 83' lang='lat' dir='ltr'>negetur,</span> <span class='ocrx_word' id='word_1_241' title='bbox 1160 2914 1236 2966; x_wconf 87' lang='lat' dir='ltr'>cuius</span> <span class='ocrx_word' id='word_1_242' title='bbox 1264 2913 1386 2982; x_wconf 82' lang='lat' dir='ltr'>negatio·</span> 
     </span>
     <span class='ocr_line' id='line_1_26' title="bbox 360 3001 1386 3074; baseline -0.002 -20"><span class='ocrx_word' id='word_1_243' title='bbox 360 3019 404 3056; x_wconf 84' lang='lat' dir='ltr'>uem</span> <span class='ocrx_word' id='word_1_244' title='bbox 420 3006 450 3060; x_wconf 86' lang='lat' dir='ltr'>ita</span> <span class='ocrx_word' id='word_1_245' title='bbox 470 3006 570 3060; x_wconf 76' lang='lat' dir='ltr'>refutat</span> <span class='ocrx_word' id='word_1_246' title='bbox 587 3003 700 3073; x_wconf 88' lang='lat' dir='ltr'>Cicero,</span> <span class='ocrx_word' id='word_1_247' title='bbox 718 3018 748 3060; x_wconf 91' lang='lat' dir='ltr'>ut</span> <span class='ocrx_word' id='word_1_248' title='bbox 772 3005 837 3059; x_wconf 87' lang='lat' dir='ltr'>haec</span> <span class='ocrx_word' id='word_1_249' title='bbox 864 3004 943 3058; x_wconf 86' lang='lat' dir='ltr'>rerba</span> <span class='ocrx_word' id='word_1_250' title='bbox 967 3003 1053 3057; x_wconf 86' lang='lat' dir='ltr'>dicat:</span> <span class='ocrx_word' id='word_1_251' title='bbox 1082 3002 1208 3074; x_wconf 85' lang='lat' dir='ltr'>quonium</span> <span class='ocrx_word' id='word_1_252' title='bbox 1236 3001 1264 3052; x_wconf 86' lang='lat' dir='ltr'>in</span> <span class='ocrx_word' id='word_1_253' title='bbox 1291 3019 1321 3051; x_wconf 85' lang='lat' dir='ltr'>eo</span> <span class='ocrx_word' id='word_1_254' title='bbox 1345 3011 1386 3052; x_wconf 89' lang='lat' dir='ltr'>est</span> 
     </span>
     <span class='ocr_line' id='line_1_27' title="bbox 356 3088 1385 3163; baseline 0.001 -23"><span class='ocrx_word' id='word_1_255' title='bbox 356 3103 484 3157; x_wconf 65' lang='lat' dir='ltr'>puratum,</span> <span class='ocrx_word' id='word_1_256' title='bbox 515 3093 587 3163; x_wconf 79' lang='lat' dir='ltr'>quod</span> <span class='ocrx_word' id='word_1_257' title='bbox 604 3113 655 3145; x_wconf 89' lang='lat' dir='ltr'>non</span> <span class='ocrx_word' id='word_1_258' title='bbox 679 3094 766 3147; x_wconf 87' lang='lat' dir='ltr'>licuit.</span> <span class='ocrx_word' id='word_1_259' title='bbox 814 3095 940 3147; x_wconf 86' lang='lat' dir='ltr'>Ceterum</span> <span class='ocrx_word' id='word_1_260' title='bbox 967 3091 1065 3144; x_wconf 82' lang='lat' dir='ltr'>falsitas</span> <span class='ocrx_word' id='word_1_261' title='bbox 1090 3090 1167 3142; x_wconf 87' lang='lat' dir='ltr'>buius</span> <span class='ocrx_word' id='word_1_262' title='bbox 1195 3088 1339 3160; x_wconf 76' lang='lat' dir='ltr'><strong>syllogismi</strong></span> <span class='ocrx_word' id='word_1_263' title='bbox 1359 3100 1385 3141; x_wconf 87' lang='grc' dir='ltr'>ει</span> 
     </span>
     <span class='ocr_line' id='line_1_28' title="bbox 359 3173 1386 3252; baseline 0.001 -25"><span class='ocrx_word' id='word_1_264' title='bbox 359 3173 396 3227; x_wconf 78' lang='lat' dir='ltr'>ian</span> <span class='ocrx_word' id='word_1_265' title='bbox 412 3199 479 3233; x_wconf 90' lang='lat' dir='ltr'>nunc</span> <span class='ocrx_word' id='word_1_266' title='bbox 497 3182 610 3233; x_wconf 84' lang='lat' dir='ltr'>sentitur</span> <span class='ocrx_word' id='word_1_267' title='bbox 631 3192 656 3234; x_wconf 89' lang='lat' dir='ltr'>et</span> <span class='ocrx_word' id='word_1_268' title='bbox 674 3182 701 3233; x_wconf 88' lang='lat' dir='ltr'>in</span> <span class='ocrx_word' id='word_1_269' title='bbox 720 3180 892 3252; x_wconf 87' lang='lat' dir='ltr'>sequentibus</span> <span class='ocrx_word' id='word_1_270' title='bbox 911 3178 996 3249; x_wconf 79' lang='lat' dir='ltr'>magis</span> <span class='ocrx_word' id='word_1_271' title='bbox 1014 3178 1181 3250; x_wconf 87' lang='lat' dir='ltr'>apparebit.“</span> <span class='ocrx_word' id='word_1_272' title='bbox 1206 3177 1386 3247; x_wconf 90' lang='lat' dir='ltr'>Wyttenb.</span> 
     </span>
     <span class='ocr_line' id='line_1_29' title="bbox 358 3261 1385 3338; baseline 0.003 -24"><span class='ocrx_word' id='word_1_273' title='bbox 358 3261 388 3314; x_wconf 81' lang='lat' dir='ltr'>tid</span> <span class='ocrx_word' id='word_1_274' title='bbox 403 3285 420 3317; x_wconf 88' lang='grc' dir='ltr'>ι.</span> <span class='ocrx_word' id='word_1_275' title='bbox 436 3279 544 3319; x_wconf 87' lang='lat' dir='ltr'>tenetur</span> <span class='ocrx_word' id='word_1_276' title='bbox 564 3268 668 3322; x_wconf 81' lang='lat' dir='ltr'>confert</span> <span class='ocrx_word' id='word_1_277' title='bbox 688 3267 789 3321; x_wconf 76' lang='lat' dir='ltr'>Geruli.</span> <span class='ocrx_word' id='word_1_278' title='bbox 816 3266 874 3321; x_wconf 81' lang='lat' dir='ltr'>Cic.</span> <span class='ocrx_word' id='word_1_279' title='bbox 894 3286 944 3338; x_wconf 87' lang='lat' dir='ltr'>pro</span> <span class='ocrx_word' id='word_1_280' title='bbox 971 3265 1076 3319; x_wconf 88' lang='lat' dir='ltr'>Cluent.</span> <span class='ocrx_word' id='word_1_281' title='bbox 1096 3268 1140 3330; x_wconf 80' lang='lat'>44,</span> <span class='ocrx_word' id='word_1_282' title='bbox 1159 3267 1227 3318; x_wconf 77' lang='lat'><strong>125:</strong></span> <span class='ocrx_word' id='word_1_283' title='bbox 1252 3284 1300 3315; x_wconf 88' lang='lat' dir='ltr'>nec</span> <span class='ocrx_word' id='word_1_284' title='bbox 1330 3265 1385 3317; x_wconf 84' lang='lat' dir='ltr'>utto</span> 
     </span>
     <span class='ocr_line' id='line_1_30' title="bbox 359 3350 1386 3427; baseline -0.001 -23"><span class='ocrx_word' id='word_1_285' title='bbox 359 3366 492 3421; x_wconf 73' lang='lat' dir='ltr'>tegumento</span> <span class='ocrx_word' id='word_1_286' title='bbox 513 3355 688 3409; x_wconf 82' lang='lat' dir='ltr'>Cluentianae</span> <span class='ocrx_word' id='word_1_287' title='bbox 712 3358 841 3427; x_wconf 82' lang='lat' dir='ltr'>pecuniae</span> <span class='ocrx_word' id='word_1_288' title='bbox 870 3357 967 3407; x_wconf 84' lang='lat' dir='ltr'>crimen</span> <span class='ocrx_word' id='word_1_289' title='bbox 993 3352 1178 3405; x_wconf 81' lang='lat' dir='ltr'>tenebitur</span> <span class='ocrx_word' id='word_1_290' title='bbox 1186 3372 1196 3412; x_wconf 88' lang='lat'><em>;</em></span> <span class='ocrx_word' id='word_1_291' title='bbox 1223 3350 1256 3403; x_wconf 92' lang='lat' dir='ltr'>ad</span> <span class='ocrx_word' id='word_1_292' title='bbox 1281 3371 1302 3403; x_wconf 87' lang='lat' dir='ltr'>r.</span> <span class='ocrx_word' id='word_1_293' title='bbox 1324 3352 1386 3403; x_wconf 87' lang='lat' dir='ltr'>licet</span> 
     </span>
     <span class='ocr_line' id='line_1_31' title="bbox 358 3432 1387 3517; baseline -0.006 -21"><span class='ocrx_word' id='word_1_294' title='bbox 358 3432 420 3511; x_wconf 73' lang='lat' dir='ltr'>tog.</span> <span class='ocrx_word' id='word_1_295' title='bbox 437 3444 491 3498; x_wconf 74' lang='lat' dir='ltr'>cie.</span> <span class='ocrx_word' id='word_1_296' title='bbox 511 3441 578 3495; x_wconf 73' lang='lat' dir='ltr'>rsit.</span> <span class='ocrx_word' id='word_1_297' title='bbox 598 3443 668 3510; x_wconf 79' lang='lat' dir='ltr'>xus,</span> <span class='ocrx_word' id='word_1_298' title='bbox 687 3448 715 3499; x_wconf 76' lang='lat' dir='ltr'>n:</span> <span class='ocrx_word' id='word_1_299' title='bbox 733 3444 877 3517; x_wconf 63' lang='lat' dir='ltr'>sequium</span> <span class='ocrx_word' id='word_1_300' title='bbox 896 3443 1003 3494; x_wconf 61' lang='lat' dir='ltr'>nce..</span> <span class='ocrx_word' id='word_1_301' title='bbox 1022 3440 1147 3504; x_wconf 62' lang='lat' dir='ltr'>saumas,</span> <span class='ocrx_word' id='word_1_302' title='bbox 1175 3439 1249 3508; x_wconf 73' lang='lat' dir='ltr'>quoe</span> <span class='ocrx_word' id='word_1_303' title='bbox 1274 3436 1387 3507; x_wconf 67' lang='lat' dir='ltr'>tegnas,</span> 
     </span>
     <span class='ocr_line' id='line_1_32' title="bbox 358 3529 1121 3603; baseline 0.008 -30"><span class='ocrx_word' id='word_1_304' title='bbox 358 3529 411 3591; x_wconf 80' lang='lat' dir='ltr'>quoti</span> <span class='ocrx_word' id='word_1_305' title='bbox 425 3549 493 3583; x_wconf 84' lang='lat' dir='ltr'>nore</span> <span class='ocrx_word' id='word_1_306' title='bbox 511 3532 642 3583; x_wconf 83' lang='lat' dir='ltr'>maiorum</span> <span class='ocrx_word' id='word_1_307' title='bbox 659 3532 847 3603; x_wconf 76' lang='lat' dir='ltr'>institutisque</span> <span class='ocrx_word' id='word_1_308' title='bbox 865 3530 1027 3583; x_wconf 82' lang='lat' dir='ltr'>conceditur.</span> <span class='ocrx_word' id='word_1_309' title='bbox 1065 3530 1121 3581; x_wconf 85' lang='lat' dir='ltr'>Mr.</span> 
     </span>
    </p>

    <p class='ocr_par' dir='ltr' id='par_1_5' title="bbox 351 3614 1386 4569">
     <span class='ocr_line' id='line_1_33' title="bbox 410 3614 1384 3687; baseline 0 -21"><span class='ocrx_word' id='word_1_310' title='bbox 410 3618 441 3667; x_wconf 88' lang='lat' dir='ltr'>Id</span> <span class='ocrx_word' id='word_1_311' title='bbox 455 3618 480 3671; x_wconf 89' lang='lat' dir='ltr'>si</span> <span class='ocrx_word' id='word_1_312' title='bbox 498 3621 661 3687; x_wconf 82' lang='lat' dir='ltr'>nec&#39;rnoius]</span> <span class='ocrx_word' id='word_1_313' title='bbox 698 3619 764 3686; x_wconf 86' lang='lat' dir='ltr'>„Sic</span> <span class='ocrx_word' id='word_1_314' title='bbox 792 3639 886 3674; x_wconf 88' lang='lat' dir='ltr'>omnes</span> <span class='ocrx_word' id='word_1_315' title='bbox 904 3618 972 3674; x_wconf 82' lang='lat' dir='ltr'>mei:</span> <span class='ocrx_word' id='word_1_316' title='bbox 1002 3636 1058 3670; x_wconf 91' lang='lat' dir='ltr'>uno</span> <span class='ocrx_word' id='word_1_317' title='bbox 1077 3625 1200 3686; x_wconf 81' lang='lat' dir='ltr'>excepto,</span> <span class='ocrx_word' id='word_1_318' title='bbox 1230 3614 1258 3666; x_wconf 89' lang='lat' dir='ltr'>in</span> <span class='ocrx_word' id='word_1_319' title='bbox 1285 3614 1384 3686; x_wconf 90' lang='lat' dir='ltr'>quoin</span> 
     </span>
     <span class='ocr_line' id='line_1_34' title="bbox 356 3700 1386 3781; baseline 0.009 -33"><span class='ocrx_word' id='word_1_320' title='bbox 356 3703 455 3773; x_wconf 80' lang='lat' dir='ltr'>margine</span> <span class='ocrx_word' id='word_1_321' title='bbox 474 3705 581 3759; x_wconf 89' lang='lat' dir='ltr'>additur</span> <span class='ocrx_word' id='word_1_322' title='bbox 599 3708 719 3777; x_wconf 78' lang='lat' dir='ltr'>quidem:</span> <span class='ocrx_word' id='word_1_323' title='bbox 744 3710 779 3759; x_wconf 86' lang='lat' dir='ltr'>Id</span> <span class='ocrx_word' id='word_1_324' title='bbox 794 3710 818 3762; x_wconf 89' lang='lat' dir='ltr'>si</span> <span class='ocrx_word' id='word_1_325' title='bbox 837 3708 974 3781; x_wconf 87' lang='lat' dir='ltr'>quidem</span> <span class='ocrx_word' id='word_1_326' title='bbox 999 3724 1046 3758; x_wconf 89' lang='lat' dir='ltr'>nec</span> <span class='ocrx_word' id='word_1_327' title='bbox 1064 3705 1177 3759; x_wconf 86' lang='lat' dir='ltr'>moius.“</span> <span class='ocrx_word' id='word_1_328' title='bbox 1205 3700 1278 3755; x_wconf 79' lang='lat' dir='ltr'>Ald.</span> <span class='ocrx_word' id='word_1_329' title='bbox 1299 3700 1386 3757; x_wconf 86' lang='lat' dir='ltr'>Man.</span> 
     </span>
     <span class='ocr_line' id='line_1_35' title="bbox 356 3780 1385 3869; baseline 0.004 -28"><span class='ocrx_word' id='word_1_330' title='bbox 356 3780 394 3839; x_wconf 72' lang='lat' dir='ltr'>dlii</span> <span class='ocrx_word' id='word_1_331' title='bbox 409 3792 434 3841; x_wconf 89' lang='lat' dir='ltr'>id</span> <span class='ocrx_word' id='word_1_332' title='bbox 450 3794 480 3845; x_wconf 88' lang='lat' dir='ltr'>si</span> <span class='ocrx_word' id='word_1_333' title='bbox 499 3794 640 3865; x_wconf 83' lang='lat' dir='ltr'>quidem.</span> <span class='ocrx_word' id='word_1_334' title='bbox 678 3795 731 3849; x_wconf 85' lang='lat' dir='ltr'>Sed</span> <span class='ocrx_word' id='word_1_335' title='bbox 745 3796 778 3850; x_wconf 85' lang='lat' dir='ltr'>in</span> <span class='ocrx_word' id='word_1_336' title='bbox 797 3796 908 3869; x_wconf 83' lang='lat' dir='ltr'>vulgatis</span> <span class='ocrx_word' id='word_1_337' title='bbox 931 3794 1006 3848; x_wconf 90' lang='lat' dir='ltr'>libris</span> <span class='ocrx_word' id='word_1_338' title='bbox 1025 3804 1078 3847; x_wconf 88' lang='lat' dir='ltr'>tota</span> <span class='ocrx_word' id='word_1_339' title='bbox 1098 3792 1225 3863; x_wconf 87' lang='lat' dir='ltr'>periodus</span> <span class='ocrx_word' id='word_1_340' title='bbox 1238 3791 1304 3846; x_wconf 84' lang='lat' dir='ltr'>haec</span> <span class='ocrx_word' id='word_1_341' title='bbox 1322 3811 1385 3863; x_wconf 87' lang='lat' dir='ltr'>pra-</span> 
     </span>
     <span class='ocr_line' id='line_1_36' title="bbox 356 3870 1386 3939; baseline 0.005 -10"><span class='ocrx_word' id='word_1_342' title='bbox 356 3870 600 3936; x_wconf 73' lang='lat' dir='ltr'>tltdistiuctionibus</span> <span class='ocrx_word' id='word_1_343' title='bbox 620 3885 799 3939; x_wconf 86' lang='lat' dir='ltr'>contaminata</span> <span class='ocrx_word' id='word_1_344' title='bbox 819 3887 885 3939; x_wconf 87' lang='lat' dir='ltr'>est.“</span> <span class='ocrx_word' id='word_1_345' title='bbox 913 3884 1013 3937; x_wconf 84' lang='lat' dir='ltr'>Face.</span> <span class='ocrx_word' id='word_1_346' title='bbox 1059 3880 1106 3933; x_wconf 83' lang='lat' dir='ltr'>Est</span> <span class='ocrx_word' id='word_1_347' title='bbox 1133 3880 1161 3932; x_wconf 89' lang='lat' dir='ltr'>in</span> <span class='ocrx_word' id='word_1_348' title='bbox 1188 3879 1253 3933; x_wconf 88' lang='lat' dir='ltr'>Cod.</span> <span class='ocrx_word' id='word_1_349' title='bbox 1283 3881 1342 3933; x_wconf 80' lang='lat' dir='ltr'>Cre.</span> <span class='ocrx_word' id='word_1_350' title='bbox 1360 3883 1386 3934; x_wconf 78' lang='lat'>3.</span> 
     </span>
     <span class='ocr_line' id='line_1_37' title="bbox 354 3956 1386 4043; baseline 0.002 -26"><span class='ocrx_word' id='word_1_351' title='bbox 354 3956 377 4007; x_wconf 66' lang='grc'>11</span> <span class='ocrx_word' id='word_1_352' title='bbox 389 3968 551 4040; x_wconf 83' lang='lat' dir='ltr'>siquidem</span> <span class='ocrx_word' id='word_1_353' title='bbox 573 3990 633 4035; x_wconf 85' lang='lat' dir='ltr'>nec,</span> <span class='ocrx_word' id='word_1_354' title='bbox 652 3971 733 4043; x_wconf 91' lang='lat' dir='ltr'>idque</span> <span class='ocrx_word' id='word_1_355' title='bbox 753 3972 850 4026; x_wconf 86' lang='lat' dir='ltr'>habeut</span> <span class='ocrx_word' id='word_1_356' title='bbox 868 3971 919 4025; x_wconf 91' lang='lat' dir='ltr'>Ed.</span> <span class='ocrx_word' id='word_1_357' title='bbox 939 3990 983 4040; x_wconf 84' lang='lat' dir='ltr'>ap.</span> <span class='ocrx_word' id='word_1_358' title='bbox 1000 3968 1085 4022; x_wconf 85' lang='lat' dir='ltr'>Meus.</span> <span class='ocrx_word' id='word_1_359' title='bbox 1104 3969 1174 4020; x_wconf 84' lang='lat' dir='ltr'>Crat.</span> <span class='ocrx_word' id='word_1_360' title='bbox 1188 3966 1280 4038; x_wconf 83' lang='lat' dir='ltr'>Magn.</span> <span class='ocrx_word' id='word_1_361' title='bbox 1293 3967 1386 4021; x_wconf 85' lang='lat' dir='ltr'>Lamb.</span> 
     </span>
     <span class='ocr_line' id='line_1_38' title="bbox 354 4042 1385 4122; baseline -0.001 -10"><span class='ocrx_word' id='word_1_362' title='bbox 354 4042 419 4108; x_wconf 71' lang='lat' dir='ltr'>suffr,</span> <span class='ocrx_word' id='word_1_363' title='bbox 442 4058 532 4122; x_wconf 86' lang='lat' dir='ltr'>Petri,</span> <span class='ocrx_word' id='word_1_364' title='bbox 562 4080 591 4111; x_wconf 84' lang='lat' dir='ltr'>er</span> <span class='ocrx_word' id='word_1_365' title='bbox 617 4060 714 4113; x_wconf 87' lang='lat' dir='ltr'>nostris</span> <span class='ocrx_word' id='word_1_366' title='bbox 738 4063 809 4114; x_wconf 87' lang='lat' dir='ltr'>Ven.&#39;</span> <span class='ocrx_word' id='word_1_367' title='bbox 830 4064 910 4113; x_wconf 79' lang='lat'>1492.</span> <span class='ocrx_word' id='word_1_368' title='bbox 936 4061 1015 4112; x_wconf 80' lang='lat'><strong>1514.</strong></span> <span class='ocrx_word' id='word_1_369' title='bbox 1046 4057 1110 4113; x_wconf 74' lang='lat' dir='ltr'>Dav·</span> <span class='ocrx_word' id='word_1_370' title='bbox 1134 4055 1288 4108; x_wconf 75' lang='lat' dir='ltr'>Par-1512·</span> <span class='ocrx_word' id='word_1_371' title='bbox 1307 4056 1385 4107; x_wconf 73' lang='lat'><strong>1543·</strong></span> 
     </span>
     <span class='ocr_line' id='line_1_39' title="bbox 354 4130 1385 4220; baseline -0.011 -18"><span class='ocrx_word' id='word_1_372' title='bbox 354 4130 414 4197; x_wconf 78' lang='lat' dir='ltr'>lldlb,</span> <span class='ocrx_word' id='word_1_373' title='bbox 442 4168 462 4201; x_wconf 86' lang='lat' dir='ltr'>s.</span> <span class='ocrx_word' id='word_1_374' title='bbox 488 4147 506 4200; x_wconf 87' lang='lat' dir='ltr'>l.</span> <span class='ocrx_word' id='word_1_375' title='bbox 527 4158 595 4203; x_wconf 81' lang='lat' dir='ltr'>eta.</span> <span class='ocrx_word' id='word_1_376' title='bbox 615 4148 679 4220; x_wconf 84' lang='lat' dir='ltr'>Arg.</span> <span class='ocrx_word' id='word_1_377' title='bbox 705 4150 775 4202; x_wconf 76' lang='lat' dir='ltr'>Aud.</span> <span class='ocrx_word' id='word_1_378' title='bbox 794 4146 853 4200; x_wconf 86' lang='lat' dir='ltr'>Tal.</span> <span class='ocrx_word' id='word_1_379' title='bbox 878 4146 979 4199; x_wconf 86' lang='lat' dir='ltr'>Sturm.</span> <span class='ocrx_word' id='word_1_380' title='bbox 1006 4142 1081 4196; x_wconf 85' lang='lat' dir='ltr'>Cam.</span> <span class='ocrx_word' id='word_1_381' title='bbox 1109 4141 1203 4195; x_wconf 88' lang='lat' dir='ltr'>Colon.</span> <span class='ocrx_word' id='word_1_382' title='bbox 1228 4139 1287 4192; x_wconf 82' lang='lat' dir='ltr'>Ald.</span> <span class='ocrx_word' id='word_1_383' title='bbox 1307 4142 1385 4193; x_wconf 68' lang='lat'><strong>1517.</strong></span> 
     </span>
     <span class='ocr_line' id='line_1_40' title="bbox 353 4223 1384 4291; baseline 0 -4"><span class='ocrx_word' id='word_1_384' title='bbox 353 4223 792 4291; x_wconf 68' lang='grc' dir='ltr'>1118.Βοι11.11ειιν.Αεε.1511.</span> <span class='ocrx_word' id='word_1_385' title='bbox 837 4234 867 4288; x_wconf 91' lang='lat' dir='ltr'>ln</span> <span class='ocrx_word' id='word_1_386' title='bbox 888 4233 936 4285; x_wconf 85' lang='lat' dir='ltr'>Ed.</span> <span class='ocrx_word' id='word_1_387' title='bbox 956 4233 1017 4285; x_wconf 88' lang='lat' dir='ltr'>Par.</span> <span class='ocrx_word' id='word_1_388' title='bbox 1034 4252 1054 4284; x_wconf 93' lang='lat' dir='ltr'>s.</span> <span class='ocrx_word' id='word_1_389' title='bbox 1074 4251 1099 4286; x_wconf 90' lang='lat' dir='ltr'>a.</span> <span class='ocrx_word' id='word_1_390' title='bbox 1118 4241 1156 4283; x_wconf 86' lang='lat' dir='ltr'>est</span> <span class='ocrx_word' id='word_1_391' title='bbox 1173 4229 1203 4279; x_wconf 88' lang='lat' dir='ltr'>id</span> <span class='ocrx_word' id='word_1_392' title='bbox 1218 4228 1245 4278; x_wconf 88' lang='lat' dir='ltr'>ii</span> <span class='ocrx_word' id='word_1_393' title='bbox 1263 4245 1325 4287; x_wconf 77' lang='lat' dir='ltr'>neci</span> <span class='ocrx_word' id='word_1_394' title='bbox 1355 4226 1384 4279; x_wconf 63' lang='lat'>5¹¹</span> 
     </span>
     <span class='ocr_line' id='line_1_41' title="bbox 352 4306 1385 4395; baseline -0.011 -17"><span class='ocrx_word' id='word_1_395' title='bbox 352 4306 398 4375; x_wconf 57' lang='lat' dir='ltr'>pit·</span> <span class='ocrx_word' id='word_1_396' title='bbox 415 4327 491 4380; x_wconf 77' lang='lat' dir='ltr'>taut.</span> <span class='ocrx_word' id='word_1_397' title='bbox 517 4334 542 4377; x_wconf 89' lang='lat' dir='ltr'>et</span> <span class='ocrx_word' id='word_1_398' title='bbox 566 4324 651 4395; x_wconf 76' lang='lat' dir='ltr'>Lugd.</span> <span class='ocrx_word' id='word_1_399' title='bbox 680 4324 712 4375; x_wconf 83' lang='lat' dir='ltr'>si</span> <span class='ocrx_word' id='word_1_400' title='bbox 729 4324 765 4374; x_wconf 88' lang='lat' dir='ltr'>id</span> <span class='ocrx_word' id='word_1_401' title='bbox 783 4322 918 4395; x_wconf 85' lang='lat' dir='ltr'>quidem</span> <span class='ocrx_word' id='word_1_402' title='bbox 935 4340 995 4385; x_wconf 82' lang='lat' dir='ltr'>nec3</span> <span class='ocrx_word' id='word_1_403' title='bbox 1023 4319 1051 4372; x_wconf 90' lang='lat' dir='ltr'>in</span> <span class='ocrx_word' id='word_1_404' title='bbox 1072 4317 1139 4371; x_wconf 86' lang='lat' dir='ltr'>Edd.</span> <span class='ocrx_word' id='word_1_405' title='bbox 1163 4313 1243 4368; x_wconf 87' lang='lat' dir='ltr'>Goth.</span> <span class='ocrx_word' id='word_1_406' title='bbox 1272 4312 1385 4367; x_wconf 86' lang='lat' dir='ltr'>Lambb.</span> 
     </span>
     <span class='ocr_line' id='line_1_42' title="bbox 352 4397 1385 4484; baseline -0.012 -17"><span class='ocrx_word' id='word_1_407' title='bbox 352 4397 400 4461; x_wconf 64' lang='lat'>⁰²?-</span> <span class='ocrx_word' id='word_1_408' title='bbox 415 4410 506 4484; x_wconf 85' lang='lat' dir='ltr'>Steph.</span> <span class='ocrx_word' id='word_1_409' title='bbox 526 4409 586 4464; x_wconf 79' lang='lat' dir='ltr'>tlt.</span> <span class='ocrx_word' id='word_1_410' title='bbox 607 4414 685 4466; x_wconf 74' lang='lat'><strong>1552.</strong></span> <span class='ocrx_word' id='word_1_411' title='bbox 705 4411 736 4465; x_wconf 85' lang='lat' dir='ltr'>H.</span> <span class='ocrx_word' id='word_1_412' title='bbox 754 4411 841 4464; x_wconf 80' lang='lat' dir='ltr'><strong>Wolf.</strong></span> <span class='ocrx_word' id='word_1_413' title='bbox 867 4420 906 4463; x_wconf 89' lang='lat' dir='ltr'>est</span> <span class='ocrx_word' id='word_1_414' title='bbox 923 4409 953 4459; x_wconf 86' lang='lat' dir='ltr'>id</span> <span class='ocrx_word' id='word_1_415' title='bbox 970 4428 1029 4467; x_wconf 84' lang='lat' dir='ltr'>nec,</span> <span class='ocrx_word' id='word_1_416' title='bbox 1058 4418 1088 4460; x_wconf 91' lang='lat' dir='ltr'>ut</span> <span class='ocrx_word' id='word_1_417' title='bbox 1107 4406 1135 4457; x_wconf 92' lang='lat' dir='ltr'>in</span> <span class='ocrx_word' id='word_1_418' title='bbox 1154 4402 1204 4455; x_wconf 88' lang='lat' dir='ltr'>Ed.</span> <span class='ocrx_word' id='word_1_419' title='bbox 1221 4400 1295 4455; x_wconf 85' lang='lat' dir='ltr'>Man.</span> <span class='ocrx_word' id='word_1_420' title='bbox 1313 4404 1385 4474; x_wconf 90' lang='lat' dir='ltr'>apud</span> 
     </span>
     <span class='ocr_line' id='line_1_43' title="bbox 351 4481 1385 4569; baseline -0.002 -23"><span class='ocrx_word' id='word_1_421' title='bbox 351 4481 475 4554; x_wconf 80' lang='lat' dir='ltr'>Orettium.</span> <span class='ocrx_word' id='word_1_422' title='bbox 513 4500 611 4569; x_wconf 84' lang='lat' dir='ltr'>Quod</span> <span class='ocrx_word' id='word_1_423' title='bbox 627 4502 650 4551; x_wconf 91' lang='lat' dir='ltr'>si</span> <span class='ocrx_word' id='word_1_424' title='bbox 668 4519 714 4552; x_wconf 86' lang='lat' dir='ltr'>nec</span> <span class='ocrx_word' id='word_1_425' title='bbox 733 4500 811 4553; x_wconf 86' lang='lat' dir='ltr'>habet</span> <span class='ocrx_word' id='word_1_426' title='bbox 830 4499 897 4552; x_wconf 90' lang='lat' dir='ltr'>Cod.</span> <span class='ocrx_word' id='word_1_427' title='bbox 916 4498 997 4550; x_wconf 88' lang='lat' dir='ltr'>Bern.</span> <span class='ocrx_word' id='word_1_428' title='bbox 1043 4496 1073 4548; x_wconf 91' lang='lat' dir='ltr'>lu</span> <span class='ocrx_word' id='word_1_429' title='bbox 1092 4493 1172 4547; x_wconf 84' lang='lat' dir='ltr'>Drsd.</span> <span class='ocrx_word' id='word_1_430' title='bbox 1191 4495 1217 4544; x_wconf 81' lang='lat'>4.</span> <span class='ocrx_word' id='word_1_431' title='bbox 1240 4501 1278 4544; x_wconf 89' lang='grc' dir='ltr'>εει</span> <span class='ocrx_word' id='word_1_432' title='bbox 1296 4493 1385 4561; x_wconf 83' lang='lat' dir='ltr'>magis</span> 
     </span>
    </p>
   </div>
   <div class='ocr_carea' id='block_1_3' title="bbox 0 0 1764 5450">
    <p class='ocr_par' dir='ltr' id='par_1_6' title="bbox 0 0 1764 5450">
     <span class='ocr_line' id='line_1_44' title="bbox 0 0 1764 5450; baseline 0 1"><span class='ocrx_word' id='word_1_433' title='bbox 0 0 1764 5450; x_wconf 95' lang='lat' dir='ltr'> </span> 
     </span>
    </p>
   </div>
  </div>
 </body>
</html>
