3517 5450
363 707 435 780 174
694 729 866 776 rantooxa
895 729 1089 778 srorconuu.

361 893 428 946 Cod.
443 892 559 945 Drsdl.
577 891 649 944 addit
667 901 701 943 et.
738 889 863 943 Ceterum
883 889 903 942 si
924 891 966 943 cui
986 891 1055 943 lacte
1068 889 1135 960 soro
1153 889 1266 961 placeat,
1285 890 1308 942 is
1325 888 1404 956 babet,

360 999 414 1051 quo
433 980 460 1031 id
480 980 663 1045 commendet,
692 977 742 1031 Or.
769 998 817 1049 pro
837 978 904 1030 Sest.
922 981 966 1045 35,
983 980 1018 1033 75
1038 998 1077 1049 sq.
1102 978 1148 1031 ubi
1167 991 1220 1032 est:
1252 981 1343 1049 Quum
1354 980 1403 1050 so-

358 1089 430 1121 rum
448 1098 481 1109 -
503 1070 588 1121 multa
607 1069 638 1119 de
657 1077 733 1118 nocte
758 1068 873 1117 armatis
900 1065 1049 1118 bominibus
1065 1094 1101 1107 -
1120 1067 1339 1136 occupavissent,
1362 1067 1404 1117 im·

356 1166 449 1225 petum
467 1157 583 1228 faciunt
611 1156 639 1207 in
664 1155 816 1206 Fabricium
843 1153 1005 1226 [principem
1034 1155 1180 1226 rogationis
1217 1154 1252 1205 de
1281 1154 1402 1207 Cicerone

359 1243 523 1298 restituendo
541 1255 567 1296 et
586 1243 747 1311 revocando]
766 1260 862 1294 manus
880 1243 1003 1311 cffinmt
1019 1272 1064 1299 -,
1084 1244 1232 1295 venientem
1248 1241 1279 1293 in
1294 1241 1401 1310 forum

357 1332 445 1382 virum
463 1331 608 1400 optimum,
629 1334 669 1385 M.
688 1330 819 1400 Cispium,
837 1330 864 1380 vi
883 1330 1086 1399 depellant,·
1105 1341 1132 1383 et
1146 1331 1174 1382 in
1192 1329 1286 1384 Pison.
1308 1333 1350 1397 10,
1366 1335 1400 1386 23.

357 1419 408 1472 sic:
426 1438 508 1489 quum
530 1419 589 1470 ciri·
601 1418 661 1471 boni
680 1447 710 1458 -·
733 1437 747 1469 e
762 1419 829 1489 soro
845 1418 1017 1487 pellerentur.
1053 1419 1111 1471 Mc.

422 1506 502 1576 serra
518 1506 607 1575 pulsis
625 1505 844 1576 magistratibus]
864 1504 1014 1558 Commode
1032 1506 1086 1560 buc
1110 1505 1188 1572 lacit,
1220 1509 1295 1578 quod
1321 1520 1356 1563 est
1377 1510 1397 1562 io

357 1593 434 1647 Orat.
452 1605 511 1664 post
529 1593 595 1646 Red.
614 1594 647 1646 ad
667 1593 744 1662 Quir.
764 1597 789 1660 b,
809 1598 857 1647 14:
876 1598 936 1666 Ego
953 1605 1058 1659 autem,
1084 1596 1112 1646 in
1140 1615 1196 1666 qua
1216 1597 1329 1649 civitate
1342 1598 1399 1649 nibil

358 1682 461 1735 valeret
478 1693 606 1748 senatus,
625 1684 709 1734 amnis
729 1692 798 1734 esset
820 1683 982 1752 impunitas,
1000 1684 1078 1734 nulla
1096 1684 1214 1749 iudicia,
1239 1685 1283 1738 vis
1306 1697 1333 1738 et
1344 1688 1397 1757 ser-

358 1790 418 1822 rum
436 1768 463 1821 in
479 1771 545 1841 faro
564 1781 750 1823 versarentur:
785 1789 845 1822 cum
859 1771 965 1841 privati
982 1790 1010 1823 se
1026 1771 1163 1840 parietum
1179 1775 1331 1841 praesidio,
1355 1793 1396 1825 non

358 1860 458 1931 legum,
477 1869 633 1910 tuerentur:
653 1857 755 1910 tribuni
769 1858 869 1928 plebis,
889 1859 962 1911 vobis
980 1859 1206 1928 inspectantibus,
1235 1861 1395 1913 vulneraren-

357 1960 419 2013 tur,
438 1948 476 1999 ad
493 1948 705 2019 magistratuum
724 1946 812 1997 domos
831 1964 892 1996 cum
903 1946 983 2016 ferro
1001 1957 1028 1997 et
1041 1945 1156 2017 facibus
1181 1949 1284 2013 iretur,
1315 1967 1395 1999 consa-

357 2037 391 2089 lis
403 2037 500 2107 fasces
512 2037 726 2107 frangerentur,
746 2035 851 2085 deorum
870 2033 1060 2085 immortalium
1079 2034 1179 2102 templa
1198 2034 1393 2099 incenderentur,

357 2145 410 2176 rem
427 2124 562 2194 publicam
579 2142 635 2175 esse
654 2122 758 2173 nullam
775 2122 883 2190 putavi.
924 2123 1024 2191 Itaque
1042 2140 1089 2172 nec
1108 2139 1137 2173 re
1153 2121 1266 2191 publica
1285 2121 1394 2173 externi-

356 2222 424 2263 nata
443 2212 508 2262 milri
525 2210 612 2261 locam
630 2211 658 2260 in
677 2211 729 2259 liae
748 2209 811 2260 urbe
830 2227 886 2260 esse
905 2209 979 2261 duxi.
1014 2209 1075 2262 Non
1094 2228 1197 2275 vereor,
1217 2229 1252 2261 ne
1272 2210 1330 2281 quis
1343 2208 1393 2261 mibi

358 2298 479 2361 obiiciat,
504 2297 582 2350 huius
608 2297 751 2361 orationis,
776 2316 845 2368 quae
870 2317 885 2350 a
911 2296 1030 2364 Wolfio,
1058 2317 1165 2350 summo
1192 2298 1265 2365 viro,
1301 2298 1393 2370 aliisque

356 2385 417 2437 viris
435 2385 520 2438 doctis
536 2385 563 2437 in
582 2385 679 2456 spuriis
697 2384 784 2437 habita
804 2395 885 2438 estet
908 2385 986 2439 hodie
1005 2406 1019 2438 a
1040 2386 1173 2458 plerisque
1192 2385 1320 2453 babetur,
1345 2385 1393 2439 nul·

356 2473 410 2526 lam
430 2493 485 2525 esse
503 2473 695 2527 auctoritatem.
732 2473 799 2525 Nam
818 2474 919 2527 etiamsi
938 2474 977 2527 vel
996 2475 1108 2528 maxime
1127 2485 1193 2528 esset
1204 2475 1303 2547 spuria,
1322 2475 1391 2545 ipsun

356 2562 483 2616 orationis
502 2572 690 2632 argumentum
712 2561 822 2613 minime
847 2562 998 2615 destituitur
1022 2574 1047 2616 et
1066 2563 1173 2615 veritate
1198 2573 1225 2615 et
1245 2562 1391 2629 auctoritate.

355 2648 408 2702 Sed
427 2669 515 2720 neque
534 2649 577 2702 illa
597 2649 629 2702 de
647 2655 738 2716 rodata
756 2649 872 2718 suspicio
891 2650 926 2701 ita
945 2661 1016 2703 certa
1036 2661 1082 2716 est,
1100 2662 1130 2704 ut
1149 2650 1341 2706 dubitationem
1357 2648 1391 2702 ad·

357 2739 461 2791 mittere
480 2757 534 2791 non
550 2740 676 2791 videatur.
721 2737 782 2806 Qua
809 2739 842 2791 de
869 2758 898 2791 re
922 2740 979 2792 side
1000 2741 1018 2792 Ι.
1035 2745 1068 2792 Α.
1087 2740 1221 2793 Savelii
1242 2740 1390 2812 Disputatio·

357 2845 419 2878 nem
439 2825 471 2877 de
497 2827 661 2880 vindicandis
679 2825 817 2880 Ciceronis
848 2828 969 2900 quinque
994 2828 1170 2883 Orationibus
1193 2830 1268 2900 (post
1296 2830 1348 2881 red.
1370 2827 1389 2879 iu

357 2913 434 2977 Sem,
462 2913 495 2964 ad
515 2912 593 2981 Quir.
613 2925 672 2985 post
691 2915 760 2981 red,
789 2936 839 2987 pro
858 2917 948 2969 Domo
967 2936 1013 2969 sua
1041 2916 1074 2968 ad
1094 2916 1206 2987 pontif.;
1237 2916 1271 2968 de
1295 2916 1388 2984 llarusp.

356 3020 441 3073 resp.;
460 3021 510 3073 pro
529 3001 666 3055 Marcello.
685 3002 780 3055 Goion.
799 3003 864 3074 Agr.
877 3005 975 3073 18282)
994 3004 1165 3074 eiusdemque
1181 3003 1319 3057 Editianes
1335 3002 1389 3055 On·

358 3090 461 3143 tionum
481 3101 539 3160 post
558 3090 623 3142 Red.
642 3090 670 3141 in
690 3089 753 3143 Seu.
766 3103 790 3145 et
809 3112 859 3162 pro
878 3091 968 3145 Domo
980 3096 1062 3147 1830.Ι
1076 3101 1102 3145 et
1118 3096 1196 3146 1834.
1216 3093 1314 3164 quibus
1330 3088 1388 3151 adde,

357 3195 425 3246 quae
457 3177 560 3247 scripsit
578 3176 629 3230 Th.
657 3178 765 3231 Lucas
793 3180 821 3230 in
850 3180 951 3251 prolus.
981 3179 1103 3234 scholast.
1130 3178 1301 3250 Hirschberg.
1328 3181 1388 3232 ibit.

357 3261 627 3329 Qttacstiuncularum
648 3265 672 3317 T
674 3266 834 3319 ullianarum
853 3268 998 3339 specimen.
1016 3272 1043 3321 4.
1079 3267 1137 3321 Mc.

426 3364 538 3404 senatus
557 3372 649 3405 nornen
667 3355 696 3406 in
714 3374 742 3405 re
757 3354 869 3423 publica
887 3377 950 3408 non
968 3358 1049 3424 erat]
1092 3356 1179 3422 „Nam
1199 3359 1341 3411 auctoritas
1355 3354 1389 3406 de·

355 3451 437 3494 tracta
456 3452 513 3494 erat
531 3441 640 3494 Senatui
670 3443 814 3495 atribuno
838 3455 865 3496 et
891 3442 1061 3497 Consulibus.
1104 3443 1178 3512 Quin
1207 3445 1287 3497 etiam
1308 3438 1388 3497 conat

356 3528 486 3582 Gabinius
505 3531 532 3581 in
552 3532 685 3583 concione
704 3532 803 3584 dixerat
822 3552 912 3585 errare
930 3533 1062 3596 homines,
1094 3532 1116 3585 si
1136 3533 1216 3585 etiam
1243 3544 1300 3587 tum
1322 3532 1388 3585 Sena·

357 3630 412 3671 turn
432 3618 532 3689 aliquid
552 3620 579 3671 in
600 3619 748 3689 republica
768 3641 844 3691 posse
859 3623 1078 3675 arbitrarentur.“
1098 3621 1121 3672 F
1128 3641 1171 3673 rc.
1189 3621 1208 3673 S
1215 3622 1280 3692 ylv.
1315 3618 1388 3672 lnbac

355 3708 462 3778 quidem
488 3706 540 3759 loci
568 3709 742 3778 explicatione
770 3710 976 3780 acquiescebant
1001 3720 1027 3762 et
1053 3710 1211 3779 interpretes
1237 3722 1263 3763 et
1289 3709 1388 3767 lectores,

355 3795 509 3865 praesertim
529 3814 589 3847 cum
611 3795 670 3848 libri
689 3798 754 3849 nihil
773 3798 829 3850 lere
848 3800 988 3851 variarent.
1032 3797 1126 3868 Neque
1145 3816 1220 3849 nunc
1238 3798 1266 3849 in
1286 3808 1351 3849 tanta
1365 3793 1389 3844 li·

355 3883 467 3935 brorum
487 3882 673 3950 multitudine„
686 3886 731 3955 qui
752 3885 783 3937 ad
805 3904 899 3937 manus
918 3897 989 3951 sunt,
1008 3885 1155 3956 quidquam
1175 3884 1315 3950 varietatis,
1333 3877 1387 3954 quod

355 3989 453 4041 operae
473 3970 586 4040 pretium
606 3972 738 4038 rideatur,
757 3973 906 4025 notandum
926 3984 979 4039 est,
1003 3972 1052 4025 nisi
1071 3972 1144 4043 quod
1163 3973 1245 4026 Drsd.
1263 3963 1293 4026 5.
1314 3972 1387 4023 babet:

357 4071 469 4113 senatus
486 4062 514 4111 in
533 4081 560 4113 re
576 4061 702 4130 publica:
730 4082 807 4113 num
825 4073 885 4113 erat
900 4064 1066 4131 praedonum
1084 4062 1131 4113 itte
1149 4081 1296 4115 concursus
1311 4071 1346 4123 et,
1368 4066 1387 4106 tt

355 4149 435 4214 duce,
455 4149 626 4201 latrocinium
646 4151 675 4201 in
688 4152 753 4220 soro
775 4152 861 4202 cond
869 4146 993 4206 uotum.
1040 4150 1094 4202 Sed
1120 4149 1224 4221 primus
1249 4159 1347 4202 exortus
1360 4153 1387 4197 est

354 4236 497 4303 Graevius,
533 4236 579 4309 qui
610 4256 670 4290 cum
700 4239 728 4290 in
760 4258 806 4292 sua
831 4240 948 4293 editione
972 4239 1145 4292 annotatione
1171 4237 1262 4309 paullo
1284 4234 1386 4305 longiore

354 4324 496 4378 lectionem
515 4326 647 4397 vulgatam
667 4327 760 4397 (quam
779 4330 888 4382 serravit
907 4328 1040 4384 tamenin
1060 4326 1201 4394 contextis)
1220 4326 1385 4397 impugnasset,

356 4411 460 4481 plures,
479 4424 507 4466 ut
525 4414 568 4477 fn,
587 4414 678 4466 babuit
696 4426 851 4481 sectatores,
883 4419 928 4489 qui
955 4436 1010 4469 non
1037 4414 1150 4467 eandem
1170 4415 1292 4486 quidem,
1321 4425 1383 4483 quam

355 4497 410 4567 ipse
429 4498 561 4568 soluerat,
582 4501 711 4555 medelam
731 4502 888 4558 adhiberent
906 4506 974 4572 loco,
994 4503 1038 4557 sed
1058 4503 1086 4555 in
1106 4523 1138 4557 eo
1155 4498 1381 4558 consentiremus
