3517 5450
761 737 965 786 raooauruu.
1363 722 1385 790 5

338 912 409 966 saepe
428 896 600 969 iungendum
620 915 673 949 esse
692 914 754 950 cum
772 896 948 951 antecedente
965 899 1158 964 anieuudverti,
1184 921 1239 954 non
1265 920 1327 955 cum
1346 921 1387 955 se-

338 984 478 1052 quentihus
498 989 625 1038 Calorem
643 1014 677 1025 -
697 995 826 1037 truc-tere.
862 985 937 1040 ldem
955 987 1043 1058 pergit
1062 989 1089 1040 iu
1108 987 1218 1042 scholis:
1244 989 1301 1055 „tlt
1318 991 1388 1043 Por-

338 1070 395 1125 cius
410 1070 482 1126 C'ato
505 1072 557 1126 tuit
583 1092 719 1144 pronepos
743 1072 782 1126 Μ.
805 1073 896 1127 Porcii
921 1072 1030 1129 Catonis
1053 1075 1123 1129 illius
1147 1074 1284 1143 Censorii,
1313 1078 1389 1131 cuius

340 1159 444 1213 nomine
465 1156 562 1214 Cicero
587 1159 686 1214 librum
711 1159 744 1214 de
767 1158 912 1216 Senectute
936 1163 1076 1236 insignivit.
1112 1164 1219 1218 Dicitur
1237 1176 1326 1218 antem
1344 1164 1389 1220 hic

340 1247 481 1301 avunculus
505 1246 583 1301 Bruti
607 1258 765 1320 propterea,
791 1249 853 1320 quia
878 1248 988 1304 Catonis
1010 1271 1087 1306 soror
1112 1253 1216 1307 uterina
1239 1274 1270 1307 ex
1294 1255 1388 1307 eadem

341 1347 434 1403 matre,
453 1335 500 1390 sed
519 1335 573 1390 alio
591 1347 680 1408 patre,
698 1348 759 1391 nata
778 1349 836 1392 erat
853 1338 980 1407 Servilia,
998 1342 1075 1394 cuius
1093 1341 1191 1407 trater,
1208 1340 1246 1408 Q.
1262 1340 1389 1396 Servilius

341 1422 443 1495 Caepio,
464 1422 580 1478 Brutum
600 1435 689 1497 postea
706 1425 847 1497 adoptavit.
882 1426 959 1482 llanc
975 1439 1064 1482 autem
1082 1428 1238 1482 affinitatem
1249 1430 1328 1484 docte
1344 1450 1388 1483 es-

342 1509 430 1581 plicuit
448 1509 549 1564 Paulus
565 1511 703 1566 Manutius
718 1512 751 1566 ad
770 1511 827 1568 Cic.
846 1514 879 1567 de
897 1513 977 1568 Fiun.
992 1516 1035 1569 lll.
1055 1520 1100 1570 1.“
1138 1517 1223 1583 [Fecit
1241 1516 1320 1584 idem,
1339 1518 1388 1571 ad-

343 1596 387 1651 dita
411 1597 503 1651 tabula
527 1597 701 1671 genealogica
725 1599 843 1667 maiore,
869 1601 968 1674 Xystus
983 1603 1119 1659 Betuleius
1138 1606 1165 1657 in
1186 1604 1388 1659 Commentario

344 1685 368 1741 sd
385 1684 411 1739 h.
425 1685 442 1738 l.
468 1705 495 1757 p.
514 1690 539 1740 8.
574 1686 643 1740 Add.
666 1687 705 1740 lo.
734 1686 895 1759 Glandorpii
920 1689 1116 1745 Onomasticon
1139 1691 1268 1746 Historiae
1287 1693 1388 1745 Ronla-

345 1793 392 1827 nae.
417 1773 510 1827 Frcol'.
527 1773 650 1829 Wechel.
669 1778 750 1830 1599.
774 1776 794 1831 s.
814 1796 850 1829 m.
877 1776 910 1830 de
927 1777 1028 1832 lamilia
1047 1779 1122 1833 lunia
1144 1801 1170 1852 p.
1187 1784 1339 1845 495-510.
1363 1792 1389 1832 et

346 1860 369 1914 de
386 1862 486 1915 familia
504 1863 601 1919 Porcia
621 1884 646 1935 p.
658 1868 810 1919 114-118.
828 1877 855 1919 et
871 1866 900 1918 in
919 1866 1013 1938 primis
1025 1867 1121 1920 Orellii
1133 1868 1299 1921 Onomastic·
1318 1869 1390 1920 't'utt

346 1949 368 2002 Ρ.
385 1951 415 2018 ΙΙ,
445 1973 473 2024 p.
492 1955 650 2019 ass-tta,
684 1953 717 2006 de
743 1965 822 2024 gente
849 1951 961 2020 Porcia,
995 1955 1121 2027 idemque
1151 1955 1185 2006 de
1209 1966 1289 2025 gente
1312 1955 1387 2006 lunia

348 2058 366 2107 p·
380 2041 543 2108 ata-324]
580 2041 638 2092 Vox
664 2060 743 2111 saepe
768 2040 873 2093 inverso
899 2040 994 2095 ordine
1021 2043 1104 2112 posita
1130 2053 1169 2096 est
1191 2043 1226 2095 ab
1251 2042 1330 2096 Auct.
1354 2044 1388 2096 ad

348 2125 397 2180 ller.
412 2127 459 2193 lV,
479 2131 526 2180 24:
545 2131 644 2198 Saepe,
662 2129 780 2192 iudices,
799 2129 989 2182 animadverti.
1008 2129 1068 2183 Mr.

405 2215 584 2268 Avunculum
600 2218 689 2285 tuurn]
709 2218 790 2284 „Fuit
808 2238 864 2271 non
879 2218 1026 2272 avunculus
1040 2219 1131 2285 modo,
1149 2220 1195 2272 sed
1211 2221 1289 2275 etiam
1304 2237 1389 2273 socer.

350 2301 403 2356 Nam
422 2303 650 2377 quemadmodum
670 2304 821 2373 Serviliam,
848 2304 959 2359 Catonis
976 2306 1109 2360 Uticensis
1125 2327 1255 2373 sororem,
1275 2317 1388 2360 matrem

350 2390 439 2459 hahuit,
468 2392 506 2447 sic
525 2391 665 2458 Porciam,
695 2393 812 2446 eiusdem
838 2393 948 2449 Catonis
972 2394 1068 2462 filiam,
1098 2394 1191 2449 habuit
1214 2394 1387 2465 coniugem.“

351 2478 429 2552 Xyst.
451 2479 566 2535 Betul.
604 2481 677 2548 [Vid.
696 2481 834 2537 Plutarch.
850 2483 878 2536 in
897 2482 993 2549 Bruto,
1011 2488 1038 2548 2,
1060 2482 1130 2536 etin
1151 2481 1272 2550 Caesare,
1291 2501 1315 2536 c.
1334 2485 1388 2550 62]

352 2564 407 2620 ldem
425 2567 459 2622 ad
478 2586 567 2640 seqq.=
591 2565 693 2633 „Cuius
711 2570 869 2624 sententiam
889 2570 995 2623 dicendi
1014 2571 1096 2623 moris
1113 2589 1128 2621 a
1147 2567 1251 2621 Catone
1269 2571 1388 2640 usurpati

352 2658 502 2726 praeclarum
521 2667 602 2710 exstat
620 2657 769 2731 exemplum
789 2659 859 2731 apud
880 2657 1046 2723 Sallustium,
1067 2656 1163 2710 Oratio
1181 2669 1274 2710 contra
1294 2655 1388 2709 Catili-

353 2748 424 2801 narios
440 2748 566 2802 adversus
585 2745 705 2801 Caesaris
723 2748 881 2802 sententiam
900 2746 1002 2801 habita:
1030 2747 1101 2817 [cap.
1119 2751 1167 2801 52:
1198 2764 1268 2817 quae
1291 2744 1386 2809 oratio,

353 2853 500 2910 quamquam
527 2856 541 2888 a
566 2833 691 2889 Sallustio
717 2837 880 2908 composita,
909 2835 1019 2891 Catonis
1042 2846 1130 2889 tamen
1155 2844 1273 2887 mentem
1297 2845 1323 2887 et
1345 2833 1387 2886 lo·

353 2924 433 2991 quendi
454 2941 559 2976 morem
579 2923 682 2977 ridetur
701 2924 822 2991 referre}
857 2924 952 2996 Neque
970 2926 998 2977 in
1017 2935 1110 2977 senatu
1129 2924 1225 2990 modo,
1243 2922 1289 2975 sed
1308 2922 1387 2976 etiam

352 3009 370 3062 in
385 3013 540 3067 militaribus
558 3011 739 3076 orationihus,
763 3011 791 3063 in
809 3010 884 3064 locos
902 3010 1100 3083 philosophicos
1117 3011 1285 3065 excursiones
1299 3011 1388 3064 facere

353 3100 424 3155 solitus
447 3102 507 3156 fuit.
551 3098 635 3152 Cuius
657 3100 696 3152 rei
721 3100 897 3153 clarissimum
921 3111 1110 3173 argumentum
1135 3110 1191 3166 est,
1218 3098 1290 3170 quod
1315 3099 1387 3170 apud

353 3183 534 3258 Dyrrhachium
553 3189 703 3241 orationem
722 3187 755 3241 ad
774 3187 870 3242 milites
896 3187 989 3242 latuit
1012 3188 1046 3241 de
1069 3186 1204 3255 libertate,
1231 3189 1265 3240 de
1284 3187 1386 3252 virtute,

354 3271 376 3326 de
389 3276 487 3347 gloria,
513 3276 547 3329 de
571 3274 767 3329 contemnenda
793 3288 896 3342 morte,
924 3275 1040 3348 quaein
1063 3274 1229 3348 philosophia
1251 3275 1387 3340 didicerat,

354 3380 388 3430 pro
404 3364 532 3436 temporis
551 3363 741 3417 commoditate
757 3362 896 3430 disseruit,
922 3373 948 3416 et
972 3362 1094 3415 oratione
1119 3363 1152 3414 ad
1177 3362 1242 3414 deos
1261 3380 1387 3414 conversa

355 3452 464 3520 utilitum,
488 3452 537 3524 qui
555 3471 606 3523 pro
626 3452 785 3522 patriarum
806 3450 951 3521 pugnaturi
970 3458 1061 3514 erant,
1080 3448 1184 3501 animos
1201 3448 1237 3501 ita
1255 3446 1387 3512 accendit,

356 3550 375 3592 ut
387 3541 433 3594 iam
451 3558 559 3595 summo
577 3539 739 3593 decernendi
755 3537 1028 3609 desiderio-pugnam
1047 3546 1196 3608 poscerent.
1231 3535 1304 3589 llaec
1320 3534 1388 3587 Plu-

356 3629 470 3684 tarchus.“
506 3628 554 3682 Est
571 3627 646 3681 locus
661 3627 689 3679 in
709 3626 766 3680 Cat.
784 3626 848 3678 utin.
867 3628 981 3697 eap.54.
1018 3624 1120 3678 Laudat
1135 3633 1271 3695 praeterea
1286 3622 1319 3675 de
1333 3620 1388 3675 Ca·
1419 3628 1421 3631 ⁴
1528 3611 1538 3620 ’

357 3722 401 3771 tone
422 3716 600 3771 Gernhardus
621 3713 680 3769 Cic.
701 3716 735 3767 de
753 3714 995 3783 Ott.t,tt,1ta.
1037 3712 1102 3767 Sall.
1129 3711 1189 3766 Cat.
1212 3714 1256 3766 54.
1300 3709 1387 3764 Vellei

357 3799 437 3860 latere.
456 3805 490 3858 ll.
506 3807 551 3859 95.
570 3814 596 3857 et
615 3801 671 3857 Cic.
689 3822 740 3875 pro
758 3801 832 3857 Mur.
850 3806 885 3857 2⁹
903 3823 941 3874 sq,
959 3831 994 3843 -
1017 3802 1073 3854 Pro
1092 3812 1190 3854 senatu
1215 3800 1265 3853 Os.
1282 3816 1312 3857 u.
1338 3797 1386 3851 ha·

358 3885 388 3944 let
402 3904 539 3954 serratum
567 3892 595 3945 in
615 3891 665 3945 Os.
688 3910 710 3942 σ.
737 3892 857 3964 sequitur
882 3890 1044 3955 sententias,
1070 3888 1142 3961 quod
1161 3888 1224 3941 item
1243 3886 1341 3958 legitur
1358 3888 1386 3941 in

358 3972 409 4032 Gud.
419 3980 449 4035 Α.
487 3979 554 4033 lbid.
563 3980 672 4033 vocibus
683 3980 751 4032 locos
758 3999 857 4053 graves
865 3978 1044 4053 superscripta
1053 3988 1091 4031 est
1098 3996 1144 4028 ror
1154 3978 1311 4030 sententias.
1328 3975 1387 4032 ΜΓ.

410 4067 594 4136 Avunculum]
614 4067 652 4120 M.
671 4068 770 4121 Brutus
785 4078 861 4121 ortus
878 4079 917 4120 est
934 4087 962 4120 er
981 4065 1107 4130 Servilia,
1126 4062 1237 4117 Catonis
1253 4062 1386 4117 Uticensis

360 4166 436 4209 sorore.
472 4156 572 4210 Face.
620 4153 677 4209 Cic.
699 4155 777 4210 Brut.
804 4158 891 4222 ott,
910 4158 971 4209 119.
1017 4158 1094 4206 Tuus
1118 4162 1211 4205 cutem
1234 4152 1387 4205 avunculus

360 4233 439 4313 (Cato),
458 4243 682 4317 quemadmodum
699 4244 760 4307 scis,
777 4241 859 4294 habet
878 4262 896 4292 a
910 4242 1008 4294 Stoicis
1025 4242 1062 4306 id,
1080 4240 1153 4313 quod
1169 4240 1205 4293 ab
1222 4239 1279 4291 illis
1293 4247 1388 4307 peten-

362 4322 406 4380 ‘ltm
416 4334 474 4401 suit
483 4356 492 4394 ,·
512 4332 560 4385 sed
578 4331 664 4383 dicere
683 4331 775 4383 didicit
796 4350 813 4380 a
832 4329 937 4381 dicendi
952 4329 1099 4401 magistris,
1115 4344 1256 4397 eorumque
1274 4343 1344 4376 more
1360 4342 1388 4375 se

362 4422 462 4473 exirem.
499 4420 535 4474 G.

414 4512 492 4564 Locos
509 4524 609 4583 graves
627 4526 659 4561 ex
676 4506 848 4579 philosophia
867 4508 999 4574 tractare]
1020 4504 1077 4573 „lta
1097 4502 1188 4570 [locos]
1207 4498 1321 4552 Romani
1340 4518 1389 4569 ap·
