3517 5450
668 707 865 780 rtusooxou
895 709 937 754 vt.
964 709 1034 754 our.
1059 709 1094 756 n.
1335 687 1410 762 287

355 869 445 923 conari
473 886 531 920 rem
551 868 710 922 familiarem
730 887 842 940 augere,
871 868 977 921 studere
1002 868 1092 923 lucris.
1136 870 1190 924 Pro
1218 886 1353 944 quaerunt
1372 888 1410 928 est

355 957 461 1028 quaerit
480 958 508 1009 in
528 956 578 1010 Or.
598 974 628 1019 ψ.
673 956 755 1024 Quod
783 955 904 1027 sequitur
929 959 1090 1010 mercaturis
1110 958 1262 1030 faciendis,
1292 962 1411 1016 similiter

356 1043 450 1116 plurali
473 1065 588 1099 numero
607 1065 669 1098 usus
689 1056 728 1098 est
747 1043 803 1099 Cic.
823 1045 851 1097 in
871 1046 949 1097 Verr.
967 1043 1070 1099 Acttt.
1090 1047 1119 1100 l..
1137 1050 1163 1113 5,
1183 1051 1234 1101 28:
1253 1069 1314 1100 cum
1332 1069 1411 1101 mer-

355 1143 505 1186 caturas
520 1134 650 1204 facerent
668 1145 719 1185 aut
733 1133 854 1205 aliquam
873 1132 905 1185 ob
924 1152 1035 1186 causam
1053 1134 1224 1206 navigarent.
1262 1135 1319 1188 Mr.

335 1266 339 1271 .
424 1222 513 1292 operis
532 1222 641 1291 dandis]
679 1221 830 1289 „Mercedis
847 1241 942 1288 causa,
967 1221 1133 1276 inserviendo
1151 1222 1216 1276 aliis.
1253 1223 1300 1277 Sic
1317 1243 1412 1279 omnes

355 1311 412 1364 mei.
452 1309 525 1364 Alias
544 1311 663 1363 locandis
682 1311 699 1364 i.
720 1330 742 1364 e.
764 1311 923 1382 operariis.“
943 1310 1016 1365 Atd.
1031 1311 1116 1364 llllan.
1153 1311 1190 1377 ‚‚i.
1202 1332 1225 1364 e.
1239 1330 1334 1382 operas
1352 1333 1412 1366 suas

355 1398 500 1454 locando.“
518 1399 592 1454 Frc.
612 1398 703 1470 Sylv.
749 1397 780 1452 ll.
804 1397 893 1452 Wott.
921 1411 1062 1470 postquam
1089 1398 1182 1452 eadem
1207 1400 1312 1471 posuit,
1341 1420 1409 1472 quae

354 1488 452 1555 Aldus,
472 1487 559 1542 addit:
578 1486 735 1559 „Quicquid
754 1487 827 1541 enim
852 1487 919 1540 servi
945 1488 1047 1540 artibus
1075 1497 1100 1540 et
1127 1487 1263 1541 laboribus
1285 1488 1338 1541 suis
1363 1507 1410 1542 ac·

355 1577 512 1648 quirebaut‚
531 1576 557 1628 id
576 1576 610 1629 ad
630 1576 753 1629 dominos
770 1576 881 1630 redibat.
919 1575 977 1629 lloc
1002 1575 1084 1627 modo
1109 1573 1219 1629 Crassus
1246 1595 1301 1631 nou
1328 1577 1408 1631 modo

355 1683 427 1718 areas
447 1664 476 1732 [i.
496 1684 519 1718 e.
539 1664 613 1730 loca,
641 1663 668 1716 in
693 1664 791 1735 quibus
817 1662 951 1716 aedilicari
971 1665 1103 1734 poterat,]
1133 1684 1240 1731 vacuas,
1266 1667 1410 1720 combustis

355 1771 368 1805 a
390 1751 468 1805 Sulla
493 1752 618 1806 domibus
641 1753 870 1814 adversariorum,
909 1751 1041 1818 vendidit,
1072 1753 1117 1806 sed
1143 1754 1222 1807 etiam
1248 1755 1410 1826 quingentos

354 1858 442 1893 servos
460 1841 553 1895 fabros
572 1842 738 1913 emptoribus
756 1860 879 1894 arearum
891 1840 985 1895 locarit
998 1840 1030 1892 ad
1042 1841 1120 1894 aedes
1132 1842 1330 1896 exstruendas.“
1365 1844 1410 1896 Si-

355 1928 454 1982 militer
473 1932 535 1984 Car.
554 1929 718 2001 Langius:
745 1949 858 1999 „operas
884 1930 949 1981 dare
968 1940 1006 1982 est
1030 1948 1167 1981 servorum
1187 1950 1283 2000 operas
1310 1931 1409 1998 locare,

355 2017 379 2068 id
400 2018 473 2088 quod
494 2020 561 2072 Cato
580 2018 670 2071 laudat
684 2019 710 2072 in
730 2029 805 2090 patre
823 2017 944 2071 familias.
975 2017 1083 2071 vPlinius
1097 2029 1168 2071 certe
1182 2030 1256 2071 notat
1269 2018 1320 2072 boc
1331 2023 1410 2072 Cras-

354 2124 413 2158 sum
434 2106 556 2160 fecisse.“
592 2105 645 2159 Eos
664 2106 799 2177 corrigere
821 2106 929 2160 studens
947 2104 1134 2169 Graevius,
1155 2106 1277 2176 frugibus
1296 2107 1408 2160 inventis

353 2196 386 2248 ad
407 2194 519 2265 glandes
538 2194 624 2260 rediit,
649 2195 782 2248 scribens:
807 2194 887 2261 „Hoc
911 2193 989 2247 nimis
1014 2200 1125 2259 γενικῶς.
1172 2192 1329 2266 Cogitabam
1359 2195 1409 2248 ali·

352 2283 463 2355 quando
483 2302 577 2351 operas
598 2284 661 2335 dare
680 2303 751 2349 esse,
772 2285 924 2354 mancipem
943 2301 1088 2354 operarum
1108 2302 1178 2346 esse,
1198 2283 1285 2355 qualis
1303 2284 1407 2356 Vespa-

353 2372 418 2426 siani
440 2390 554 2443 proavus
571 2370 677 2424 Flavius
695 2373 776 2425 Petro
801 2373 880 2427 tuisse
906 2371 1081 2437 credebatur,
1109 2371 1216 2443 dequo
1239 2371 1350 2426 Sueten.
1382 2374 1407 2425 in

353 2463 463 2533 Vespas.
484 2461 518 2527 [c.
536 2461 573 2527 1.]
620 2463 761 2511 Iactatum
788 2479 806 2510 a
832 2460 1008 2532 quibusdam,
1039 2460 1165 2510 Petronis
1187 2471 1293 2528 patrem
1314 2461 1408 2531 fuisse

353 2550 500 2618 mancipem
528 2566 681 2617 operarum,
717 2566 786 2619 quae
811 2566 844 2598 ex
874 2547 984 2600 Umbrio
1008 2548 1037 2598 in
1060 2545 1174 2599 Sabinos
1199 2547 1237 2596 ad
1267 2548 1404 2599 culturam

350 2656 481 2708 agrorum
500 2637 646 2708 quotannis
670 2655 813 2689 commeare
838 2635 963 2690 solerent.
983 2664 1017 2674 -
1067 2638 1169 2704 Operae
1194 2645 1256 2688 suut
1281 2636 1407 2707 operarii.

350 2726 444 2780 Horat.
465 2723 533 2794 [Sat.
549 2721 582 2792 ll,
601 2728 628 2790 ’1,
650 2728 729 2794 118ι]
749 2726 857 2777 accedes
876 2744 957 2795 opera
975 2744 1042 2794 agro
1060 2743 1132 2776 nona
1149 2723 1257 2776 Sabino.
1293 2723 1346 2777 Sed
1367 2738 1408 2780 ta-

351 2834 413 2867 men
435 2814 533 2868 rectius
551 2824 617 2884 puto
636 2832 731 2883 operas
750 2814 815 2866 dare
832 2813 876 2868 bic
897 2834 952 2867 esse
972 2812 1121 2885 publicanis
1144 2813 1256 2879 servire,
1284 2825 1329 2868 aut
1354 2835 1408 2867 esse

350 2903 538 2976 publicanum.
576 2900 633 2955 Cic.
651 2901 700 2974 Ep.
720 2905 762 2956 65.
785 2901 831 2956 lib.
852 2902 920 2955 Xlll.
941 2902 974 2955 ad
993 2902 1109 2954 Famm.:
1139 2906 1202 2953 Cura
1229 2906 1263 2957 P.
1285 2905 1408 2956 Terentio

352 2993 489 3061 Hispone,
514 2993 561 3061 qui
578 3008 672 3059 operas
696 2990 724 3041 in
749 2990 888 3059 scriptura
908 3008 959 3059 pro
978 2990 1109 3060 magistro
1128 2991 1190 3046 dat.
1218 2991 1283 3042 milti
1304 3011 1409 3043 summa

347 3079 535 3150 fansiliuritas
553 3107 589 3117 -
608 3088 663 3129 est:
687 3077 713 3130 b.
733 3098 755 3132 e.
775 3077 956 3149 quivicarius
975 3088 1013 3131 est
1031 3079 1150 3150 magistri
1175 3079 1246 3132 illius
1270 3080 1408 3134 societatis.

350 3166 430 3222 Orat.
449 3166 482 3219 ll.
500 3168 528 3218 iu
547 3166 626 3218 Verr.
646 3185 669 3219 c.
688 3170 735 3219 tu:
766 3167 911 3218 Canuleius
937 3186 1012 3230 vero,
1041 3170 1089 3239 qui
1116 3169 1242 3237 inportu
1262 3172 1407 3239 Syracusis

350 3273 458 3325 operam
479 3253 578 3317 dabat,
596 3252 621 3306 b.
636 3273 659 3306 e.
677 3254 723 3325 qui
744 3266 800 3307 erat
818 3255 889 3307 inter
908 3254 1081 3325 publicanos,
1108 3256 1154 3326 qui
1173 3255 1314 3327 Syracusis
1343 3277 1407 3327 por·

351 3343 451 3397 tarium
472 3342 619 3412 exigebant.
656 3342 702 3396 Sic
721 3355 747 3395 et
764 3342 827 3396 alibi
848 3342 972 3397 Cicero.“
1012 3345 1080 3395 Vere
1094 3354 1188 3395 monet
1206 3343 1307 3396 Gernh.
1321 3344 1407 3397 Grae-

351 3430 383 3482 vii
404 3429 581 3502 explicatione
601 3429 727 3501 explicari
743 3432 830 3502 potius
848 3432 998 3502 sequentia:
1016 3430 1132 3501 publicis
1145 3432 1289 3483 sumendis.
1324 3432 1406 3499 Quod

350 3536 434 3589 supra
452 3517 608 3571 monuimus
626 3538 680 3571 esse
699 3520 840 3571 honestate
860 3538 909 3590 pro
935 3520 1045 3571 honeste
1073 3517 1100 3570 iu
1121 3517 1187 3573 eod.
1215 3519 1305 3585 Suer.‚
1336 3520 1405 3573 idem

350 3625 498 3678 operarum
518 3625 610 3659 errore
630 3626 684 3659 esse
703 3608 730 3659 iu
753 3607 803 3661 Ed.
829 3608 923 3660 Lamb.
941 3611 1021 3662 1666.
1053 3616 1143 3659 monet
1162 3605 1212 3659 Or.
1241 3608 1326 3678 (quod
1358 3629 1406 3662 nos

350 3695 432 3747 etiam
451 3694 479 3746 in
500 3706 592 3749 nostro
611 3695 732 3767 exemplo
751 3696 927 3767 reperimus),
953 3696 1023 3749 idem
1044 3696 1126 3749 estin
1145 3695 1194 3748 Ed.
1215 3696 1311 3749 Colon.
1327 3700 1405 3753 1576.

351 3801 421 3853 quae
449 3782 517 3851 (sola
544 3783 665 3836 omnium
692 3785 857 3852 nostrarum)
885 3785 935 3840 Ed.
968 3783 1089 3837 Lambini
1118 3796 1270 3839 contextum
1296 3785 1408 3841 exbibet.

350 3871 379 3923 ln
401 3872 513 3939 eodem,
533 3891 614 3943 quem
636 3872 717 3925 modo
737 3872 855 3940 laudari,
875 3872 944 3926 cod.
961 3872 1068 3925 Sueriu.
1090 3892 1139 3944 pro
1160 3874 1247 3942 operis
1266 3885 1304 3926 est
1321 3879 1408 3944 operi-

350 3958 409 4013 bus.
446 3958 506 4014 Mr.

423 4048 509 4116 operis
531 4049 640 4117 dandis]
677 4047 749 4115 „Alii
768 4061 932 4103 mercaturas
951 4048 1068 4112 faciunt,
1087 4049 1131 4102 alii
1152 4067 1262 4121 operam
1282 4051 1346 4104 dant
1367 4052 1406 4103 fa-

350 4135 493 4189 cientibus.
530 4135 584 4189 Sed
603 4135 647 4192 bic
667 4137 699 4190 de
718 4141 808 4210 operis
827 4140 949 4192 universe
967 4137 1104 4209 loquitur,
1133 4158 1202 4209 quae
1230 4138 1262 4190 ad
1287 4157 1344 4190 rem
1365 4140 1406 4189 sa·

349 4223 474 4277 ciendam
493 4224 697 4295 impenduntur.
742 4227 805 4281 Late
831 4228 903 4279 enim
924 4237 994 4296 patet
1014 4224 1079 4278 baec
1098 4244 1144 4277 von
1170 4225 1247 4277 etad
1268 4222 1406 4293 quodlibet

349 4330 435 4381 genus
454 4312 620 4366 transfertur.
656 4315 725 4367 Vide
744 4314 821 4368 Orat.
841 4333 891 4385 pro
911 4313 1042 4365 Muraena
1062 4332 1120 4384 cap.
1139 4316 1164 4365 t.
1182 4312 1281 4366 Face.
1313 4311 1404 4372 „idem

349 4412 403 4466 est,
423 4386 527 4472 inquit,
548 4402 621 4473 quod
640 4401 762 4457 locandis
780 4423 815 4457 sc.
835 4402 868 4455 od
889 4400 1101 4464 aedificationes,
1131 4398 1204 4470 quod
1224 4410 1279 4451 erat
1298 4398 1405 4450 redem-

349 4499 439 4541 torum
460 4499 485 4541 et
504 4488 718 4544 conductorum:
753 4491 825 4563 quod
852 4500 908 4541 erat
927 4508 1011 4559 genus
1030 4487 1206 4561 pecuniarum
1237 4488 1404 4559 quaerenda-
