3517 5450
521 733 757 786 enobnoottttttt
786 734 827 779 tn
857 734 1025 781 ctcsnonts
1047 735 1232 784 PAMDOXA.
1316 739 1398 784 XXXI

364 895 431 947 rando
451 894 582 948 illusionis
608 896 658 948 vim
687 895 795 961 tollere,
823 897 979 966 praesertim
1017 917 1100 969 quum
1132 919 1160 949 es
1186 898 1235 951 isto
1262 898 1336 952 sonte
1364 900 1396 952 ad

363 984 439 1036 iustam
465 983 617 1037 facinorum
642 983 842 1055 castigationem
868 1004 903 1038 nc
921 1005 989 1057 opus
1016 981 1125 1058 quidem
1152 996 1219 1039 esset
1241 997 1398 1058 argumenta

363 1071 458 1125 haurire.
495 1071 603 1125 Notavit
619 1070 715 1126 Cioero
735 1070 794 1125 sitia
815 1071 955 1125 bominum
974 1072 1060 1144 qualis
1078 1072 1262 1140 luitClodius,
1280 1072 1398 1138 Crassus,

363 1160 484 1214 lucullus:
503 1160 550 1232 qui
569 1160 589 1214 si
609 1159 708 1213 mortui
727 1156 818 1224 erunt,
849 1159 877 1212 in
898 1159 1027 1214 eiusmodi
1053 1160 1199 1234 scriptione
1218 1161 1305 1215 notari
1323 1173 1401 1234 pote·

363 1261 408 1302 rant
418 1249 522 1301 minore
534 1267 596 1301 cum
607 1248 712 1314 invidia,
731 1259 757 1301 et
767 1258 857 1301 tamen
869 1248 1029 1319 gravissime.
1066 1247 1124 1317 „lta
1142 1249 1191 1315 (sic
1202 1248 1304 1302 Gernb.
1314 1249 1400 1304 intro-

363 1335 490 1400 „ductione
502 1336 629 1407 extrema)
643 1335 844 1408 quodammodo
856 1336 908 1389 dici
923 1336 956 1389 de
968 1336 1017 1391 bac
1029 1338 1152 1391 vitiorum
1165 1337 1402 1409 vituperandorum

363 1425 481 1488 „ratione,
503 1444 575 1496 quae
594 1424 621 1476 in
637 1423 784 1476 Paradoxis
803 1423 1026 1494 deprehenditur,
1051 1424 1116 1477 illnd
1137 1436 1237 1496 potest,
1255 1426 1328 1497 quod
1347 1427 1403 1498 ipse

363 1512 457 1574 „Cicero
477 1512 511 1564 de
531 1523 653 1583 tempore
670 1529 825 1563 sermonum
845 1510 878 1564 de
897 1511 1009 1565 Finibus
1027 1513 1118 1567 scribit
1138 1514 1170 1566 ad
1189 1514 1308 1567 Atticum
1318 1515 1402 1580 (Xlll,

364 1603 440 1667 „ll.),
459 1600 563 1653 corita
582 1599 728 1653 confecerit
747 1599 868 1670 quinque
887 1598 971 1653 libros
989 1606 1048 1671 περὶ
1066 1602 1156 1668 rslsir,
1176 1612 1206 1655 ut
1222 1593 1355 1673 Epicurea
1373 1603 1402 1656 b.

363 1687 519 1759 „Torquato,
539 1687 629 1741 Stoica
648 1687 687 1740 M.
705 1685 818 1754 Catoni,
838 1684 1030 1758 nspancrpmd
1048 1687 1086 1741 M.
1105 1688 1197 1742 Pisoni
1216 1688 1304 1744 daret:
1325 1688 1343 1741 α’
1350 1689 1401 1761 ζη-

365 1777 582 1844 „lorrinqros,
600 1775 702 1847 inquit,
727 1775 757 1826 id
769 1776 834 1847 fors
851 1775 1000 1844 putabam,
1029 1777 1102 1848 quod
1118 1796 1206 1830 omnes
1222 1779 1265 1829 illi
1284 1779 1399 1831 decesse-

363 1869 452 1928 „rant.“
498 1863 601 1917 Eodem
627 1864 697 1929 lere,
733 1883 787 1935 quo
822 1862 1069 1931 Gernbardus,
1094 1877 1215 1937 tempore
1240 1865 1401 1938 Morgen-

362 1952 499 2005 sternius
517 1951 623 2022 scripsit
640 1970 687 2004 sua
706 1951 732 2004 in
753 1951 809 2004 Cic.
827 1950 967 2004 Paradoxa
985 1952 1191 2024 Prolegornena.
1237 1956 1262 2006 ls
1281 1955 1320 2007 sir
1343 1956 1398 2026 pri-

363 2055 418 2091 num
436 2059 463 2093 se
481 2041 515 2093 ab
534 2039 567 2092 H.
585 2039 689 2092 Wolfio
708 2038 844 2092 dissentire
863 2039 914 2104 ait,
934 2039 979 2110 qui
1000 2040 1135 2094 Paradoxa
1154 2041 1251 2112 scripta
1269 2042 1400 2096 existima-

362 2124 392 2179 lat
406 2128 562 2182 dominante
582 2128 710 2193 Caesare,
741 2139 800 2199 post
823 2128 933 2180 Catonis
955 2128 1107 2195 interitum,
1133 2129 1262 2181 nimirum
1282 2140 1311 2182 ut
1329 2129 1399 2182 Bru·

361 2223 410 2280 tun,
428 2227 573 2270 monstrata
594 2216 737 2270 honestatis
754 2225 780 2268 et
800 2214 901 2268 virtutis
919 2215 1082 2282 excellentia,
1101 2217 1134 2270 ad
1155 2217 1263 2271 caedem
1282 2216 1402 2272 Caesaris

359 2304 473 2358 animaret
501 2317 582 2377 atque
608 2316 733 2359 armaret.
777 2303 915 2374 Scriptum
943 2323 998 2358 esse
1023 2304 1142 2358 libellum
1169 2306 1225 2359 rivo
1251 2304 1353 2360 Catone
1373 2326 1401 2359 ex

357 2390 486 2446 Prooemio
506 2413 570 2446 cum
588 2393 722 2465 plerisque
741 2391 799 2445 aliis
817 2404 921 2445 certum
939 2412 993 2445 esse
1013 2393 1165 2447 contendit:
1194 2413 1245 2447 nec
1264 2413 1325 2447 sero
1353 2413 1402 2446 ne-

357 2497 414 2534 ccsse
432 2481 467 2534 ait
496 2499 567 2547 esse,
593 2492 622 2534 ut
651 2481 794 2532 secundum
818 2479 977 2531 Paradoxon
996 2499 1059 2532 cum
1091 2480 1215 2534 Scbiitzio
1246 2483 1274 2534 in
1299 2502 1401 2536 annum

354 2575 405 2625 tlt.
432 2569 599 2635 reiiciamus,
631 2569 660 2621 in
685 2587 765 2639 quem
785 2566 924 2620 Scbiitzius
943 2567 1013 2620 dicat
1031 2568 1154 2621 incidisse
1178 2569 1283 2622 furores
1304 2570 1399 2622 Clodii.

354 2658 452 2712 Etiamsi
466 2657 539 2712 enim
561 2657 599 2710 rel
619 2657 734 2709 maxime
748 2654 874 2709 Clodium
894 2655 1062 2727 significaret,
1080 2658 1195 2729 potuisse
1213 2669 1301 2710 tamen
1321 2657 1403 2710 animi

353 2747 556 2801 commotionem
583 2746 708 2798 Ciceroni
739 2766 779 2798 res
802 2757 1002 2817 repraesentare
1028 2747 1190 2817 praeteritas.
1236 2746 1294 2800 Nec
1318 2748 1402 2819 magis

352 2836 417 2888 audit
434 2834 605 2900 Sobiitaium,
625 2853 649 2887 a.
669 2833 704 2887 U.
724 2854 748 2888 c.
766 2838 827 2888 698.
853 2836 983 2907 scriptum
1009 2855 1065 2888 esse
1092 2834 1298 2889 contendentem
1318 2836 1401 2889 Para-

351 2922 432 2975 doxon
456 2934 579 2987 sextum,
604 2941 659 2993 quo
683 2920 792 2975 Crassus
817 2943 879 2976 cum
904 2923 1035 2995 Pompeio
1060 2924 1207 2977 secundum
1233 2923 1399 2978 consulatum

351 3023 456 3081 gereret.
494 3010 592 3064 Melius
618 3010 769 3063 consultum
795 3012 827 3064 iri
842 3012 982 3083 existimat
1001 3010 1140 3065 Ciceronis
1163 3010 1278 3082 gloriae,
1303 3012 1324 3063 si
1350 3024 1404 3066 sta-

352 3111 462 3167 tuamus,
491 3097 558 3151 illud
582 3117 693 3170 parvum
721 3099 881 3170 opusculum
906 3100 1078 3154 lucubratum
1105 3099 1328 3153 contractioribus
1348 3100 1400 3152 iam

353 3188 483 3249 noctibus,
511 3186 585 3257 quod
612 3206 668 3240 non
696 3207 750 3240 esse
769 3188 839 3241 dicat
858 3200 888 3242 ut
912 3190 939 3241 in
959 3209 1021 3243 arce
1048 3189 1113 3260 poni
1141 3188 1237 3260 possit,
1263 3191 1403 3260 perpaucis

354 3276 467 3329 noctibus
486 3293 541 3327 esse
561 3273 749 3348 profligatum,
778 3295 860 3346 quam
885 3275 907 3329 si
931 3276 1013 3329 libelli
1033 3275 1175 3347 particulas
1191 3276 1298 3330 dirersis
1316 3278 1402 3342 annis,

354 3362 427 3435 iisque
445 3364 509 3419 setis
527 3363 698 3428 distantibus,
719 3382 772 3416 esse
793 3363 940 3417 elaboratas
958 3382 1107 3427 sumamus,
1137 3363 1285 3416 rationibus
1304 3383 1400 3435 parum

356 3449 427 3505 lirinis
439 3452 519 3506 moti:
539 3452 694 3524 praesertim
705 3470 789 3522 quum
809 3452 887 3504 verba
906 3450 980 3517 „liis
998 3453 1008 3502 i
1015 3470 1063 3501 arn
1082 3448 1305 3501 contractioribus
1315 3453 1401 3505 noctis

358 3538 543 3593 tacunarum
563 3559 619 3592 rem
640 3539 718 3611 plane
735 3539 868 3593 conficere
888 3539 1035 3592 rideantur.

416 3630 509 3702 Neque
528 3628 743 3699 Borgersius
761 3629 794 3680 ab
813 3647 844 3680 ea
864 3627 993 3681 sententia
1013 3626 1115 3679 alienus
1133 3637 1179 3692 est,
1199 3624 1334 3695 additque,
1352 3622 1400 3677 Ci-

360 3733 470 3771 ceronem
491 3717 573 3769 videri
591 3736 679 3770 mores
700 3717 784 3787 magis
801 3736 912 3769 suorum
932 3715 1072 3768 bominum
1091 3733 1124 3767 ac
1136 3725 1298 3782 temporum,
1318 3732 1399 3785 quam

306 3867 308 3872 Ι
360 3818 430 3860 certos
448 3805 620 3878 quosdam
599 3824 681 3871 nros,
701 3804 896 3875 perstrinxisse.
915 3803 979 3857 binc
996 3804 1075 3857 etiam
1094 3800 1180 3865 etfici,
1199 3812 1229 3853 ut
1246 3801 1400 3853 decennium

306 3909 308 3936 t
362 3890 410 3947 illud
429 3900 481 3957 (est
498 3893 565 3947 baec
582 3912 629 3945 vox
648 3891 786 3963 apudB.),
806 3894 877 3963 quod
897 3891 1044 3944 secundum
1065 3888 1218 3942 Scbiitaium
1236 3889 1400 3959 intorquer-

306 3965 312 4062 {
362 3989 406 4032 trin
421 3983 578 4036 Paradoxon
598 3992 623 4035 et
640 3980 814 4033 Prooemium
839 3978 986 4044 ellluscrit,
1006 3978 1085 4049 plane
1104 3976 1220 4031 tollatur.
1266 3976 1322 4045 Qui
1342 3989 1402 4048 post

306 4085 314 4112 t
363 4062 515 4139 Borgersium
535 4070 567 4122 de
587 4079 708 4138 tempore
727 4068 893 4139 loquuntur,
918 4086 972 4137 quo
992 4065 1096 4119 libellus
1120 4078 1210 4119 noster
1228 4065 1342 4137 scriptus
1361 4066 1398 4117 ri-

306 4155 320 4226 i}
366 4151 454 4222 leatur,
475 4158 616 4229 plerique,
643 4157 804 4209 Nobbius
825 4157 903 4208 etiam
929 4167 955 4208 et
979 4154 1029 4208 boo
1057 4156 1114 4226 ipso
1133 4173 1204 4208 anno
1230 4154 1399 4208 Baebrius

306 4229 320 4306 tl
367 4238 426 4300 lllist.
442 4246 501 4299 lin.
521 4246 628 4299 Romm.
647 4245 679 4323 T,
698 4244 729 4295 ll.
749 4264 775 4315 p.
792 4245 845 4298 443
865 4246 953 4315 sqq),
981 4263 1035 4295 non
1055 4244 1139 4314 magis
1157 4241 1280 4296 Scbiitaio
1300 4240 1398 4294 sullra—

306 4333 321 4406 η’
369 4341 456 4399 gantur,
475 4353 556 4405 quam
576 4331 750 4386 Gernbardus
768 4345 794 4386 et
808 4332 1050 4404 Morgensternius‚
1070 4333 1105 4384 ita
1122 4342 1210 4383 tamen
1225 4340 1253 4381 ut
1271 4326 1398 4381 Raebrius

306 4440 317 4469 s
370 4416 443 4487 ⁸cripte
460 4421 529 4476 diest
546 4421 681 4473 Parndom
701 4421 789 4492 paullo
810 4432 869 4491 post
887 4420 970 4473 libros
985 4421 1017 4472 de
1038 4418 1159 4483 Olliciis,
1189 4428 1247 4488 post
1278 4417 1396 4469 Caesaris

306 4523 317 4558 s
372 4497 494 4578 interitum,
532 4511 713 4581 scriptamque
740 4510 888 4563 orationem
914 4508 1090 4581 Philippicam
1123 4505 1275 4560 secundom.
1331 4503 1396 4557 Mihi
