3517 5450
444 718 518 791 306
779 739 951 786 rinaooxs
979 736 1173 786 srotconuu.

447 904 515 967 tior,
535 902 607 973 quod
629 901 728 954 ideirco
748 920 776 950 ex
796 897 899 968 langio
918 897 996 949 etiam
1018 898 1114 951 retinui
1134 899 1166 950 de
1188 897 1312 951 Amicitia
1333 916 1356 950 c.
1370 900 1415 952 16.
1450 898 1495 952 sed

448 992 526 1043 etiam
547 989 632 1041 statim
659 989 693 1041 ita
713 986 854 1040 Gruterus.
890 984 985 1038 Paullo
1005 998 1066 1039 ante
1084 986 1185 1040 correxi
1203 985 1235 1035 ds
1260 1003 1296 1036 re
1316 985 1431 1055 loquar,
1456 1007 1497 1056 pro

448 1096 501 1148 quo
517 1077 543 1129 in
562 1076 706 1129 editionem
727 1073 837 1127 Gruteri
858 1071 952 1144 procul
979 1072 1062 1125 dnbio
1081 1093 1130 1144 per
1156 1085 1284 1145 typorum
1313 1071 1497 1144 negligentiam

448 1167 585 1236 ingruerat
603 1164 635 1214 de
653 1174 696 1216 te.
718 1181 802 1233 quum
821 1172 873 1213 tam
895 1160 1044 1225 Victorius,
1064 1180 1145 1232 quam
1165 1160 1264 1225 luntas,
1287 1179 1370 1231 quam
1390 1161 1497 1232 denique

449 1254 527 1307 etiam
546 1251 663 1322 Longius
682 1250 708 1303 id
727 1250 814 1321 ipsum
833 1258 903 1302 caste
923 1246 1075 1314 exhibeant,
1102 1249 1176 1320 quod
1202 1250 1325 1318 reposui,
1352 1248 1455 1301 nedum
1477 1262 1498 1303 ut

449 1360 543 1394 omnes
561 1340 623 1393 editi
643 1339 789 1393 accusandi
808 1337 875 1401 sint,
904 1335 978 1407 quasi
1003 1336 1035 1386 de
1059 1346 1092 1386 te
1116 1334 1260 1402 haherent,
1285 1337 1370 1408 idque
1398 1338 1498 1390 refutari

448 1429 541 1480 debeat
561 1439 587 1480 et
605 1447 634 1479 es
654 1426 743 1479 nescio
763 1444 817 1497 quo
836 1434 931 1494 operto
955 1422 1027 1475 aliud
1053 1423 1184 1494 prolerri,
1210 1424 1283 1495 quod
1312 1425 1357 1479 hic
1381 1427 1498 1480 confusus

449 1518 525 1570 rideo
545 1515 616 1581 steri,
646 1525 675 1567 ut
700 1525 726 1567 et
751 1513 801 1566 alia
829 1512 890 1563 satis
915 1509 1071 1564 indecora.“
1097 1509 1249 1567 Gronov.
1294 1513 1337 1564 De
1362 1514 1498 1585 scriptione

450 1605 626 1657 divitissimus
658 1601 748 1654 laudat
782 1598 884 1652 Gernh.
917 1599 1076 1670 interpretes
1103 1599 1136 1652 ad
1161 1598 1245 1652 Corn.
1277 1601 1348 1671 Nep.
1379 1602 1498 1656 Ateius.

451 1692 489 1760 [p.
509 1692 570 1743 226.
588 1689 629 1741 ed.
648 1688 739 1755 Bard.]
759 1685 842 1740 Phoc.
862 1689 888 1738 1.
908 1687 946 1756 [p.
957 1690 1001 1740 63.
1021 1685 1113 1755 Bard.]
1131 1687 1165 1740 ad
1184 1685 1242 1741 Cic.
1254 1688 1288 1741 de
1301 1687 1361 1742 Osf.
1371 1690 1405 1756 ll,
1414 1694 1496 1760 tute.

450 1778 512 1844 [vid.
531 1777 563 1830 ad
587 1777 611 1830 h.
631 1776 647 1828 l.
665 1777 744 1830 etiam
764 1774 850 1828 Beier.
869 1794 896 1846 p.
909 1777 982 1843 113.]
1003 1774 1074 1827 Add.
1092 1793 1141 1828 nos
1159 1776 1193 1827 ad
1212 1773 1270 1828 Cic.
1290 1776 1325 1829 de
1345 1777 1415 1848 Rep.
1434 1776 1453 1843 l,
1464 1782 1497 1830 11.

451 1885 476 1936 p.
495 1869 539 1918 Π.
560 1862 580 1930 l,
601 1867 644 1919 32.
664 1884 688 1934 p.
708 1868 760 1918 126
779 1884 818 1934 sq.
839 1861 927 1915 Beier.
945 1863 979 1915 ad
998 1862 1070 1916 Lael.
1089 1866 1134 1929 16,
1152 1867 1197 1918 68.
1216 1883 1242 1934 ρ.
1261 1867 1306 1917 91.
1326 1864 1497 1919 (1001000111

449 1952 530 2004 lahnii
552 1951 658 2004 Annall.
675 1951 782 2006 Philoll.
802 1953 882 2004 1826.
901 1949 922 2015 l,
941 1954 967 2001 2.
986 1969 1013 2021 p.
1033 1953 1095 2004 308.
1121 1950 1237 2021 Kriiger.
1255 1951 1384 2007 Gramm.
1410 1956 1435 2009 d.
1451 1955 1496 2006 lat
1524 2011 1527 2015 ,

335 2065 339 2071 ·
450 2040 510 2111 Spr.
531 2039 547 2090 l.
569 2036 593 2109 ᾗ.
612 2043 674 2092 228.
699 2059 725 2110 p.
743 2044 805 2093 2611.
848 2037 919 2091 Ante
945 2036 1113 2090 Gronovium
1143 2050 1304 2108 receperunt
1329 2042 1497 2094 divitissimus

451 2128 519 2180 Vict.
541 2128 623 2197 Lang.
643 2125 727 2179 Suffr.
747 2127 818 2179 Petr.
839 2125 960 2178 Lambin.
978 2123 1077 2181 Colon.
1095 2126 1161 2178 Roh.
1181 2125 1287 2196 Stepb.;
1317 2140 1380 2198 post
1399 2127 1497 2180 Grono-

451 2217 521 2268 vium
556 2215 691 2280 Olivetus,
717 2216 797 2267 Verb.
824 2212 928 2266 Gernh.
946 2213 1016 2265 Tha.
1044 2211 1147 2280 Orell,
1171 2225 1198 2266 et
1216 2213 1316 2267 habent
1335 2214 1425 2269 Codd.
1442 2215 1495 2268 On.

452 2304 483 2356 E.
498 2305 515 2355 Ι.
528 2303 558 2354 Ν.
571 2303 605 2355 U.
617 2323 640 2354 a.
660 2301 732 2355 Gud.
744 2306 775 2354 A.
812 2302 923 2373 Legitur
940 2303 978 2353 sit
997 2300 1135 2358 habentius
1153 2302 1181 2353 in
1193 2301 1279 2354 Codd.
1290 2301 1386 2356 Guels.
1395 2302 1461 2356 Gut.
1469 2303 1495 2354 ll.

451 2391 557 2446 Suerin.
582 2390 639 2460 (hic
667 2390 745 2444 etiam
767 2391 906 2460 possident
932 2409 982 2461 pro
1007 2389 1159 2459 possideat)
1187 2389 1268 2442 Drsd.
1289 2394 1317 2442 4.
1342 2394 1370 2443 6.
1398 2401 1424 2443 et
1445 2389 1497 2441 Ere.

450 2479 518 2550 Eyb.
553 2478 613 2532 Mt.

521 2568 633 2640 quinia
655 2568 755 2618 virtute
774 2567 928 2619 divitiae
946 2566 1050 2635 sinti]
1095 2566 1163 2621 cod.
1190 2567 1270 2621 Drsd.
1291 2571 1317 2622 3.
1346 2568 1444 2621 omittit
1464 2568 1495 2621 im

450 2658 603 2728 absorptum
622 2675 636 2707 a
656 2655 727 2707 vocis
745 2654 927 2707 antecedentis
952 2654 1046 2706 litteris
1068 2655 1204 2722 extremis,
1230 2655 1251 2707 si
1278 2654 1352 2708 lorte
1378 2657 1495 2727 scriptum

450 2757 506 2798 erat
524 2744 612 2809 Qle,
632 2744 648 2794 i.
667 2763 690 2795 e.
712 2743 778 2814 quin
795 2745 831 2796 in.
859 2743 920 2799 Vid.
946 2742 1056 2816 Sciopp.
1083 2743 1116 2796 de
1135 2744 1200 2798 Arte
1225 2742 1325 2797 Critica
1355 2764 1383 2815 p.
1403 2748 1444 2799 68.
1461 2742 1495 2795 ed.

451 2834 683 2886 1101511662.-
723 2831 789 2884 cod.
808 2830 888 2883 Drsd.
907 2835 933 2884 6.
954 2830 1033 2885 habet
1049 2834 1192 2901 positae
1212 2833 1269 2884 sint
1289 2833 1422 2899 divitias,
1450 2832 1495 2884 duo

450 2920 512 2973 Atti
532 2931 557 2973 et
576 2918 626 2972 01.
645 2918 663 2971 l.
692 2919 804 2970 divitiae
824 2921 967 2989 positae
992 2920 1063 2972 sint:
1088 2940 1157 2992 quae
1181 2920 1267 2991 glossa
1293 2922 1328 2973 ab
1355 2921 1423 2973 Edu.
1445 2930 1495 2972 vett.

450 3020 511 3061 ante
533 3006 658 3058 Aldinam
678 3007 763 3059 abest:
784 3006 827 3059 sed
846 3006 946 3060 habent
971 3026 1030 3060 eam
1060 3007 1119 3061 Ald.
1138 3012 1217 3063 1611.
1236 3013 1318 3064 1662.
1344 3012 1408 3063 Asc.
1428 3013 1496 3063 16211.

450 3094 593 3159 (secunda)
616 3092 688 3148 Crat.
719 3093 792 3147 Man.
819 3093 911 3165 Magn.
940 3095 1034 3148 Lamb.
1059 3094 1156 3150 Colon.
1181 3097 1266 3169 Lugd.
1293 3102 1377 3155 1666.
1407 3099 1496 3153 Sturm.

451 3181 511 3234 Car.
531 3180 622 3251 Steph.
634 3181 694 3233 Par.
706 3184 785 3236 1643.
804 3182 874 3235 thud.
889 3181 1033 3255 Tal.Sylb.
1051 3196 1077 3238 et
1097 3204 1181 3257 marg.
1190 3185 1268 3240 Boul.
1305 3187 1389 3241 Solus
1398 3187 1465 3241 Guel.
1473 3186 1497 3238 B.

452 3268 529 3322 hahet
548 3280 621 3324 sunt.
659 3268 718 3322 Mr.

520 3359 645 3431 quoniam
663 3359 742 3411 nulla
758 3361 891 3429 possessio
909 3361 956 3427 —]
994 3362 1049 3416 Pro
1068 3363 1194 3436 quoniam
1211 3365 1239 3417 in
1258 3364 1333 3420 Gud.
1356 3367 1389 3419 Α.
1408 3378 1445 3421 est
1454 3359 1497 3439 pi..

451 3449 522 3518 quod
542 3448 604 3501 alibi
623 3446 755 3519 significat
774 3448 891 3521 quanda.
928 3450 983 3502 Pro
1007 3461 1042 3501 et
1069 3452 1177 3523 argenti
1193 3463 1235 3505 est
1261 3464 1373 3525 atque
1391 3454 1497 3527 argenti.

450 3538 503 3589 Pro
526 3538 615 3590 virtus
636 3535 717 3589 Drsd.
734 3541 759 3590 5.
787 3537 890 3592 exhibet
915 3540 1047 3600 virtutis3
1072 3540 1099 3591 in
1127 3539 1204 3593 Suet.
1229 3552 1255 3594 et
1279 3539 1341 3595 Cra.
1360 3547 1386 3596 2.
1411 3541 1498 3612 legitur

450 3625 621 3688 extimanda,
640 3625 667 3676 in
686 3623 736 3676 Os.
756 3624 786 3676 E.
804 3625 999 3690 existimanda,
1019 3646 1069 3697 pro
1088 3628 1268 3683 aestimanda.
1312 3628 1423 3683 Similes
1446 3648 1498 3681 sen-

451 3714 545 3765 tentias
565 3732 580 3764 a
602 3713 620 3765 l.
639 3712 727 3784 Lipsio
747 3713 871 3767 collectas
891 3713 996 3768 exhibet
1013 3713 1149 3781 Graevius,
1168 3716 1213 3769 nbi
1233 3727 1285 3770 est:
1305 3717 1375 3783 „Sic
1392 3730 1420 3773 et
1432 3717 1499 3770 Plato

454 3800 581 3852 sentiebat
600 3800 671 3870 apud
691 3800 816 3871 Appulei.
835 3801 867 3854 de
886 3801 986 3857 Philos.
1011 3805 1060 3871 [est
1078 3805 1105 3856 in
1124 3804 1193 3857 libro
1219 3804 1349 3876 Appuleii
1376 3805 1499 3859 (1011061-

456 3887 511 3939 tud.
532 3887 723 3939 Doctrinarum
744 3899 770 3941 et
788 3888 927 3944 Nativitate
946 3892 1066 3946 Platonis
1083 3892 1151 3944 L.ll.
1171 3912 1197 3964 p.
1206 3895 1268 3946 1⁹2.
1287 3892 1340 3948 Ed.
1351 3890 1499 3966 Bip.T.ll.:

446 3974 571 4025 'Divitem
590 3974 660 4024 launa
676 3976 845 4046 [sapientem]
861 3979 948 4030 solum
962 3989 1057 4049 putat,
1075 3982 1172 4051 quippe
1188 4000 1249 4032 eum
1270 3982 1414 4035 thesauris
1425 3980 1500 4035 amni·

451 4059 500 4111 bus
515 4061 688 4129 pretiosiores
705 4064 779 4116 solus
798 4065 924 4118 videatur
939 4069 1074 4136 possidere
1092 4068 1226 4120 virtutum
1245 4086 1323 4137 opes,
1342 4072 1427 4122 etiam
1444 4069 1500 4142 quia

451 4149 523 4201 solus
542 4151 651 4218 sopiens
669 4170 730 4220 opes
747 4163 836 4221 potest
854 4155 884 4208 ia
902 4154 996 4208 usibus
1014 4155 1169 4209 necessariis
1187 4173 1294 4226 regere,
1325 4157 1414 4209 videri
1431 4157 1500 4207 ditis-

449 4238 531 4291 simus
551 4238 635 4293 debet.
683 4242 753 4291 Nam
773 4242 866 4304 ceteri,
887 4243 1010 4314 quamvis
1028 4245 1083 4296 sint
1102 4243 1197 4313 apibus
1215 4242 1381 4311 affluentes,
1413 4255 1500 4302 tannen,

449 4328 520 4396 quod
537 4329 580 4379 uel
597 4347 786 4381 usamentum
805 4332 943 4395 nesciant,
961 4331 1005 4382 vel
1023 4331 1158 4385 deducant
1171 4350 1219 4382 eas
1238 4331 1278 4381 ad
1293 4332 1430 4401 pessimas
1443 4349 1499 4400 par·

449 4424 497 4475 tes,
514 4415 603 4482 inopes
618 4416 752 4467 videntur.
784 4418 942 4485 Egestatem
955 4436 1071 4491 namque
1089 4438 1143 4471 nan
1160 4418 1287 4471 absentia
1304 4421 1447 4490 pecuniae,
1462 4416 1501 4470 sed

445 4501 599 4567 praesentia
612 4503 847 4555 immoderatarum
866 4506 1022 4573 cupidinum
1039 4507 1139 4578 gignit.
1182 4505 1217 4561 Et
1234 4505 1317 4560 Philo
1345 4508 1456 4564 ludaeus
1472 4505 1498 4555 le
