3517 5450
354 408 426 479 116
684 426 855 473 rananoxa
884 425 1078 476 sroiconmr.

352 602 473 666 rebusl
495 600 611 663 etiam:
642 596 828 677 siquidem
866 614 979 661 rerum
1014 597 1150 662 modum
1181 599 1306 679 lingere
1334 616 1396 663 non

351 752 544 818 possumus:
565 735 754 799 animorum
769 733 905 797 modum
922 739 1034 799 tenere
1048 752 1234 829 possumus.
1283 735 1396 799 llistrio

352 877 379 938 si
406 875 550 956 paullum
580 890 615 935 se
650 872 753 934 movit
787 874 881 933 extra
907 887 1099 948 numerum,
1142 877 1199 934 aut
1230 871 1256 934 si
1290 888 1397 933 versus

354 1010 580 1090 pronuntiatus
607 1012 655 1070 est
682 1005 807 1086 syllaba
832 1022 900 1071 una
924 1006 1068 1084 brevior,
1094 1014 1150 1072 aut
1176 1010 1318 1088 longior,
1342 1026 1397 1071 ex-

353 1146 500 1209 sibilatur
526 1148 559 1206 et
585 1143 788 1224 exploditur:
825 1143 1028 1221 invitatu,
1066 1162 1150 1225 quae
1185 1146 1279 1208 omni
1312 1147 1407 1223 gestu

353 1281 575 1355 moderatior,
601 1281 691 1343 omni
715 1297 810 1344 versu
837 1281 946 1361 aptior
972 1298 1044 1345 esse
1072 1280 1185 1357 debet,
1213 1285 1249 1344 ut
1276 1281 1310 1342 in
1335 1281 1411 1359 syl—

353 1419 427 1482 laba
454 1423 486 1480 te
510 1433 662 1496 peccasse
689 1415 799 1479 dices?
844 1415 981 1479 Poe‘tam
1008 1433 1076 1480 non
1103 1416 1202 1481 audio
1227 1416 1263 1478 in
1290 1415 1423 1494 nugis:

352 1557 385 1618 in
412 1555 498 1618 vitae
524 1552 678 1615 societate
720 1551 853 1615 audiam
879 1554 1003 1629 civem,
1044 1552 1150 1632 digitis
1181 1556 1318 1632 peccata
1351 1551 1423 1614 di-

269 1695 273 1705 ‘
351 1691 538 1753 metientem
565 1688 649 1749 sual
702 1685 796 1763 Quae
822 1688 849 1750 si
870 1687 942 1751 visa
963 1693 1038 1751 sunt
1065 1689 1235 1764 breviora,
1276 1688 1423 1751 leviora

352 1826 407 1906 qui
419 1827 556 1905 possunt
581 1814 740 1909 [viderilr
763 1839 874 1901 quum,
902 1823 1058 1903 quicquid
1081 1828 1244 1903 peccatur,
1272 1829 1423 1904 pertur-

350 1961 483 2024 batione
511 1962 663 2038 peccetur
685 1959 823 2021 rationis
846 1963 945 2039 atque
963 1960 1106 2024 ordinis:
1132 1961 1324 2041 perturbata
1338 1977 1423 2023 an-

351 2101 417 2159 tem
442 2095 544 2157 semel
571 2094 699 2157 ratione
732 2099 765 2157 et
790 2095 924 2173 ordine,
959 2097 1038 2160 nihil
1072 2097 1175 2179 possit
1199 2096 1293 2172 addi,
1332 2113 1416 2176 qno

351 2233 454 2313 magis
476 2232 606 2313 peccari
632 2247 728 2311 posse
756 2230 914 2295 videatur.

415 2405 480 2462 Ὅτι
498 2413 542 2461 l'cc
559 2406 594 2460 aa*
613 2405 812 2479 ἁμαρτήματα]
841 2408 937 2475 „Hanc
955 2408 1040 2463 thesin
1054 2411 1080 2462 in
1101 2409 1226 2462 omnibus
1243 2405 1403 2478 exemplari-

353 2497 452 2550 busita
471 2497 597 2566 scriptam
617 2497 719 2567 reperi,
747 2515 802 2555 uno
827 2496 932 2562 demto,
958 2497 986 2549 in
1007 2517 1075 2569 quo:
1103 2491 1145 2548 ica
1168 2496 1255 2549 scaci
1280 2490 1399 2564 ἁμαρτή-

349 2605 421 2647 ματα
444 2589 487 2634 καὶ
507 2581 539 2633 rai
558 2584 781 2653 κατορθώματα.“
807 2586 837 2636 C.
856 2583 959 2655 Lang.
1010 2585 1141 2650 „Addunt
1168 2585 1326 2637 Lambinus:
1351 2584 1393 2632 καὶ

351 2671 384 2724 cai
405 2668 613 2741 uasopdo'rpcw5
633 2671 763 2743 Langius:
781 2678 825 2724 καὶ
842 2667 878 2723 ‘cri
896 2669 1100 2743 ὄρθῶμαται
1127 2673 1191 2742 [hoc
1208 2683 1301 2726 monet
1318 2670 1389 2724 etiam

349 2760 476 2831 Syiburg.
494 2759 522 2811 in
541 2772 647 2826 annot,
666 2762 711 2813 sed
730 2762 820 2815 nescio
840 2763 926 2828 unde,
952 2783 1014 2817 cum
1040 2762 1091 2816 hoc
1116 2782 1172 2815 non
1197 2764 1230 2815 sit
1255 2762 1290 2814 in'
1306 2767 1385 2814 annot·

351 2847 382 2902 C.
402 2848 522 2918 Langiia]
542 2848 648 2901 Persius
665 2847 721 2901 Sat.
741 2854 766 2914 5,
787 2851 851 2916 [119
869 2852 919 2921 sq.]

385 2965 416 2976 -
456 2964 489 2975 -
526 2964 560 2975 -
598 2937 712 3008 digitum
732 2956 819 3002 exere,
836 2956 940 3008 peccas.

383 3026 421 3074 Et
441 3023 506 3094 quid
523 3033 580 3074 tam
595 3043 712 3093 parvum
730 3025 792 3077 est?
828 3026 881 3077 Sed
899 3026 975 3078 nullo
994 3035 1055 3076 ture
1072 3023 1192 3076 litabar
1223 3023 1293 3076 ald.
1310 3020 1378 3073 Man.

348 3109 428 3177 „Sic,
447 3120 475 3162 ul
495 3108 578 3163 estin
599 3111 665 3166 cod.
685 3110 716 3165 C.
735 3111 845 3183 Langii,
871 3112 950 3165 etiam
969 3110 1139 3168 Pithoeanus.
1182 3111 1236 3164 Sed
1256 3122 1324 3166 recte
1339 3109 1377 3160 iac

347 3198 525 3252 emendarunt
550 3198 621 3252 docti
653 3199 701 3251 viri
727 3193 768 3251 im
791 3203 836 3252 lca
862 3197 899 3251 sci
925 3196 1103 3269 ἁμαρτήματα
1129 3205 1173 3251 καὶ
1198 3198 1235 3251 τά
1259 3185 1375 3284 κυιτορθῦ·Ι

346 3289 446 3347 ματα.“
465 3284 583 3339 Graev.
634 3288 751 3351 „Veram
777 3307 828 3360 ego
847 3287 1050 3358 inscriptionem
1070 3308 1125 3342 esse
1144 3299 1222 3359 puto:
1243 3282 1284 3339 iu
1300 3290 1338 3336 loc
1350 3296 1373 3327 w

346 3368 533 3443 ἁμαρτήματα.
579 3372 696 3441 Quidam
723 3375 809 3430 codd.
838 3377 928 3447 inepte
954 3376 1056 3429 addunt
1082 3381 1126 3428 καὶ
1150 3372 1185 3427 cd
1204 3361 1372 3445 sncprwi'

346 3480 453 3525 ματα,
472 3479 528 3531 qno
548 3462 656 3515 nomine
674 3463 758 3518 Stoici
776 3466 881 3518 Nomen
909 3476 935 3518 et
953 3467 1073 3518 Verbum
1091 3464 1243 3538 appeliant,
1271 3472 1371 3515 cumre-

347 3546 432 3619 liques
457 3548 585 3601 orationis
611 3562 699 3620 parles
724 3548 979 3621 crryxcaqyopq'pcsa
1005 3563 1106 3605 vocent.
1150 3550 1204 3603 Alii
1232 3540 1374 3604 habentui

344 3631 379 3685 sa*
398 3634 673 3704 κατορθώματαε
700 3659 768 3710 qnae
787 3639 934 3710 appendis,
960 3640 1007 3692 etsi
1032 3658 1095 3692 cum
1114 3638 1244 3704 sententia
1263 3626 1373 3704 congusti

347 3733 372 3774 el
391 3740 405 3774 a
426 3713 558 3777 Cicerone
577 3725 708 3781 hocloco
728 3739 871 3793 tractatur,
890 3739 979 3781 tamen
998 3727 1074 3781 initio
1093 3727 1227 3797 adscripta
1245 3725 1320 3779 [nime
1334 3731 1375 3771 ποθ

344 3810 456 3877 videtur,
476 3813 548 3884 qnod
563 3814 663 3887 alioqui
682 3816 816 3869 distinctio
834 3815 878 3867 illa
903 3819 951 3867 τοῦ
969 3811 1178 3886 κατορθώματος
1197 3819 1243 3865 καὶ
1259 3814 1305 3864 τοῦ
1320 3807 1374 3860 καθ’

343 3895 462 3967 ἡκοντος,
499 3902 532 3954 de
557 3922 610 3973 qna
637 3904 713 3957 tertio
737 3904 770 3957 de
793 3904 906 3957 Finibus
938 3916 963 3957 et
990 3904 1078 3975 primo
1106 3904 1139 3955 de
1171 3901 1276 3956 Officiis
1297 3896 1372 3968 agitur,

337 4000 493 4056 corrueret,
513 3990 617 4062 ipsique
638 3992 720 4045 Stoici
740 4012 830 4047 secum
851 4005 1011 4065 pugnarent.
1047 3992 1119 4061 Quia
1138 4002 1230 4045 tamen
1249 3983 1375 4044 cambire
1421 4055 1422 4060 ¹

342 4073 379 4126 sic
396 4074 491 4142 edidit,
516 4078 626 4132 reiicere
645 4080 732 4132 nolui:
753 4082 907 4151 praesertim
927 4100 988 4135 curn
1009 4070 1370 4134 novumCiceronianaeAssl‘
1421 4067 1422 4080 ¹

344 4160 446 4215 demine
465 4185 520 4219 non
540 4167 579 4232 sit,
600 4167 664 4221 alias
676 4167 726 4221 alia
740 4169 828 4222 dicere
847 4180 892 4222 aut
912 4180 983 4223 certe
1001 4168 1107 4223 alirerf‘
1125 4167 1157 4221 H.
1169 4165 1272 4218 Wolf.
1304 4157 1369 4209 (Μ’
