<?xml version="1.0" encoding="UTF-8"?>
<!DOCTYPE html PUBLIC "-//W3C//DTD XHTML 1.0 Transitional//EN"
    "http://www.w3.org/TR/xhtml1/DTD/xhtml1-transitional.dtd">
<html xmlns="http://www.w3.org/1999/xhtml" xml:lang="en" lang="en">
 <head>
  <title>
</title>
<meta http-equiv="Content-Type" content="text/html;charset=utf-8" />
  <meta name='ocr-system' content='tesseract 3.04.00' />
  <meta name='ocr-capabilities' content='ocr_page ocr_carea ocr_par ocr_line ocrx_word'/>
</head>
<body>
  <div class='ocr_page' id='page_1' title='image "./mtulliiciceroni15cicegoog_0189.png"; bbox 0 0 3517 5450; ppageno 0'>
   <div class='ocr_carea' id='block_1_1' title="bbox 631 721 1378 795">
    <p class='ocr_par' dir='ltr' id='par_1_1' title="bbox 631 721 1378 795">
     <span class='ocr_line' id='line_1_1' title="bbox 631 721 1378 795; baseline 0.015 -11"><span class='ocrx_word' id='word_1_1' title='bbox 631 738 826 786; x_wconf 73' lang='lat' dir='ltr'><strong><em>rentooxon</em></strong></span> <span class='ocrx_word' id='word_1_2' title='bbox 857 740 905 786; x_wconf 90' lang='lat' dir='ltr'><strong><em>m.</em></strong></span> <span class='ocrx_word' id='word_1_3' title='bbox 938 740 1059 788; x_wconf 71' lang='lat' dir='ltr'><strong><em>etun.</em></strong></span> <span class='ocrx_word' id='word_1_4' title='bbox 1307 721 1378 795; x_wconf 77' lang='lat'><strong><em>143</em></strong></span> 
     </span>
    </p>
   </div>
   <div class='ocr_carea' id='block_1_2' title="bbox 334 896 1382 1766">
    <p class='ocr_par' dir='ltr' id='par_1_2' title="bbox 334 896 1382 1477">
     <span class='ocr_line' id='line_1_2' title="bbox 334 896 1380 969; baseline 0.008 -19"><span class='ocrx_word' id='word_1_5' title='bbox 334 896 490 968; x_wconf 80' lang='lat' dir='ltr'><strong><em>lucquidem</em></strong></span> <span class='ocrx_word' id='word_1_6' title='bbox 505 896 634 949; x_wconf 81' lang='lat' dir='ltr'><strong><em>formula:</em></strong></span> <span class='ocrx_word' id='word_1_7' title='bbox 649 916 731 969; x_wconf 81' lang='lat' dir='ltr'><strong><em>quere</em></strong></span> <span class='ocrx_word' id='word_1_8' title='bbox 745 916 911 969; x_wconf 86' lang='lat' dir='ltr'><strong><em>unoquoque</em></strong></span> <span class='ocrx_word' id='word_1_9' title='bbox 924 898 985 955; x_wconf 88' lang='lat' dir='ltr'><strong><em>loco</em></strong></span> <span class='ocrx_word' id='word_1_10' title='bbox 995 920 1009 953; x_wconf 78' lang='lat' dir='ltr'>a</span> <span class='ocrx_word' id='word_1_11' title='bbox 1020 901 1151 956; x_wconf 81' lang='lat' dir='ltr'>Codicum</span> <span class='ocrx_word' id='word_1_12' title='bbox 1162 905 1317 958; x_wconf 80' lang='lat' dir='ltr'><strong><em>auctoritate</em></strong></span> <span class='ocrx_word' id='word_1_13' title='bbox 1326 905 1380 958; x_wconf 82' lang='lat' dir='ltr'><strong><em>sola</em></strong></span> 
     </span>
     <span class='ocr_line' id='line_1_3' title="bbox 334 983 1380 1061; baseline 0.005 -22"><span class='ocrx_word' id='word_1_14' title='bbox 334 985 421 1056; x_wconf 79' lang='lat' dir='ltr'>pendet</span> <span class='ocrx_word' id='word_1_15' title='bbox 439 986 528 1039; x_wconf 89' lang='lat' dir='ltr'><strong><em>lectio.</em></strong></span> <span class='ocrx_word' id='word_1_16' title='bbox 565 983 595 1038; x_wconf 86' lang='lat' dir='ltr'><strong><em>ln</em></strong></span> <span class='ocrx_word' id='word_1_17' title='bbox 617 987 693 1039; x_wconf 85' lang='lat' dir='ltr'><strong><em>Verr.</em></strong></span> <span class='ocrx_word' id='word_1_18' title='bbox 709 984 729 1050; x_wconf 86' lang='lat' dir='ltr'><strong><em>l,</em></strong></span> <span class='ocrx_word' id='word_1_19' title='bbox 749 989 794 1052; x_wconf 81' lang='grc'><strong><em>18,</em></strong></span> <span class='ocrx_word' id='word_1_20' title='bbox 811 990 847 1041; x_wconf 73' lang='grc'><strong><em>41</em></strong></span> <span class='ocrx_word' id='word_1_21' title='bbox 865 988 936 1053; x_wconf 76' lang='lat' dir='ltr'><strong><em>(het.</em></strong></span> <span class='ocrx_word' id='word_1_22' title='bbox 954 987 999 1055; x_wconf 92' lang='grc' dir='ltr'><strong>ΙΙ.)</strong></span> <span class='ocrx_word' id='word_1_23' title='bbox 1019 984 1114 1043; x_wconf 82' lang='lat' dir='ltr'><strong><em>rndnus</em></strong></span> <span class='ocrx_word' id='word_1_24' title='bbox 1130 993 1228 1061; x_wconf 78' lang='lat' dir='ltr'><strong><em>impias</em></strong></span> <span class='ocrx_word' id='word_1_25' title='bbox 1245 1010 1278 1043; x_wconf 86' lang='lat' dir='ltr'><strong><em>uc</em></strong></span> <span class='ocrx_word' id='word_1_26' title='bbox 1296 994 1380 1046; x_wconf 83' lang='lat' dir='ltr'><strong><em>eucri-</em></strong></span> 
     </span>
     <span class='ocr_line' id='line_1_4' title="bbox 334 1072 1379 1147; baseline 0.009 -24"><span class='ocrx_word' id='word_1_27' title='bbox 334 1073 397 1144; x_wconf 78' lang='lat' dir='ltr'><strong><em>legus</em></strong></span> <span class='ocrx_word' id='word_1_28' title='bbox 417 1074 578 1145; x_wconf 85' lang='lat' dir='ltr'><strong><em>usserre,</em></strong></span> <span class='ocrx_word' id='word_1_29' title='bbox 595 1074 631 1126; x_wconf 88' lang='lat' dir='ltr'><strong><em>ib.</em></strong></span> <span class='ocrx_word' id='word_1_30' title='bbox 651 1072 695 1138; x_wconf 83' lang='lat' dir='ltr'><strong><em>ill,</em></strong></span> <span class='ocrx_word' id='word_1_31' title='bbox 715 1078 759 1138; x_wconf 79' lang='lat'><strong><em>24,</em></strong></span> <span class='ocrx_word' id='word_1_32' title='bbox 778 1077 826 1129; x_wconf 76' lang='lat'><strong><em>6⁰:</em></strong></span> <span class='ocrx_word' id='word_1_33' title='bbox 844 1075 981 1147; x_wconf 77' lang='lat' dir='ltr'><strong><em>equilibus</em></strong></span> <span class='ocrx_word' id='word_1_34' title='bbox 1000 1080 1129 1131; x_wconf 81' lang='lat' dir='ltr'><strong><em>Romanis</em></strong></span> <span class='ocrx_word' id='word_1_35' title='bbox 1141 1098 1282 1134; x_wconf 85' lang='lat' dir='ltr'><strong><em>-nmnus</em></strong></span> <span class='ocrx_word' id='word_1_36' title='bbox 1299 1080 1334 1132; x_wconf 81' lang='lat' dir='ltr'><strong><em>ah</em></strong></span> <span class='ocrx_word' id='word_1_37' title='bbox 1348 1110 1379 1123; x_wconf 91' lang='lat'><strong><em>·-</em></strong></span> 
     </span>
     <span class='ocr_line' id='line_1_5' title="bbox 334 1159 1382 1238; baseline 0.008 -25"><span class='ocrx_word' id='word_1_38' title='bbox 334 1162 374 1214; x_wconf 73' lang='lat' dir='ltr'><strong><em>isto</em></strong></span> <span class='ocrx_word' id='word_1_39' title='bbox 393 1190 423 1200; x_wconf 89' lang='lat'><em>-</em></span> <span class='ocrx_word' id='word_1_40' title='bbox 446 1159 642 1229; x_wconf 77' lang='lat' dir='ltr'><strong><em>afferebantur.</em></strong></span> <span class='ocrx_word' id='word_1_41' title='bbox 679 1161 762 1229; x_wconf 88' lang='lat' dir='ltr'><strong><em>Quod</em></strong></span> <span class='ocrx_word' id='word_1_42' title='bbox 778 1181 841 1216; x_wconf 87' lang='lat' dir='ltr'><strong><em>vero</em></strong></span> <span class='ocrx_word' id='word_1_43' title='bbox 853 1182 939 1235; x_wconf 83' lang='lat' dir='ltr'><strong><em>aeque</em></strong></span> <span class='ocrx_word' id='word_1_44' title='bbox 958 1164 1027 1218; x_wconf 88' lang='lat' dir='ltr'><strong><em>bene</em></strong></span> <span class='ocrx_word' id='word_1_45' title='bbox 1045 1166 1143 1221; x_wconf 89' lang='lat' dir='ltr'><strong><em>dicitur</em></strong></span> <span class='ocrx_word' id='word_1_46' title='bbox 1161 1186 1177 1218; x_wconf 85' lang='lat' dir='ltr'><strong><em>a</em></strong></span> <span class='ocrx_word' id='word_1_47' title='bbox 1183 1169 1303 1238; x_wconf 77' lang='lat' dir='ltr'><strong><em>fferre</em></strong></span> <span class='ocrx_word' id='word_1_48' title='bbox 1322 1187 1382 1221; x_wconf 81' lang='lat' dir='ltr'><strong><em>me-</em></strong></span> 
     </span>
     <span class='ocr_line' id='line_1_6' title="bbox 334 1249 1380 1325; baseline 0.01 -27"><span class='ocrx_word' id='word_1_49' title='bbox 334 1266 386 1299; x_wconf 83' lang='lat' dir='ltr'><strong><em>mm</em></strong></span> <span class='ocrx_word' id='word_1_50' title='bbox 404 1258 430 1301; x_wconf 91' lang='lat' dir='ltr'><strong><em>et</em></strong></span> <span class='ocrx_word' id='word_1_51' title='bbox 448 1249 588 1318; x_wconf 76' lang='lat' dir='ltr'><strong><em>inferre</em></strong></span> <span class='ocrx_word' id='word_1_52' title='bbox 608 1268 731 1314; x_wconf 78' lang='lat' dir='ltr'><strong><em>morium,</em></strong></span> <span class='ocrx_word' id='word_1_53' title='bbox 750 1249 777 1301; x_wconf 88' lang='lat' dir='ltr'><strong><em>id</em></strong></span> <span class='ocrx_word' id='word_1_54' title='bbox 796 1251 868 1321; x_wconf 70' lang='lat' dir='ltr'><strong><em>apud</em></strong></span> <span class='ocrx_word' id='word_1_55' title='bbox 891 1250 957 1306; x_wconf 82' lang='lat' dir='ltr'><strong><em>elios</em></strong></span> <span class='ocrx_word' id='word_1_56' title='bbox 979 1253 1122 1325; x_wconf 68' lang='lat' dir='ltr'>scriptores</span> <span class='ocrx_word' id='word_1_57' title='bbox 1137 1254 1167 1309; x_wconf 83' lang='lat' dir='ltr'><strong><em>fit</em></strong></span> <span class='ocrx_word' id='word_1_58' title='bbox 1184 1255 1262 1309; x_wconf 83' lang='lat' dir='ltr'><strong><em>etiam</em></strong></span> <span class='ocrx_word' id='word_1_59' title='bbox 1283 1257 1310 1309; x_wconf 90' lang='lat' dir='ltr'><strong><em>in</em></strong></span> <span class='ocrx_word' id='word_1_60' title='bbox 1325 1257 1380 1310; x_wconf 86' lang='lat' dir='ltr'><strong><em>lor·</em></strong></span> 
     </span>
     <span class='ocr_line' id='line_1_7' title="bbox 334 1333 1379 1414; baseline 0.01 -27"><span class='ocrx_word' id='word_1_61' title='bbox 334 1333 401 1389; x_wconf 80' lang='lat' dir='ltr'><strong><em>mulis</em></strong></span> <span class='ocrx_word' id='word_1_62' title='bbox 418 1335 577 1387; x_wconf 81' lang='lat' dir='ltr'><strong><em>adiicere</em></strong></span> <span class='ocrx_word' id='word_1_63' title='bbox 597 1333 705 1388; x_wconf 83' lang='lat' dir='ltr'><strong><em>innnnrn</em></strong></span> <span class='ocrx_word' id='word_1_64' title='bbox 723 1348 748 1390; x_wconf 87' lang='lat' dir='ltr'><strong><em>et</em></strong></span> <span class='ocrx_word' id='word_1_65' title='bbox 772 1340 919 1392; x_wconf 83' lang='lat' dir='ltr'><strong><em>iniicere</em></strong></span> <span class='ocrx_word' id='word_1_66' title='bbox 946 1358 1069 1406; x_wconf 90' lang='lat' dir='ltr'><strong><em>monum,</em></strong></span> <span class='ocrx_word' id='word_1_67' title='bbox 1096 1363 1226 1414; x_wconf 73' lang='lat' dir='ltr'><strong><em>opponere</em></strong></span> <span class='ocrx_word' id='word_1_68' title='bbox 1250 1355 1276 1397; x_wconf 89' lang='lat' dir='ltr'><strong><em>et</em></strong></span> <span class='ocrx_word' id='word_1_69' title='bbox 1296 1345 1379 1414; x_wconf 74' lang='lat' dir='ltr'><strong><em>impo-</em></strong></span> 
     </span>
     <span class='ocr_line' id='line_1_8' title="bbox 334 1423 615 1477; baseline 0.014 -5"><span class='ocrx_word' id='word_1_70' title='bbox 334 1441 382 1475; x_wconf 78' lang='lat' dir='ltr'><strong><em>nere</em></strong></span> <span class='ocrx_word' id='word_1_71' title='bbox 400 1442 519 1477; x_wconf 81' lang='lat' dir='ltr'><strong><em>monum.</em></strong></span> <span class='ocrx_word' id='word_1_72' title='bbox 556 1423 615 1476; x_wconf 86' lang='lat' dir='ltr'><strong><em>Mr.</em></strong></span> 
     </span>
    </p>

    <p class='ocr_par' dir='ltr' id='par_1_3' title="bbox 334 1511 1379 1766">
     <span class='ocr_line' id='line_1_9' title="bbox 405 1511 1378 1587; baseline 0.01 -25"><span class='ocrx_word' id='word_1_73' title='bbox 405 1511 599 1582; x_wconf 77' lang='lat' dir='ltr'><strong><em>Quamcunque</em></strong></span> <span class='ocrx_word' id='word_1_74' title='bbox 630 1515 659 1563; x_wconf 83' lang='lat' dir='ltr'><strong><em>r&#39;n</em></strong></span> <span class='ocrx_word' id='word_1_75' title='bbox 689 1512 793 1565; x_wconf 87' lang='lat' dir='ltr'><strong><em>domum</em></strong></span> <span class='ocrx_word' id='word_1_76' title='bbox 819 1524 944 1582; x_wconf 80' lang='lat' dir='ltr'><strong><em>stuprum</em></strong></span> <span class='ocrx_word' id='word_1_77' title='bbox 973 1517 1141 1587; x_wconf 58' lang='lat' dir='ltr'><strong><em>intulerint]</em></strong></span> <span class='ocrx_word' id='word_1_78' title='bbox 1171 1518 1237 1571; x_wconf 87' lang='lat' dir='ltr'><strong><em>cod.</em></strong></span> <span class='ocrx_word' id='word_1_79' title='bbox 1268 1517 1326 1572; x_wconf 81' lang='lat' dir='ltr'><strong><em>Cre.</em></strong></span> <span class='ocrx_word' id='word_1_80' title='bbox 1353 1523 1378 1572; x_wconf 90' lang='grc'><strong><em>1.</em></strong></span> 
     </span>
     <span class='ocr_line' id='line_1_10' title="bbox 334 1598 1379 1670; baseline 0.013 -24"><span class='ocrx_word' id='word_1_81' title='bbox 334 1613 500 1668; x_wconf 64' lang='lat' dir='ltr'><strong><em>quocunqne</em></strong></span> <span class='ocrx_word' id='word_1_82' title='bbox 518 1598 547 1650; x_wconf 89' lang='lat' dir='ltr'><strong><em>in</em></strong></span> <span class='ocrx_word' id='word_1_83' title='bbox 567 1599 675 1658; x_wconf 82' lang='lat' dir='ltr'><strong><em>domu;</em></strong></span> <span class='ocrx_word' id='word_1_84' title='bbox 704 1600 732 1653; x_wconf 86' lang='lat' dir='ltr'><strong><em>r&#39;n</em></strong></span> <span class='ocrx_word' id='word_1_85' title='bbox 751 1600 846 1654; x_wconf 87' lang='lat' dir='ltr'><strong><em>omittit</em></strong></span> <span class='ocrx_word' id='word_1_86' title='bbox 866 1601 947 1656; x_wconf 88' lang='lat' dir='ltr'><strong><em>Drsd.</em></strong></span> <span class='ocrx_word' id='word_1_87' title='bbox 966 1607 998 1670; x_wconf 71' lang='grc' dir='ltr'><strong><em>ὃς</em></strong></span> <span class='ocrx_word' id='word_1_88' title='bbox 1026 1603 1100 1661; x_wconf 84' lang='lat' dir='ltr'><strong><em>Gud.</em></strong></span> <span class='ocrx_word' id='word_1_89' title='bbox 1118 1607 1150 1659; x_wconf 79' lang='lat' dir='ltr'><strong><em>A.</em></strong></span> <span class='ocrx_word' id='word_1_90' title='bbox 1180 1604 1258 1660; x_wconf 79' lang='lat' dir='ltr'><strong><em>hahet</em></strong></span> <span class='ocrx_word' id='word_1_91' title='bbox 1286 1618 1318 1658; x_wconf 82' lang='lat' dir='ltr'><strong><em>et</em></strong></span> <span class='ocrx_word' id='word_1_92' title='bbox 1343 1610 1353 1660; x_wconf 86' lang='lat' dir='ltr'><strong><em>l</em></strong></span> <span class='ocrx_word' id='word_1_93' title='bbox 1362 1629 1379 1660; x_wconf 90' lang='lat' dir='ltr'><strong><em>n</em></strong></span> 
     </span>
     <span class='ocr_line' id='line_1_11' title="bbox 334 1686 1378 1766; baseline 0.012 -29"><span class='ocrx_word' id='word_1_94' title='bbox 334 1704 509 1758; x_wconf 72' lang='lat' dir='ltr'><strong><em>quamcunque</em></strong></span> <span class='ocrx_word' id='word_1_95' title='bbox 523 1686 642 1747; x_wconf 64' lang='lat' dir='ltr'><strong><em>dunmnm</em></strong></span> <span class='ocrx_word' id='word_1_96' title='bbox 661 1686 728 1741; x_wconf 76' lang='lat' dir='ltr'><strong><em>On.</em></strong></span> <span class='ocrx_word' id='word_1_97' title='bbox 740 1687 770 1741; x_wconf 81' lang='lat' dir='ltr'><strong><em>E.</em></strong></span> <span class='ocrx_word' id='word_1_98' title='bbox 782 1686 801 1743; x_wconf 88' lang='grc' dir='ltr'><strong><em>Ι.</em></strong></span> <span class='ocrx_word' id='word_1_99' title='bbox 821 1700 847 1743; x_wconf 84' lang='lat' dir='ltr'><strong><em>et</em></strong></span> <span class='ocrx_word' id='word_1_100' title='bbox 860 1689 915 1743; x_wconf 86' lang='lat' dir='ltr'><strong><em>duo</em></strong></span> <span class='ocrx_word' id='word_1_101' title='bbox 934 1691 1007 1744; x_wconf 77' lang='lat' dir='ltr'><strong><em>Aldi:</em></strong></span> <span class='ocrx_word' id='word_1_102' title='bbox 1027 1703 1061 1744; x_wconf 86' lang='lat' dir='ltr'><strong><em>el</em></strong></span> <span class='ocrx_word' id='word_1_103' title='bbox 1081 1712 1275 1766; x_wconf 79' lang='lat' dir='ltr'><strong><em>quameunque,</em></strong></span> <span class='ocrx_word' id='word_1_104' title='bbox 1294 1693 1344 1749; x_wconf 78' lang='lat'><strong><em>01.</em></strong></span> <span class='ocrx_word' id='word_1_105' title='bbox 1354 1717 1378 1764; x_wconf 82' lang='grc' dir='ltr'><strong><em>η.</em></strong></span> 
     </span>
    </p>
   </div>
   <div class='ocr_carea' id='block_1_3' title="bbox 334 1777 1485 1844">
    <p class='ocr_par' dir='ltr' id='par_1_4' title="bbox 334 1777 1485 1844">
     <span class='ocr_line' id='line_1_12' title="bbox 334 1777 1485 1844; baseline 0.012 -22"><span class='ocrx_word' id='word_1_106' title='bbox 334 1785 601 1844; x_wconf 74' lang='lat' dir='ltr'><strong><em>quantumcunque</em></strong></span> <span class='ocrx_word' id='word_1_107' title='bbox 611 1794 620 1833; x_wconf 79' lang='lat'><strong><em>,-</em></strong></span> <span class='ocrx_word' id='word_1_108' title='bbox 641 1777 698 1829; x_wconf 82' lang='lat' dir='ltr'><strong><em>Cre.</em></strong></span> <span class='ocrx_word' id='word_1_109' title='bbox 718 1779 743 1828; x_wconf 79' lang='lat'><strong><em>².</em></strong></span> <span class='ocrx_word' id='word_1_110' title='bbox 761 1777 888 1844; x_wconf 64' lang='lat' dir='ltr'><strong><em>stupris</em></strong></span> <span class='ocrx_word' id='word_1_111' title='bbox 917 1777 998 1831; x_wconf 87' lang='lat' dir='ltr'><strong><em>Drsd.</em></strong></span> <span class='ocrx_word' id='word_1_112' title='bbox 1018 1782 1043 1834; x_wconf 86' lang='lat'><strong><em>1.</em></strong></span> <span class='ocrx_word' id='word_1_113' title='bbox 1062 1780 1186 1834; x_wconf 81' lang='lat' dir='ltr'><strong><em>intulerit</em></strong></span> <span class='ocrx_word' id='word_1_114' title='bbox 1195 1803 1204 1843; x_wconf 92' lang='lat'><strong><em>,·</em></strong></span> <span class='ocrx_word' id='word_1_115' title='bbox 1235 1781 1314 1838; x_wconf 78' lang='lat' dir='ltr'><strong><em>hehet</em></strong></span> <span class='ocrx_word' id='word_1_116' title='bbox 1331 1784 1380 1836; x_wconf 84' lang='lat' dir='ltr'><strong><em>Ed.</em></strong></span> <span class='ocrx_word' id='word_1_117' title='bbox 1481 1779 1485 1786; x_wconf 73' lang='grc'><strong>’</strong></span> 
     </span>
    </p>
   </div>
   <div class='ocr_carea' id='block_1_4' title="bbox 334 1862 1379 4581">
    <p class='ocr_par' dir='ltr' id='par_1_5' title="bbox 334 1862 1379 2286">
     <span class='ocr_line' id='line_1_13' title="bbox 334 1862 1378 1932; baseline 0.009 -17"><span class='ocrx_word' id='word_1_118' title='bbox 334 1862 400 1917; x_wconf 82' lang='lat' dir='ltr'><strong><em>ttttb.</em></strong></span> <span class='ocrx_word' id='word_1_119' title='bbox 425 1883 444 1916; x_wconf 89' lang='lat' dir='ltr'><strong><em>s.</em></strong></span> <span class='ocrx_word' id='word_1_120' title='bbox 464 1863 480 1916; x_wconf 91' lang='grc' dir='ltr'><strong><em>Ι.</em></strong></span> <span class='ocrx_word' id='word_1_121' title='bbox 500 1873 527 1916; x_wconf 88' lang='lat' dir='ltr'><strong><em>et</em></strong></span> <span class='ocrx_word' id='word_1_122' title='bbox 544 1881 568 1915; x_wconf 78' lang='lat' dir='ltr'><strong><em>a.</em></strong></span> <span class='ocrx_word' id='word_1_123' title='bbox 587 1863 773 1918; x_wconf 78' lang='lat' dir='ltr'><strong><em>intulerunt.</em></strong></span> <span class='ocrx_word' id='word_1_124' title='bbox 810 1863 881 1917; x_wconf 82' lang='lat' dir='ltr'><strong><em>Tum</em></strong></span> <span class='ocrx_word' id='word_1_125' title='bbox 909 1866 1036 1921; x_wconf 74' lang='lat' dir='ltr'>scribitur</span> <span class='ocrx_word' id='word_1_126' title='bbox 1058 1868 1145 1920; x_wconf 83' lang='lat' dir='ltr'><strong><em>labem</em></strong></span> <span class='ocrx_word' id='word_1_127' title='bbox 1168 1888 1240 1932; x_wconf 80' lang='lat' dir='ltr'><strong><em>esse,</em></strong></span> <span class='ocrx_word' id='word_1_128' title='bbox 1274 1870 1378 1924; x_wconf 82' lang='lat' dir='ltr'><strong><em>inverso</em></strong></span> 
     </span>
     <span class='ocr_line' id='line_1_14' title="bbox 334 1949 1379 2017; baseline 0.008 -17"><span class='ocrx_word' id='word_1_129' title='bbox 334 1953 414 2005; x_wconf 80' lang='lat' dir='ltr'><strong><em>ordine</em></strong></span> <span class='ocrx_word' id='word_1_130' title='bbox 434 1951 461 2004; x_wconf 92' lang='lat' dir='ltr'><strong><em>in</em></strong></span> <span class='ocrx_word' id='word_1_131' title='bbox 485 1949 571 2003; x_wconf 88' lang='lat' dir='ltr'><strong><em>Codd.</em></strong></span> <span class='ocrx_word' id='word_1_132' title='bbox 594 1949 688 2004; x_wconf 81' lang='lat' dir='ltr'><strong><em>Cre-1.</em></strong></span> <span class='ocrx_word' id='word_1_133' title='bbox 703 1955 728 2006; x_wconf 75' lang='lat'><strong><em>².</em></strong></span> <span class='ocrx_word' id='word_1_134' title='bbox 749 1951 828 2005; x_wconf 83' lang='lat' dir='ltr'><strong><em>Drsd.</em></strong></span> <span class='ocrx_word' id='word_1_135' title='bbox 840 1955 865 2006; x_wconf 84' lang='lat'><strong><em>1.</em></strong></span> <span class='ocrx_word' id='word_1_136' title='bbox 876 1955 902 2007; x_wconf 78' lang='lat'><strong><em>3.</em></strong></span> <span class='ocrx_word' id='word_1_137' title='bbox 920 1964 946 2007; x_wconf 89' lang='lat' dir='ltr'><strong><em>et</em></strong></span> <span class='ocrx_word' id='word_1_138' title='bbox 963 1954 1013 2006; x_wconf 88' lang='lat' dir='ltr'><strong><em>Ed.</em></strong></span> <span class='ocrx_word' id='word_1_139' title='bbox 1032 1957 1094 2009; x_wconf 77' lang='lat' dir='ltr'><strong><em>Asc.</em></strong></span> <span class='ocrx_word' id='word_1_140' title='bbox 1114 1959 1182 2010; x_wconf 82' lang='grc'>1511</span> <span class='ocrx_word' id='word_1_141' title='bbox 1192 1977 1202 2017; x_wconf 84' lang='grc'><strong><em>,·</em></strong></span> <span class='ocrx_word' id='word_1_142' title='bbox 1222 1957 1248 2009; x_wconf 88' lang='lat' dir='ltr'><strong><em>in</em></strong></span> <span class='ocrx_word' id='word_1_143' title='bbox 1265 1957 1379 2011; x_wconf 58' lang='lat' dir='ltr'><strong><em>onds.</em></strong></span> 
     </span>
     <span class='ocr_line' id='line_1_15' title="bbox 334 2038 1377 2113; baseline 0.009 -25"><span class='ocrx_word' id='word_1_144' title='bbox 334 2038 416 2110; x_wconf 69' lang='lat' dir='ltr'><strong><em>legitur</em></strong></span> <span class='ocrx_word' id='word_1_145' title='bbox 434 2039 547 2090; x_wconf 82' lang='lat' dir='ltr'><strong><em>eandem</em></strong></span> <span class='ocrx_word' id='word_1_146' title='bbox 565 2057 621 2091; x_wconf 84' lang='lat' dir='ltr'><strong><em>esse</em></strong></span> <span class='ocrx_word' id='word_1_147' title='bbox 641 2038 817 2106; x_wconf 76' lang='lat' dir='ltr'><strong><em>libidinem,</em></strong></span> <span class='ocrx_word' id='word_1_148' title='bbox 842 2041 870 2093; x_wconf 89' lang='lat' dir='ltr'><strong><em>in</em></strong></span> <span class='ocrx_word' id='word_1_149' title='bbox 890 2040 971 2096; x_wconf 87' lang='lat' dir='ltr'><strong><em>Drsd.</em></strong></span> <span class='ocrx_word' id='word_1_150' title='bbox 990 2047 1016 2096; x_wconf 78' lang='lat'><strong><em>4.</em></strong></span> <span class='ocrx_word' id='word_1_151' title='bbox 1042 2041 1128 2094; x_wconf 81' lang='lat' dir='ltr'><strong><em>lobeni</em></strong></span> <span class='ocrx_word' id='word_1_152' title='bbox 1146 2044 1300 2113; x_wconf 78' lang='lat' dir='ltr'><strong><em>pudoris.</em></strong></span> <span class='ocrx_word' id='word_1_153' title='bbox 1335 2045 1377 2097; x_wconf 78' lang='lat' dir='ltr'><strong><em>Ad</em></strong></span> 
     </span>
     <span class='ocr_line' id='line_1_16' title="bbox 334 2126 1378 2199; baseline 0.006 -21"><span class='ocrx_word' id='word_1_154' title='bbox 334 2128 478 2180; x_wconf 79' lang='lat' dir='ltr'><strong><em>sententiam</em></strong></span> <span class='ocrx_word' id='word_1_155' title='bbox 499 2126 605 2181; x_wconf 86' lang='lat' dir='ltr'><strong><em>conlert</em></strong></span> <span class='ocrx_word' id='word_1_156' title='bbox 623 2126 704 2197; x_wconf 82' lang='lat' dir='ltr'>Borg.</span> <span class='ocrx_word' id='word_1_157' title='bbox 724 2127 780 2181; x_wconf 87' lang='lat' dir='ltr'><strong><em>Cic.</em></strong></span> <span class='ocrx_word' id='word_1_158' title='bbox 799 2147 850 2199; x_wconf 88' lang='lat' dir='ltr'><strong><em>pro</em></strong></span> <span class='ocrx_word' id='word_1_159' title='bbox 869 2127 963 2183; x_wconf 78' lang='lat' dir='ltr'><strong><em>Caelio</em></strong></span> <span class='ocrx_word' id='word_1_160' title='bbox 978 2134 1021 2196; x_wconf 80' lang='lat'><strong><em>18,</em></strong></span> <span class='ocrx_word' id='word_1_161' title='bbox 1039 2135 1090 2185; x_wconf 84' lang='lat'><strong><em>42:</em></strong></span> <span class='ocrx_word' id='word_1_162' title='bbox 1114 2151 1147 2184; x_wconf 86' lang='lat' dir='ltr'><strong><em>ne</em></strong></span> <span class='ocrx_word' id='word_1_163' title='bbox 1165 2132 1176 2182; x_wconf 89' lang='lat' dir='ltr'><strong><em>i</em></strong></span> <span class='ocrx_word' id='word_1_164' title='bbox 1182 2143 1331 2184; x_wconf 81' lang='lat' dir='ltr'><strong><em>ncurrat</em></strong></span> <span class='ocrx_word' id='word_1_165' title='bbox 1350 2133 1378 2184; x_wconf 85' lang='lat' dir='ltr'><strong><em>in</em></strong></span> 
     </span>
     <span class='ocr_line' id='line_1_17' title="bbox 334 2215 921 2286; baseline 0.015 -24"><span class='ocrx_word' id='word_1_166' title='bbox 334 2215 435 2267; x_wconf 87' lang='lat' dir='ltr'><strong><em>ollerine</em></strong></span> <span class='ocrx_word' id='word_1_167' title='bbox 455 2216 560 2268; x_wconf 88' lang='lat' dir='ltr'><strong><em>domum</em></strong></span> <span class='ocrx_word' id='word_1_168' title='bbox 578 2225 661 2286; x_wconf 82' lang='lat' dir='ltr'><strong><em>atque</em></strong></span> <span class='ocrx_word' id='word_1_169' title='bbox 674 2215 825 2286; x_wconf 76' lang='lat' dir='ltr'><strong><em>familiam.</em></strong></span> <span class='ocrx_word' id='word_1_170' title='bbox 861 2217 921 2271; x_wconf 66' lang='grc' dir='ltr'><strong><em>ΜΓ.</em></strong></span> 
     </span>
    </p>

    <p class='ocr_par' dir='ltr' id='par_1_6' title="bbox 334 2303 1379 3348">
     <span class='ocr_line' id='line_1_18' title="bbox 391 2303 1379 2382; baseline 0.006 -27"><span class='ocrx_word' id='word_1_171' title='bbox 391 2303 513 2355; x_wconf 80' lang='lat' dir='ltr'><strong><em>Eandem</em></strong></span> <span class='ocrx_word' id='word_1_172' title='bbox 534 2321 589 2355; x_wconf 80' lang='lat' dir='ltr'><strong><em>esse</em></strong></span> <span class='ocrx_word' id='word_1_173' title='bbox 615 2303 700 2355; x_wconf 84' lang='lat' dir='ltr'><strong><em>labem</em></strong></span> <span class='ocrx_word' id='word_1_174' title='bbox 718 2304 850 2375; x_wconf 71' lang='lat' dir='ltr'><strong><em>libidinis]</em></strong></span> <span class='ocrx_word' id='word_1_175' title='bbox 897 2306 1005 2372; x_wconf 74' lang='lat' dir='ltr'><strong><em>„Latos</em></strong></span> <span class='ocrx_word' id='word_1_176' title='bbox 1023 2306 1048 2361; x_wconf 85' lang='lat' dir='ltr'><strong><em>h.</em></strong></span> <span class='ocrx_word' id='word_1_177' title='bbox 1067 2307 1085 2360; x_wconf 92' lang='grc' dir='ltr'><strong><em>Ι.</em></strong></span> <span class='ocrx_word' id='word_1_178' title='bbox 1112 2308 1210 2362; x_wconf 87' lang='lat' dir='ltr'><strong><em>dicitur</em></strong></span> <span class='ocrx_word' id='word_1_179' title='bbox 1236 2310 1379 2382; x_wconf 73' lang='lat' dir='ltr'><strong><em>peccantis,</em></strong></span> 
     </span>
     <span class='ocr_line' id='line_1_19' title="bbox 334 2393 1378 2468; baseline 0.009 -26"><span class='ocrx_word' id='word_1_180' title='bbox 334 2409 379 2445; x_wconf 88' lang='lat' dir='ltr'><strong><em>oon</em></strong></span> <span class='ocrx_word' id='word_1_181' title='bbox 397 2393 469 2459; x_wconf 85' lang='lat' dir='ltr'><strong><em>eius,</em></strong></span> <span class='ocrx_word' id='word_1_182' title='bbox 490 2393 517 2444; x_wconf 93' lang='lat' dir='ltr'><strong><em>in</em></strong></span> <span class='ocrx_word' id='word_1_183' title='bbox 537 2410 618 2463; x_wconf 88' lang='lat' dir='ltr'><strong><em>quem</em></strong></span> <span class='ocrx_word' id='word_1_184' title='bbox 638 2404 772 2464; x_wconf 83' lang='lat' dir='ltr'><strong><em>peccatur.</em></strong></span> <span class='ocrx_word' id='word_1_185' title='bbox 817 2393 862 2448; x_wconf 82' lang='lat' dir='ltr'><strong><em>Est</em></strong></span> <span class='ocrx_word' id='word_1_186' title='bbox 890 2395 963 2448; x_wconf 87' lang='lat' dir='ltr'><strong><em>enim</em></strong></span> <span class='ocrx_word' id='word_1_187' title='bbox 982 2396 1039 2447; x_wconf 85' lang='lat' dir='ltr'><strong><em>lobi</em></strong></span> <span class='ocrx_word' id='word_1_188' title='bbox 1057 2396 1182 2463; x_wconf 78' lang='lat' dir='ltr'><strong><em>verbum,</em></strong></span> <span class='ocrx_word' id='word_1_189' title='bbox 1209 2397 1282 2468; x_wconf 88' lang='lat' dir='ltr'><strong><em>quod</em></strong></span> <span class='ocrx_word' id='word_1_190' title='bbox 1301 2417 1378 2451; x_wconf 87' lang='lat' dir='ltr'><strong><em>sensu</em></strong></span> 
     </span>
     <span class='ocr_line' id='line_1_20' title="bbox 334 2482 1377 2556; baseline 0.004 -22"><span class='ocrx_word' id='word_1_191' title='bbox 334 2482 416 2534; x_wconf 85' lang='lat' dir='ltr'><strong><em>morali</em></strong></span> <span class='ocrx_word' id='word_1_192' title='bbox 435 2482 501 2534; x_wconf 88' lang='lat' dir='ltr'><strong><em>item</em></strong></span> <span class='ocrx_word' id='word_1_193' title='bbox 521 2492 595 2534; x_wconf 78' lang='lat' dir='ltr'><strong><em>notat</em></strong></span> <span class='ocrx_word' id='word_1_194' title='bbox 617 2500 745 2552; x_wconf 76' lang='lat' dir='ltr'><strong><em>peceare,</em></strong></span> <span class='ocrx_word' id='word_1_195' title='bbox 762 2501 868 2548; x_wconf 83' lang='lat' dir='ltr'><strong><em>errare,</em></strong></span> <span class='ocrx_word' id='word_1_196' title='bbox 887 2482 961 2536; x_wconf 88' lang='lat' dir='ltr'><strong><em>unde</em></strong></span> <span class='ocrx_word' id='word_1_197' title='bbox 979 2483 1074 2553; x_wconf 75' lang='lat' dir='ltr'><strong><em>lapsus</em></strong></span> <span class='ocrx_word' id='word_1_198' title='bbox 1092 2495 1131 2537; x_wconf 86' lang='lat' dir='ltr'><strong><em>est</em></strong></span> <span class='ocrx_word' id='word_1_199' title='bbox 1148 2504 1226 2537; x_wconf 83' lang='lat' dir='ltr'><strong><em>error</em></strong></span> <span class='ocrx_word' id='word_1_200' title='bbox 1237 2496 1263 2538; x_wconf 86' lang='lat' dir='ltr'><strong><em>et</em></strong></span> <span class='ocrx_word' id='word_1_201' title='bbox 1281 2503 1377 2556; x_wconf 82' lang='lat' dir='ltr'><strong><em>pecca-</em></strong></span> 
     </span>
     <span class='ocr_line' id='line_1_21' title="bbox 334 2568 1378 2643; baseline 0.009 -26"><span class='ocrx_word' id='word_1_202' title='bbox 334 2576 394 2633; x_wconf 87' lang='lat' dir='ltr'><strong><em>tum,</em></strong></span> <span class='ocrx_word' id='word_1_203' title='bbox 412 2568 487 2620; x_wconf 85' lang='lat' dir='ltr'><strong><em>labes</em></strong></span> <span class='ocrx_word' id='word_1_204' title='bbox 505 2580 610 2633; x_wconf 80' lang='lat' dir='ltr'><strong><em>autern,</em></strong></span> <span class='ocrx_word' id='word_1_205' title='bbox 629 2569 649 2621; x_wconf 88' lang='lat' dir='ltr'><strong><em>si</em></strong></span> <span class='ocrx_word' id='word_1_206' title='bbox 670 2589 718 2641; x_wconf 86' lang='lat' dir='ltr'><strong><em>per</em></strong></span> <span class='ocrx_word' id='word_1_207' title='bbox 736 2569 840 2641; x_wconf 84' lang='lat' dir='ltr'><strong><em>lapsum</em></strong></span> <span class='ocrx_word' id='word_1_208' title='bbox 860 2582 885 2623; x_wconf 91' lang='lat' dir='ltr'><strong><em>et</em></strong></span> <span class='ocrx_word' id='word_1_209' title='bbox 906 2582 1045 2641; x_wconf 81' lang='lat' dir='ltr'><strong><em>peccatum</em></strong></span> <span class='ocrx_word' id='word_1_210' title='bbox 1065 2573 1140 2643; x_wconf 78' lang='lat' dir='ltr'><strong><em>quasi</em></strong></span> <span class='ocrx_word' id='word_1_211' title='bbox 1155 2571 1258 2625; x_wconf 79' lang='lat' dir='ltr'><strong><em>mocula</em></strong></span> <span class='ocrx_word' id='word_1_212' title='bbox 1274 2584 1299 2626; x_wconf 88' lang='lat' dir='ltr'><strong><em>et</em></strong></span> <span class='ocrx_word' id='word_1_213' title='bbox 1310 2592 1378 2626; x_wconf 89' lang='lat' dir='ltr'><strong><em>con-</em></strong></span> 
     </span>
     <span class='ocr_line' id='line_1_22' title="bbox 335 2655 1377 2731; baseline 0.007 -24"><span class='ocrx_word' id='word_1_214' title='bbox 335 2657 459 2710; x_wconf 71' lang='lat' dir='ltr'><strong><em>taminatio</em></strong></span> <span class='ocrx_word' id='word_1_215' title='bbox 478 2655 622 2728; x_wconf 81' lang='lat' dir='ltr'><strong><em>suscipitur</em></strong></span> <span class='ocrx_word' id='word_1_216' title='bbox 638 2677 656 2710; x_wconf 69' lang='lat' dir='ltr'><strong><em>a,</em></strong></span> <span class='ocrx_word' id='word_1_217' title='bbox 673 2660 830 2729; x_wconf 77' lang='lat' dir='ltr'><strong><em>peccante.“</em></strong></span> <span class='ocrx_word' id='word_1_218' title='bbox 846 2659 951 2731; x_wconf 82' lang='lat' dir='ltr'><strong><em>Wyn.</em></strong></span> <span class='ocrx_word' id='word_1_219' title='bbox 999 2660 1114 2731; x_wconf 85' lang='lat' dir='ltr'><strong><em>„Aeque</em></strong></span> <span class='ocrx_word' id='word_1_220' title='bbox 1130 2677 1240 2729; x_wconf 77' lang='lat' dir='ltr'><strong><em>percote</em></strong></span> <span class='ocrx_word' id='word_1_221' title='bbox 1265 2677 1293 2710; x_wconf 83' lang='lat' dir='ltr'><strong><em>se</em></strong></span> <span class='ocrx_word' id='word_1_222' title='bbox 1311 2671 1377 2713; x_wconf 77' lang='lat' dir='ltr'><strong><em>eto:</em></strong></span> 
     </span>
     <span class='ocr_line' id='line_1_23' title="bbox 334 2742 1376 2820; baseline 0.004 -23"><span class='ocrx_word' id='word_1_223' title='bbox 334 2742 381 2801; x_wconf 82' lang='lat' dir='ltr'><strong><em>Hoc</em></strong></span> <span class='ocrx_word' id='word_1_224' title='bbox 398 2757 587 2818; x_wconf 71' lang='lat' dir='ltr'><strong><em>argumentum</em></strong></span> <span class='ocrx_word' id='word_1_225' title='bbox 606 2758 646 2802; x_wconf 85' lang='lat' dir='ltr'><strong><em>est</em></strong></span> <span class='ocrx_word' id='word_1_226' title='bbox 665 2745 751 2801; x_wconf 78' lang='lat' dir='ltr'>fallax.</span> <span class='ocrx_word' id='word_1_227' title='bbox 787 2747 909 2800; x_wconf 89' lang='lat' dir='ltr'><strong><em>Primum</em></strong></span> <span class='ocrx_word' id='word_1_228' title='bbox 935 2748 1024 2815; x_wconf 87' lang='lat' dir='ltr'><strong><em>enim,</em></strong></span> <span class='ocrx_word' id='word_1_229' title='bbox 1049 2746 1154 2820; x_wconf 88' lang='lat' dir='ltr'><strong><em>siquid</em></strong></span> <span class='ocrx_word' id='word_1_230' title='bbox 1179 2759 1216 2802; x_wconf 86' lang='lat' dir='ltr'><strong><em>est</em></strong></span> <span class='ocrx_word' id='word_1_231' title='bbox 1241 2746 1305 2801; x_wconf 86' lang='lat' dir='ltr'><strong><em>ntile</em></strong></span> <span class='ocrx_word' id='word_1_232' title='bbox 1331 2768 1376 2801; x_wconf 85' lang='lat' dir='ltr'><strong><em>so-</em></strong></span> 
     </span>
     <span class='ocr_line' id='line_1_24' title="bbox 335 2834 1374 2900; baseline 0.002 -15"><span class='ocrx_word' id='word_1_233' title='bbox 335 2834 407 2890; x_wconf 76' lang='lat' dir='ltr'><strong><em>cisun</em></strong></span> <span class='ocrx_word' id='word_1_234' title='bbox 426 2836 584 2900; x_wconf 86' lang='lat' dir='ltr'><strong><em>hominum,</em></strong></span> <span class='ocrx_word' id='word_1_235' title='bbox 606 2855 660 2888; x_wconf 92' lang='lat' dir='ltr'><strong><em>non</em></strong></span> <span class='ocrx_word' id='word_1_236' title='bbox 680 2846 769 2887; x_wconf 79' lang='lat' dir='ltr'><strong><em>tamen</em></strong></span> <span class='ocrx_word' id='word_1_237' title='bbox 788 2835 919 2889; x_wconf 90' lang='lat' dir='ltr'><strong><em>continuo</em></strong></span> <span class='ocrx_word' id='word_1_238' title='bbox 938 2855 1029 2890; x_wconf 84' lang='lat' dir='ltr'><strong><em>rerum</em></strong></span> <span class='ocrx_word' id='word_1_239' title='bbox 1048 2847 1098 2889; x_wconf 78' lang='lat' dir='ltr'><strong><em>est:</em></strong></span> <span class='ocrx_word' id='word_1_240' title='bbox 1118 2835 1194 2889; x_wconf 88' lang='lat' dir='ltr'><strong><em>multi</em></strong></span> <span class='ocrx_word' id='word_1_241' title='bbox 1213 2835 1285 2889; x_wconf 86' lang='lat' dir='ltr'><strong><em>enim</em></strong></span> <span class='ocrx_word' id='word_1_242' title='bbox 1300 2855 1374 2888; x_wconf 85' lang='lat' dir='ltr'><strong><em>erro-</em></strong></span> 
     </span>
     <span class='ocr_line' id='line_1_25' title="bbox 336 2922 1375 2994; baseline 0 -19"><span class='ocrx_word' id='word_1_243' title='bbox 336 2924 469 2978; x_wconf 72' lang='lat' dir='ltr'><strong><em>resonet</em></strong></span> <span class='ocrx_word' id='word_1_244' title='bbox 499 2923 598 2993; x_wconf 75' lang='lat' dir='ltr'><strong><em>recepti</em></strong></span> <span class='ocrx_word' id='word_1_245' title='bbox 624 2922 713 2975; x_wconf 83' lang='lat' dir='ltr'><strong><em>utilius</em></strong></span> <span class='ocrx_word' id='word_1_246' title='bbox 738 2934 892 2988; x_wconf 81' lang='lat' dir='ltr'><strong><em>serrantur,</em></strong></span> <span class='ocrx_word' id='word_1_247' title='bbox 921 2942 1002 2994; x_wconf 81' lang='lat' dir='ltr'><strong><em>quam</em></strong></span> <span class='ocrx_word' id='word_1_248' title='bbox 1029 2923 1213 2994; x_wconf 81' lang='lat' dir='ltr'><strong><em>corriguntur.</em></strong></span> <span class='ocrx_word' id='word_1_249' title='bbox 1261 2923 1375 2987; x_wconf 84' lang='lat' dir='ltr'><strong><em>Deinde,</em></strong></span> 
     </span>
     <span class='ocr_line' id='line_1_26' title="bbox 335 3006 1376 3083; baseline -0.001 -18"><span class='ocrx_word' id='word_1_250' title='bbox 335 3006 377 3065; x_wconf 72' lang='lat' dir='ltr'><strong><em>ine</em></strong></span> <span class='ocrx_word' id='word_1_251' title='bbox 391 3023 581 3083; x_wconf 70' lang='lat' dir='ltr'><strong><em>argumentum</em></strong></span> <span class='ocrx_word' id='word_1_252' title='bbox 601 3023 638 3064; x_wconf 87' lang='lat' dir='ltr'><strong><em>est</em></strong></span> <span class='ocrx_word' id='word_1_253' title='bbox 656 3006 839 3082; x_wconf 69' lang='lat' dir='ltr'><strong><em>‹lerioe·nluov,</em></strong></span> <span class='ocrx_word' id='word_1_254' title='bbox 860 3031 889 3065; x_wconf 89' lang='lat' dir='ltr'><strong><em>se</em></strong></span> <span class='ocrx_word' id='word_1_255' title='bbox 909 3021 1081 3078; x_wconf 83' lang='lat' dir='ltr'><strong><em>convertens,</em></strong></span> <span class='ocrx_word' id='word_1_256' title='bbox 1110 3022 1197 3083; x_wconf 85' lang='lat' dir='ltr'><strong><em>potest</em></strong></span> <span class='ocrx_word' id='word_1_257' title='bbox 1215 3011 1243 3062; x_wconf 91' lang='lat' dir='ltr'><strong><em>in</em></strong></span> <span class='ocrx_word' id='word_1_258' title='bbox 1267 3021 1376 3064; x_wconf 81' lang='lat' dir='ltr'><strong><em>contra·</em></strong></span> 
     </span>
     <span class='ocr_line' id='line_1_27' title="bbox 335 3098 1374 3171; baseline 0 -20"><span class='ocrx_word' id='word_1_259' title='bbox 335 3100 393 3153; x_wconf 78' lang='lat' dir='ltr'><strong><em>rium</em></strong></span> <span class='ocrx_word' id='word_1_260' title='bbox 412 3101 491 3153; x_wconf 79' lang='lat' dir='ltr'><strong><em>verti:</em></strong></span> <span class='ocrx_word' id='word_1_261' title='bbox 510 3120 532 3151; x_wconf 80' lang='lat' dir='ltr'><strong><em>r.</em></strong></span> <span class='ocrx_word' id='word_1_262' title='bbox 551 3118 574 3153; x_wconf 87' lang='lat' dir='ltr'><strong><em>c.</em></strong></span> <span class='ocrx_word' id='word_1_263' title='bbox 593 3098 689 3170; x_wconf 79' lang='lat' dir='ltr'><strong><em>aliquis</em></strong></span> <span class='ocrx_word' id='word_1_264' title='bbox 706 3098 843 3166; x_wconf 79' lang='lat' dir='ltr'><strong><em>deliberet,</em></strong></span> <span class='ocrx_word' id='word_1_265' title='bbox 865 3099 1015 3171; x_wconf 77' lang='lat' dir='ltr'><strong><em>prodamne</em></strong></span> <span class='ocrx_word' id='word_1_266' title='bbox 1035 3098 1171 3171; x_wconf 80' lang='lat' dir='ltr'><strong><em>patriam?</em></strong></span> <span class='ocrx_word' id='word_1_267' title='bbox 1190 3098 1295 3164; x_wconf 80' lang='lat' dir='ltr'><strong><em>seciam,</em></strong></span> <span class='ocrx_word' id='word_1_268' title='bbox 1313 3118 1374 3151; x_wconf 83' lang='lat' dir='ltr'><strong><em>nam</em></strong></span> 
     </span>
     <span class='ocr_line' id='line_1_28' title="bbox 336 3185 1375 3259; baseline 0.003 -22"><span class='ocrx_word' id='word_1_269' title='bbox 336 3204 380 3241; x_wconf 89' lang='lat' dir='ltr'><strong><em>non</em></strong></span> <span class='ocrx_word' id='word_1_270' title='bbox 398 3189 482 3240; x_wconf 84' lang='lat' dir='ltr'><strong><em>maius</em></strong></span> <span class='ocrx_word' id='word_1_271' title='bbox 506 3198 544 3239; x_wconf 81' lang='lat' dir='ltr'><strong><em>est</em></strong></span> <span class='ocrx_word' id='word_1_272' title='bbox 572 3185 623 3241; x_wconf 90' lang='lat' dir='ltr'><strong><em>hoc</em></strong></span> <span class='ocrx_word' id='word_1_273' title='bbox 649 3199 805 3257; x_wconf 80' lang='lat' dir='ltr'><strong><em>peccatum,</em></strong></span> <span class='ocrx_word' id='word_1_274' title='bbox 835 3208 916 3259; x_wconf 83' lang='lat' dir='ltr'><strong><em>quam</em></strong></span> <span class='ocrx_word' id='word_1_275' title='bbox 941 3186 962 3241; x_wconf 86' lang='lat' dir='ltr'><strong><em>si</em></strong></span> <span class='ocrx_word' id='word_1_276' title='bbox 989 3207 1043 3241; x_wconf 87' lang='lat' dir='ltr'><strong><em>uno</em></strong></span> <span class='ocrx_word' id='word_1_277' title='bbox 1069 3187 1152 3241; x_wconf 89' lang='lat' dir='ltr'>obolo</span> <span class='ocrx_word' id='word_1_278' title='bbox 1175 3187 1279 3240; x_wconf 85' lang='lat' dir='ltr'><strong><em>socium</em></strong></span> <span class='ocrx_word' id='word_1_279' title='bbox 1302 3188 1375 3240; x_wconf 84' lang='lat' dir='ltr'><strong><em>deci-</em></strong></span> 
     </span>
     <span class='ocr_line' id='line_1_29' title="bbox 336 3275 566 3348; baseline 0 -22"><span class='ocrx_word' id='word_1_280' title='bbox 336 3275 420 3342; x_wconf 86' lang='lat' dir='ltr'><strong><em>piam.“</em></strong></span> <span class='ocrx_word' id='word_1_281' title='bbox 459 3278 566 3348; x_wconf 81' lang='lat' dir='ltr'><strong><em>Wyn.</em></strong></span> 
     </span>
    </p>

    <p class='ocr_par' dir='ltr' id='par_1_7' title="bbox 334 3359 1374 4581">
     <span class='ocr_line' id='line_1_30' title="bbox 394 3359 1374 3440; baseline -0.006 -22"><span class='ocrx_word' id='word_1_282' title='bbox 394 3366 503 3417; x_wconf 76' lang='lat' dir='ltr'><strong><em>Nihilne</em></strong></span> <span class='ocrx_word' id='word_1_283' title='bbox 521 3364 609 3434; x_wconf 77' lang='lat' dir='ltr'><strong><em>igilur</em></strong></span> <span class='ocrx_word' id='word_1_284' title='bbox 626 3364 764 3431; x_wconf 61' lang='lat' dir='ltr'><strong><em>interam]</em></strong></span> <span class='ocrx_word' id='word_1_285' title='bbox 790 3362 894 3431; x_wconf 89' lang='lat' dir='ltr'><strong><em>„Quod</em></strong></span> <span class='ocrx_word' id='word_1_286' title='bbox 920 3362 981 3415; x_wconf 65' lang='lat' dir='ltr'><strong><em>tet.</em></strong></span> <span class='ocrx_word' id='word_1_287' title='bbox 1007 3360 1103 3440; x_wconf 79' lang='lat' dir='ltr'><strong><em>Cicero</em></strong></span> <span class='ocrx_word' id='word_1_288' title='bbox 1129 3361 1177 3416; x_wconf 88' lang='lat' dir='ltr'><strong><em>sibi</em></strong></span> <span class='ocrx_word' id='word_1_289' title='bbox 1204 3359 1374 3413; x_wconf 87' lang='lat' dir='ltr'><strong><em>obiicientem</em></strong></span> 
     </span>
     <span class='ocr_line' id='line_1_31' title="bbox 334 3447 1372 3523; baseline -0.004 -20"><span class='ocrx_word' id='word_1_290' title='bbox 334 3448 397 3523; x_wconf 73' lang='lat' dir='ltr'><strong><em>tingit</em></strong></span> <span class='ocrx_word' id='word_1_291' title='bbox 413 3452 608 3517; x_wconf 80' lang='lat' dir='ltr'><strong><em>adversarium,</em></strong></span> <span class='ocrx_word' id='word_1_292' title='bbox 627 3470 689 3504; x_wconf 86' lang='lat' dir='ltr'><strong><em>eum</em></strong></span> <span class='ocrx_word' id='word_1_293' title='bbox 708 3451 796 3504; x_wconf 80' lang='lat' dir='ltr'><strong><em>statim</em></strong></span> <span class='ocrx_word' id='word_1_294' title='bbox 815 3450 994 3516; x_wconf 77' lang='lat' dir='ltr'><strong><em>refutaturue,</em></strong></span> <span class='ocrx_word' id='word_1_295' title='bbox 1012 3448 1040 3504; x_wconf 86' lang='lat' dir='ltr'><strong><em>id</em></strong></span> <span class='ocrx_word' id='word_1_296' title='bbox 1058 3448 1146 3519; x_wconf 87' lang='lat' dir='ltr'><strong><em>ipsum</em></strong></span> <span class='ocrx_word' id='word_1_297' title='bbox 1165 3447 1260 3500; x_wconf 86' lang='lat' dir='ltr'><strong><em>irridet</em></strong></span> <span class='ocrx_word' id='word_1_298' title='bbox 1278 3458 1372 3500; x_wconf 79' lang='lat' dir='ltr'><strong><em>contre</em></strong></span> 
     </span>
     <span class='ocr_line' id='line_1_32' title="bbox 334 3534 1373 3612; baseline -0.006 -19"><span class='ocrx_word' id='word_1_299' title='bbox 334 3534 452 3595; x_wconf 80' lang='lat' dir='ltr'><strong><em>Gitonem</em></strong></span> <span class='ocrx_word' id='word_1_300' title='bbox 470 3559 522 3612; x_wconf 87' lang='lat' dir='ltr'><strong><em>pro</em></strong></span> <span class='ocrx_word' id='word_1_301' title='bbox 539 3539 653 3593; x_wconf 84' lang='lat' dir='ltr'><strong><em>Murena</em></strong></span> <span class='ocrx_word' id='word_1_302' title='bbox 674 3539 811 3611; x_wconf 82' lang='lat' dir='ltr'><strong><em>disputans</em></strong></span> <span class='ocrx_word' id='word_1_303' title='bbox 829 3558 853 3593; x_wconf 87' lang='lat' dir='ltr'><strong><em>e.</em></strong></span> <span class='ocrx_word' id='word_1_304' title='bbox 873 3542 924 3605; x_wconf 75' lang='lat'><strong><em>29,</em></strong></span> <span class='ocrx_word' id='word_1_305' title='bbox 944 3555 1109 3609; x_wconf 80' lang='lat' dir='ltr'><strong><em>quamquam</em></strong></span> <span class='ocrx_word' id='word_1_306' title='bbox 1129 3534 1260 3589; x_wconf 79' lang='lat' dir='ltr'><strong><em>Catonem</em></strong></span> <span class='ocrx_word' id='word_1_307' title='bbox 1280 3546 1373 3589; x_wconf 81' lang='lat' dir='ltr'><strong><em>aucto-</em></strong></span> 
     </span>
     <span class='ocr_line' id='line_1_33' title="bbox 334 3623 1374 3696; baseline -0.006 -15"><span class='ocrx_word' id='word_1_308' title='bbox 334 3625 395 3683; x_wconf 70' lang='lat' dir='ltr'><strong><em>ribus</em></strong></span> <span class='ocrx_word' id='word_1_309' title='bbox 412 3628 596 3683; x_wconf 74' lang='lat' dir='ltr'><strong><em>eruditissimis</em></strong></span> <span class='ocrx_word' id='word_1_310' title='bbox 613 3628 754 3682; x_wconf 83' lang='lat' dir='ltr'><strong><em>inductum</em></strong></span> <span class='ocrx_word' id='word_1_311' title='bbox 774 3626 912 3683; x_wconf 80' lang='lat' dir='ltr'><strong><em>concedit:</em></strong></span> <span class='ocrx_word' id='word_1_312' title='bbox 934 3626 1016 3696; x_wconf 72' lang='lat' dir='ltr'><strong><em>paria</em></strong></span> <span class='ocrx_word' id='word_1_313' title='bbox 1040 3643 1096 3678; x_wconf 78' lang='lat' dir='ltr'><strong><em>esre</em></strong></span> <span class='ocrx_word' id='word_1_314' title='bbox 1116 3623 1190 3691; x_wconf 82' lang='lat' dir='ltr'><strong><em>[dixit</em></strong></span> <span class='ocrx_word' id='word_1_315' title='bbox 1207 3623 1294 3691; x_wconf 86' lang='lat' dir='ltr'><strong><em>Zeno]</em></strong></span> <span class='ocrx_word' id='word_1_316' title='bbox 1309 3642 1374 3693; x_wconf 76' lang='lat' dir='ltr'><strong><em>pee-</em></strong></span> 
     </span>
     <span class='ocr_line' id='line_1_34' title="bbox 334 3711 1373 3785; baseline -0.004 -18"><span class='ocrx_word' id='word_1_317' title='bbox 334 3726 386 3767; x_wconf 71' lang='lat' dir='ltr'><strong><em>&#39;wte</em></strong></span> <span class='ocrx_word' id='word_1_318' title='bbox 403 3720 508 3772; x_wconf 87' lang='lat' dir='ltr'><strong><em>omnio:</em></strong></span> <span class='ocrx_word' id='word_1_319' title='bbox 537 3736 610 3769; x_wconf 88' lang='lat' dir='ltr'><strong><em>omne</em></strong></span> <span class='ocrx_word' id='word_1_320' title='bbox 628 3717 754 3769; x_wconf 84' lang='lat' dir='ltr'><strong><em>delictum</em></strong></span> <span class='ocrx_word' id='word_1_321' title='bbox 771 3717 859 3770; x_wconf 85' lang='lat' dir='ltr'><strong><em>scelus</em></strong></span> <span class='ocrx_word' id='word_1_322' title='bbox 887 3733 943 3770; x_wconf 82' lang='lat' dir='ltr'><strong><em>esse</em></strong></span> <span class='ocrx_word' id='word_1_323' title='bbox 961 3713 1117 3785; x_wconf 80' lang='lat' dir='ltr'><strong><em>nefarium:</em></strong></span> <span class='ocrx_word' id='word_1_324' title='bbox 1142 3730 1190 3764; x_wconf 86' lang='lat' dir='ltr'><strong><em>nec</em></strong></span> <span class='ocrx_word' id='word_1_325' title='bbox 1213 3711 1300 3765; x_wconf 87' lang='lat' dir='ltr'><strong><em>minus</em></strong></span> <span class='ocrx_word' id='word_1_326' title='bbox 1328 3714 1373 3763; x_wconf 81' lang='lat' dir='ltr'><strong><em>de-</em></strong></span> 
     </span>
     <span class='ocr_line' id='line_1_35' title="bbox 334 3798 1373 3877; baseline -0.008 -19"><span class='ocrx_word' id='word_1_327' title='bbox 334 3799 437 3877; x_wconf 56' lang='lat' dir='ltr'><strong><em>linquere</em></strong></span> <span class='ocrx_word' id='word_1_328' title='bbox 465 3824 542 3867; x_wconf 86' lang='lat' dir='ltr'><strong><em>eum,</em></strong></span> <span class='ocrx_word' id='word_1_329' title='bbox 569 3807 617 3875; x_wconf 81' lang='lat' dir='ltr'><strong><em>qul</em></strong></span> <span class='ocrx_word' id='word_1_330' title='bbox 643 3806 747 3876; x_wconf 80' lang='lat' dir='ltr'><strong><em>gallum</em></strong></span> <span class='ocrx_word' id='word_1_331' title='bbox 772 3805 971 3876; x_wconf 82' lang='lat' dir='ltr'><strong><em>gallinaceum,</em></strong></span> <span class='ocrx_word' id='word_1_332' title='bbox 1004 3820 1085 3873; x_wconf 75' lang='lat' dir='ltr'><strong><em>quum</em></strong></span> <span class='ocrx_word' id='word_1_333' title='bbox 1109 3818 1177 3869; x_wconf 81' lang='lat' dir='ltr'><strong><em>opus</em></strong></span> <span class='ocrx_word' id='word_1_334' title='bbox 1202 3819 1253 3852; x_wconf 88' lang='lat' dir='ltr'><strong><em>nun</em></strong></span> <span class='ocrx_word' id='word_1_335' title='bbox 1272 3798 1373 3869; x_wconf 81' lang='lat' dir='ltr'><strong><em>fuerit,</em></strong></span> 
     </span>
     <span class='ocr_line' id='line_1_36' title="bbox 334 3874 1373 3963; baseline -0.009 -18"><span class='ocrx_word' id='word_1_336' title='bbox 334 3908 400 3959; x_wconf 75' lang='lat' dir='ltr'><strong><em>quom</em></strong></span> <span class='ocrx_word' id='word_1_337' title='bbox 418 3912 494 3949; x_wconf 87' lang='lat' dir='ltr'><strong><em>eum,</em></strong></span> <span class='ocrx_word' id='word_1_338' title='bbox 508 3874 559 3963; x_wconf 41' lang='lat' dir='ltr'><strong><em>&#39;qni</em></strong></span> <span class='ocrx_word' id='word_1_339' title='bbox 574 3903 682 3961; x_wconf 80' lang='lat' dir='ltr'><strong><em>putrem</em></strong></span> <span class='ocrx_word' id='word_1_340' title='bbox 699 3892 902 3962; x_wconf 77' lang='lat' dir='ltr'><strong><em>suffocaveril.“</em></strong></span> <span class='ocrx_word' id='word_1_341' title='bbox 920 3892 944 3944; x_wconf 89' lang='lat' dir='ltr'>X</span> <span class='ocrx_word' id='word_1_342' title='bbox 951 3901 1011 3961; x_wconf 84' lang='lat' dir='ltr'><strong><em>yet.</em></strong></span> <span class='ocrx_word' id='word_1_343' title='bbox 1030 3887 1220 3942; x_wconf 83' lang='lat' dir='ltr'><strong><em>Betuleius.</em></strong></span> <span class='ocrx_word' id='word_1_344' title='bbox 1257 3877 1311 3939; x_wconf 73' lang='lat' dir='ltr'><strong><em>Pro</em></strong></span> <span class='ocrx_word' id='word_1_345' title='bbox 1330 3888 1373 3937; x_wconf 88' lang='lat' dir='ltr'><strong><em>ni-</em></strong></span> 
     </span>
     <span class='ocr_line' id='line_1_37' title="bbox 334 3976 1372 4047; baseline -0.011 -11"><span class='ocrx_word' id='word_1_346' title='bbox 334 3978 391 4035; x_wconf 75' lang='lat' dir='ltr'><strong><em>hilne</em></strong></span> <span class='ocrx_word' id='word_1_347' title='bbox 410 3981 479 4037; x_wconf 81' lang='lat' dir='ltr'><strong><em>cod.</em></strong></span> <span class='ocrx_word' id='word_1_348' title='bbox 499 3980 550 4035; x_wconf 74' lang='lat'><strong><em>01.</em></strong></span> <span class='ocrx_word' id='word_1_349' title='bbox 569 3980 589 4035; x_wconf 93' lang='grc' dir='ltr'><strong><em>Ι.</em></strong></span> <span class='ocrx_word' id='word_1_350' title='bbox 608 3980 688 4034; x_wconf 79' lang='lat' dir='ltr'><strong><em>habet</em></strong></span> <span class='ocrx_word' id='word_1_351' title='bbox 704 3982 876 4041; x_wconf 77' lang='lat' dir='ltr'><strong><em>nihilnum5</em></strong></span> <span class='ocrx_word' id='word_1_352' title='bbox 897 3978 947 4031; x_wconf 79' lang='lat' dir='ltr'><strong><em>Ox.</em></strong></span> <span class='ocrx_word' id='word_1_353' title='bbox 965 3978 999 4030; x_wconf 87' lang='lat' dir='ltr'><strong><em>N.</em></strong></span> <span class='ocrx_word' id='word_1_354' title='bbox 1026 3976 1129 4029; x_wconf 85' lang='lat' dir='ltr'><strong><em>nihilne</em></strong></span> <span class='ocrx_word' id='word_1_355' title='bbox 1148 3976 1274 4047; x_wconf 85' lang='lat' dir='ltr'><strong><em>facere</em></strong></span> <span class='ocrx_word' id='word_1_356' title='bbox 1295 3992 1372 4043; x_wconf 77' lang='lat' dir='ltr'><strong><em>pos-</em></strong></span> 
     </span>
     <span class='ocr_line' id='line_1_38' title="bbox 334 4064 1371 4137; baseline -0.01 -17"><span class='ocrx_word' id='word_1_357' title='bbox 334 4079 451 4129; x_wconf 72' lang='lat' dir='ltr'><strong><em>tumus,</em></strong></span> <span class='ocrx_word' id='word_1_358' title='bbox 470 4070 607 4121; x_wconf 75' lang='lat' dir='ltr'><strong><em>nihilne</em></strong></span> <span class='ocrx_word' id='word_1_359' title='bbox 625 4099 674 4135; x_wconf 89' lang='lat'><strong><em>—,</em></strong></span> <span class='ocrx_word' id='word_1_360' title='bbox 705 4068 755 4122; x_wconf 81' lang='lat' dir='ltr'><strong><em>Or.</em></strong></span> <span class='ocrx_word' id='word_1_361' title='bbox 775 4088 803 4132; x_wconf 79' lang='grc' dir='ltr'><strong><em>ψ.</em></strong></span> <span class='ocrx_word' id='word_1_362' title='bbox 825 4068 927 4120; x_wconf 76' lang='lat' dir='ltr'><strong><em>nihilne</em></strong></span> <span class='ocrx_word' id='word_1_363' title='bbox 949 4064 1160 4137; x_wconf 87' lang='lat' dir='ltr'><strong><em>numfocr&#39;le</em></strong></span> <span class='ocrx_word' id='word_1_364' title='bbox 1176 4079 1371 4133; x_wconf 74' lang='lat' dir='ltr'><strong><em>possumus,</em></strong></span> 
     </span>
     <span class='ocr_line' id='line_1_39' title="bbox 334 4146 1371 4231; baseline -0.008 -21"><span class='ocrx_word' id='word_1_365' title='bbox 334 4150 370 4211; x_wconf 66' lang='grc' dir='ltr'><strong><em>ὗε.</em></strong></span> <span class='ocrx_word' id='word_1_366' title='bbox 378 4159 396 4213; x_wconf 94' lang='grc' dir='ltr'><strong><em>Ι.</em></strong></span> <span class='ocrx_word' id='word_1_367' title='bbox 406 4160 479 4231; x_wconf 82' lang='lat' dir='ltr'><strong><em>(post</em></strong></span> <span class='ocrx_word' id='word_1_368' title='bbox 489 4158 633 4218; x_wconf 83' lang='lat' dir='ltr'><strong><em>nihilnum)</em></strong></span> <span class='ocrx_word' id='word_1_369' title='bbox 642 4158 739 4231; x_wconf 79' lang='lat' dir='ltr'><strong><em>pergit:</em></strong></span> <span class='ocrx_word' id='word_1_370' title='bbox 746 4160 830 4231; x_wconf 83' lang='lat' dir='ltr'><strong><em>sace</em></strong></span> <span class='ocrx_word' id='word_1_371' title='bbox 837 4179 870 4211; x_wconf 84' lang='lat' dir='ltr'><strong><em>re</em></strong></span> <span class='ocrx_word' id='word_1_372' title='bbox 876 4148 917 4227; x_wconf 57' lang='lat' dir='ltr'><strong><em>p&#39;o</em></strong></span> <span class='ocrx_word' id='word_1_373' title='bbox 924 4155 1046 4208; x_wconf 76' lang='lat' dir='ltr'><strong><em>seimus</em></strong></span> <span class='ocrx_word' id='word_1_374' title='bbox 1056 4151 1271 4225; x_wconf 79' lang='lat' dir='ltr'><strong><em>igiturr‘nterest,</em></strong></span> <span class='ocrx_word' id='word_1_375' title='bbox 1281 4146 1331 4201; x_wconf 80' lang='lat' dir='ltr'><strong><em>Ox.</em></strong></span> <span class='ocrx_word' id='word_1_376' title='bbox 1337 4147 1371 4202; x_wconf 84' lang='lat' dir='ltr'><strong><em>N.</em></strong></span> 
     </span>
     <span class='ocr_line' id='line_1_40' title="bbox 335 4235 1370 4318; baseline -0.013 -19"><span class='ocrx_word' id='word_1_377' title='bbox 335 4258 389 4313; x_wconf 83' lang='lat' dir='ltr'><strong><em>post</em></strong></span> <span class='ocrx_word' id='word_1_378' title='bbox 406 4248 551 4318; x_wconf 86' lang='lat' dir='ltr'><strong><em>repetitum</em></strong></span> <span class='ocrx_word' id='word_1_379' title='bbox 580 4247 694 4312; x_wconf 83' lang='lat' dir='ltr'><strong><em>nihilne)</em></strong></span> <span class='ocrx_word' id='word_1_380' title='bbox 721 4267 784 4299; x_wconf 88' lang='lat' dir='ltr'><strong><em>non</em></strong></span> <span class='ocrx_word' id='word_1_381' title='bbox 813 4244 932 4317; x_wconf 81' lang='lat' dir='ltr'><strong><em>focile</em></strong></span> <span class='ocrx_word' id='word_1_382' title='bbox 956 4260 1099 4312; x_wconf 72' lang='lat' dir='ltr'><strong><em>possum</em></strong></span> <span class='ocrx_word' id='word_1_383' title='bbox 1125 4241 1236 4291; x_wconf 76' lang='lat' dir='ltr'><strong><em>interest</em></strong></span> <span class='ocrx_word' id='word_1_384' title='bbox 1268 4235 1370 4305; x_wconf 70' lang='lat' dir='ltr'><strong><em>igilur,</em></strong></span> 
     </span>
     <span class='ocr_line' id='line_1_41' title="bbox 334 4322 1372 4405; baseline -0.014 -18"><span class='ocrx_word' id='word_1_385' title='bbox 334 4328 397 4390; x_wconf 71' lang='lat' dir='ltr'><strong><em>lrsd.</em></strong></span> <span class='ocrx_word' id='word_1_386' title='bbox 417 4340 442 4391; x_wconf 80' lang='lat'><strong><em>3.</em></strong></span> <span class='ocrx_word' id='word_1_387' title='bbox 462 4335 565 4387; x_wconf 88' lang='lat' dir='ltr'><strong><em>nihilne</em></strong></span> <span class='ocrx_word' id='word_1_388' title='bbox 588 4354 652 4387; x_wconf 86' lang='lat' dir='ltr'><strong><em>non</em></strong></span> <span class='ocrx_word' id='word_1_389' title='bbox 667 4335 787 4405; x_wconf 84' lang='lat' dir='ltr'><strong><em>facile</em></strong></span> <span class='ocrx_word' id='word_1_390' title='bbox 803 4350 906 4403; x_wconf 74' lang='lat' dir='ltr'><strong><em>posue</em></strong></span> <span class='ocrx_word' id='word_1_391' title='bbox 925 4330 1013 4401; x_wconf 74' lang='lat' dir='ltr'><strong><em>igilur</em></strong></span> <span class='ocrx_word' id='word_1_392' title='bbox 1030 4329 1159 4391; x_wconf 76' lang='lat' dir='ltr'><strong><em>interest3</em></strong></span> <span class='ocrx_word' id='word_1_393' title='bbox 1185 4323 1244 4377; x_wconf 83' lang='lat' dir='ltr'><strong><em>Cre.</em></strong></span> <span class='ocrx_word' id='word_1_394' title='bbox 1262 4326 1287 4374; x_wconf 82' lang='lat'><strong><em>2.</em></strong></span> <span class='ocrx_word' id='word_1_395' title='bbox 1318 4322 1372 4373; x_wconf 88' lang='lat' dir='ltr'><strong><em>Ni-</em></strong></span> 
     </span>
     <span class='ocr_line' id='line_1_42' title="bbox 334 4413 1370 4493; baseline -0.01 -21"><span class='ocrx_word' id='word_1_396' title='bbox 334 4419 404 4476; x_wconf 88' lang='lat' dir='ltr'><strong><em>hilne</em></strong></span> <span class='ocrx_word' id='word_1_397' title='bbox 421 4443 486 4476; x_wconf 89' lang='lat' dir='ltr'><strong><em>non</em></strong></span> <span class='ocrx_word' id='word_1_398' title='bbox 502 4441 635 4491; x_wconf 84' lang='lat' dir='ltr'><strong><em>possem</em></strong></span> <span class='ocrx_word' id='word_1_399' title='bbox 647 4421 771 4492; x_wconf 85' lang='lat' dir='ltr'><strong><em>facile</em></strong></span> <span class='ocrx_word' id='word_1_400' title='bbox 785 4415 872 4493; x_wconf 80' lang='lat' dir='ltr'><strong><em>igitur</em></strong></span> <span class='ocrx_word' id='word_1_401' title='bbox 896 4418 1010 4470; x_wconf 81' lang='lat' dir='ltr'><strong><em>interest</em></strong></span> <span class='ocrx_word' id='word_1_402' title='bbox 1035 4436 1078 4468; x_wconf 81' lang='lat' dir='ltr'><strong><em>un</em></strong></span> <span class='ocrx_word' id='word_1_403' title='bbox 1095 4413 1229 4467; x_wconf 81' lang='lat' dir='ltr'><strong><em>nullum</em></strong></span> <span class='ocrx_word' id='word_1_404' title='bbox 1244 4420 1370 4480; x_wconf 80' lang='lat' dir='ltr'><strong><em>potra-</em></strong></span> 
     </span>
     <span class='ocr_line' id='line_1_43' title="bbox 340 4499 1368 4581; baseline -0.012 -21"><span class='ocrx_word' id='word_1_405' title='bbox 340 4528 402 4574; x_wconf 93' lang='lat' dir='ltr'><strong><em>um,</em></strong></span> <span class='ocrx_word' id='word_1_406' title='bbox 432 4509 523 4581; x_wconf 83' lang='lat' dir='ltr'><strong><em>quod</em></strong></span> <span class='ocrx_word' id='word_1_407' title='bbox 546 4529 608 4561; x_wconf 87' lang='lat' dir='ltr'><strong><em>non</em></strong></span> <span class='ocrx_word' id='word_1_408' title='bbox 631 4508 745 4578; x_wconf 79' lang='lat' dir='ltr'><strong><em>possit</em></strong></span> <span class='ocrx_word' id='word_1_409' title='bbox 767 4507 929 4578; x_wconf 83' lang='lat' dir='ltr'><strong><em>facilius</em></strong></span> <span class='ocrx_word' id='word_1_410' title='bbox 949 4505 1044 4575; x_wconf 78' lang='lat' dir='ltr'><strong><em>sieri</em></strong></span> <span class='ocrx_word' id='word_1_411' title='bbox 1069 4521 1131 4554; x_wconf 86' lang='lat' dir='ltr'><strong><em>num</em></strong></span> <span class='ocrx_word' id='word_1_412' title='bbox 1158 4501 1207 4551; x_wconf 84' lang='lat' dir='ltr'><strong><em>hoc</em></strong></span> <span class='ocrx_word' id='word_1_413' title='bbox 1232 4499 1368 4549; x_wconf 78' lang='lat' dir='ltr'><strong><em>diceret</em></strong></span> 
     </span>
    </p>
   </div>
   <div class='ocr_carea' id='block_1_5' title="bbox 0 0 1764 5450">
    <p class='ocr_par' dir='ltr' id='par_1_8' title="bbox 0 0 1764 5450">
     <span class='ocr_line' id='line_1_44' title="bbox 0 0 1764 5450; baseline 0 0"><span class='ocrx_word' id='word_1_414' title='bbox 0 0 1764 5450; x_wconf 95' lang='lat' dir='ltr'><strong><em> </em></strong></span> 
     </span>
    </p>
   </div>
  </div>
 </body>
</html>
