3517 5450
460 711 535 785 316
786 729 961 777 rsaauoxt
995 726 1188 774 arorcouuu.

459 892 677 966 „Elegantissime
699 890 776 943 simul
796 902 822 943 et
840 890 990 943 acutissima
1010 887 1153 941 sententia:
1175 887 1310 958 pecunia,
1336 884 1353 936 i.
1373 904 1395 936 e.
1415 904 1507 954 posses·

459 984 498 1035 sio
516 980 645 1052 quaedam
665 991 703 1032 est
721 997 812 1032 carere
831 977 990 1050 cupiditate:
1020 975 1130 1047 vectigal
1159 986 1247 1028 eutem
1267 985 1305 1028 est
1333 995 1354 1028 s.
1373 973 1471 1026 reditus
1487 984 1507 1024 et

459 1071 561 1123 tructus
578 1080 615 1122 est
635 1088 689 1120 non
708 1085 763 1120 esse
787 1084 924 1130 emacem,
949 1065 966 1118 i.
986 1084 1008 1117 e.
1037 1085 1093 1117 non
1119 1062 1242 1116 laborare
1270 1061 1340 1114 mala
1370 1061 1506 1130 cupiditate

461 1155 563 1226 quidvis
581 1156 837 1225 emendi.“Wytt.
885 1154 927 1206 Ad
945 1164 1122 1218 structuram,
1146 1171 1199 1222 qua
1226 1151 1378 1204 subiectum
1404 1161 1444 1203 est
1461 1156 1506 1202 Ac-

460 1263 514 1297 cus.
534 1262 596 1296 curn
616 1240 677 1308 tut,
697 1242 835 1295 Adiectiro
853 1240 983 1312 singulari
1003 1259 1116 1292 numero
1136 1239 1237 1310 posito,
1257 1238 1309 1291 vid.
1330 1240 1362 1290 C.
1374 1236 1411 1291 G.
1425 1237 1507 1290 Diste-

459 1331 524 1386 rich.
544 1331 572 1383 in
592 1329 732 1392 Seebodii,
758 1329 841 1382 labnii
862 1341 888 1383 ει
907 1328 1002 1381 ΚΙοιιίἱ
1022 1327 1129 1380 Annali.
1149 1326 1255 1380 Phitolt.
1275 1337 1301 1379 et
1320 1326 1405 1380 Paed.
1425 1325 1506 1396 Supp-

459 1419 522 1472 lem.
540 1418 573 1473 T.
594 1417 663 1482 vltt,
680 1422 707 1471 4.
727 1438 752 1488 p.
770 1421 832 1472 4⁹3.
857 1418 902 1489 qui
930 1417 1037 1471 confert
1064 1416 1353 1482 Tuscc.lV,12,2i.
1384 1411 1506 1475 Fiuntt,

460 1511 503 1573 17,
523 1511 565 1560 54.
584 1506 617 1559 de
635 1505 692 1558 Off.
711 1503 743 1570 ll,
762 1508 804 1573 18,
821 1510 864 1559 64.
902 1506 945 1558 Ad
964 1504 1122 1558 sententiam
1143 1504 1218 1557 coni.
1234 1503 1305 1556 Ptin.
1322 1502 1409 1573 Epist.
1429 1499 1449 1566 l,
1466 1505 1506 1554 24:

461 1595 540 1647 Maia
557 1595 655 1662 emptio
672 1593 832 1662 exprobrare
847 1593 998 1646 stultitiam
1015 1593 1120 1646 domino
1138 1593 1254 1645 uidetur.
1291 1589 1355 1643 Mr.

531 1685 689 1732 Contentum
708 1700 769 1732 uero
787 1681 845 1732 suis
862 1680 941 1733 rebus
966 1699 1023 1734 esse
1051 1681 1184 1732 maximae
1207 1690 1273 1732 eunt
1299 1680 1505 1749 certissimaeque

459 1768 582 1834 divitiae]
620 1767 718 1832 „Liber
736 1767 768 1820 ad
790 1768 824 1822 D.
842 1768 980 1821 Trudonis
998 1768 1295 1839 comtiseimaeque
1316 1768 1456 1821 diuitiae.“
1480 1769 1505 1818 C.

459 1856 563 1926 Lang.
599 1853 770 1920 „Gronovius
788 1855 821 1908 ad
839 1854 915 1909 Statii
935 1855 997 1909 Sitv.
1017 1854 1050 1923 ll,
1070 1859 1096 1922 3,
1114 1860 1159 1922 to,
1179 1857 1207 1908 iu
1227 1855 1351 1912 Diatriba
1371 1853 1437 1909 Stat.
1455 1874 1506 1924 cap.

460 1949 500 1997 at.
522 1963 548 2015 p.
567 1946 628 1996 169.
648 1943 693 1995 ubi
712 1954 750 1996 est
770 1944 914 1997 condere
933 1945 1066 2010 diuitias,
1082 1945 1232 2016 reponebat
1249 1943 1415 2009 lectionem,
1434 1961 1504 2014 quam

460 2032 519 2084 libri
539 2031 648 2104 quidam
665 2030 771 2097 babent,
791 2050 917 2084 contere
936 2032 1056 2086 divitias.
1093 2031 1153 2102 Ego
1172 2052 1234 2084 vero
1252 2031 1409 2101 exemptum
1428 2029 1505 2082 idonei

459 2120 610 2191 scriptoris,
629 2120 674 2192 qui
693 2139 791 2172 comere
810 2121 923 2172 diuitias
941 2121 1049 2189 dixerit,
1068 2140 1178 2192 quaero.
1214 2120 1283 2173 Nam
1304 2138 1376 2191 quae
1394 2118 1504 2171 afferun-

459 2221 516 2272 tur,
536 2207 620 2260 aliena
639 2219 700 2260 sunt
718 2210 817 2260 omnia.
854 2209 909 2262 Nisi
930 2210 998 2263 sorte
1017 2209 1070 2263 huc
1087 2209 1257 2262 referendum
1278 2218 1359 2280 putas
1384 2206 1448 2260 iilud
1466 2208 1505 2257 ci-

459 2297 563 2350 ceronis
581 2295 677 2348 Parad.
694 2294 791 2362 Vifdt
809 2308 1008 2349 contentum-
1020 2317 1091 2359 esse,
1109 2297 1242 2350 maximae
1260 2307 1328 2347 sunt
1347 2295 1505 2363 comptis-

459 2386 621 2453 rimaeque
641 2383 760 2435 divitiae.
797 2382 843 2438 Sic
861 2385 932 2437 enim
945 2383 1035 2437 Codex
1053 2389 1113 2438 (lar.
1134 2384 1236 2455 Langii,
1256 2403 1320 2437 cum
1341 2404 1437 2437 ornnes
1453 2382 1504 2434 iibri

460 2470 669 2525 constantissime
695 2470 811 2525 babeant
834 2475 1132 2544 certissimaeque
1161 2474 1283 2527 divitiae.
1330 2472 1400 2525 Eam
1421 2473 1504 2525 lectio-

459 2579 520 2612 nem
540 2558 692 2612 Gronovius
713 2561 780 2627 [nou
798 2559 926 2628 lacobus,
953 2563 999 2634 qui
1019 2563 1177 2616 Ciceronem
1196 2560 1296 2626 edidit,
1325 2561 1374 2613 sed
1395 2558 1430 2612 Ιο.
1447 2559 1505 2610 Fre·

459 2647 588 2714 derIcus,]
614 2648 708 2718 arripit
729 2647 894 2721 explicatque
914 2650 1161 2719 splendidissimae,
1188 2650 1371 2701 nitidissimae
1396 2650 1505 2702 diuitiae.

459 2737 561 2788 Verum
579 2734 719 2789 Ciceronis
737 2738 819 2790 menti
838 2740 1002 2791 certissimae
1020 2739 1124 2793 divitiae
1147 2738 1328 2805 conveniunt,
1354 2738 1503 2808 splendidis·

459 2825 541 2877 simae
559 2823 634 2876 nullo
652 2825 742 2879 modo.
784 2825 854 2879 Nihil
879 2828 962 2897 igitur
980 2827 1104 2899 praesidii
1128 2827 1157 2879 iu
1182 2825 1234 2879 boc
1258 2825 1342 2891 loco,
1366 2826 1395 2879 in
1421 2844 1472 2896 quo
1487 2823 1503 2875 si

459 2912 523 2984 quid
545 2912 702 2966 mutandum
722 2923 761 2965 est
778 2926 891 2986 propter
910 2933 1043 2985 magnam,
1063 2934 1132 2987 quae
1151 2915 1246 2967 merito
1266 2912 1364 2967 Codici
1378 2913 1504 2983 Langiauo

460 3002 601 3067 tribuitur,
620 3002 819 3069 auctoritatem,
847 3023 875 3055 er
897 3004 954 3057 eius
972 3003 1085 3074 vestigiis
1102 3002 1268 3073 scripserim:
1296 3002 1432 3053 maximoe
1449 3010 1504 3051 sunt

461 3090 786 3161 copiosissimeque
809 3091 949 3145 divitiae.“
985 3075 1165 3146 Ruhnken.
1183 3093 1217 3145 ad
1236 3091 1321 3145 Rutit.
1342 3092 1412 3163 Lup.
1432 3112 1456 3162 p.
1467 3090 1503 3141 tt.

461 3178 560 3228 Contra
586 3174 737 3243 Schiitaius,
769 3178 919 3249 „Vulgata,
944 3181 1046 3253 inquit,
1074 3192 1201 3235 recte-se
1229 3180 1324 3235 babet:
1352 3181 1503 3233 certissimae

461 3264 531 3316 euim
550 3264 666 3317 refertur
685 3265 718 3318 ad
737 3266 764 3318 id
782 3268 854 3340 quod
872 3270 1007 3341 sequitur:
1026 3273 1122 3333 uirtus,
1141 3287 1211 3339 quae
1229 3288 1278 3322 nec
1295 3271 1367 3338 eripi
1385 3288 1434 3320 nec
1450 3286 1503 3319 sur-

459 3354 512 3422 ripi
525 3364 617 3422 potest
634 3374 755 3427 unquam
773 3361 841 3410 etc.“
879 3357 957 3427 Quae
972 3369 1015 3412 est
1032 3359 1095 3412 item
1115 3357 1270 3411 Gernbardi
1289 3369 1318 3411 et
1338 3357 1436 3410 Orellii
1453 3375 1504 3408 sen·

459 3440 553 3493 tentia:
584 3461 687 3514 neque,
706 3446 819 3515 opinor,
838 3447 890 3499 sive
910 3446 1064 3501 Gronovius
1079 3448 1132 3499 sire
1150 3444 1330 3499 Ruhnkeuius
1350 3463 1504 3517 quemquam

459 3530 565 3584 babebit
583 3531 776 3586 assentientem.
820 3534 881 3589 Dici
908 3535 972 3589 item
990 3546 1064 3589 recte
1091 3535 1128 3588 eit
1145 3534 1227 3605 Borg.
1253 3553 1316 3586 mox
1342 3535 1504 3603 sempiternos

459 3618 475 3670 i.
493 3637 516 3672 e.
535 3618 652 3673 stabiles:
672 3620 733 3673 cott.
752 3621 784 3674 de
803 3622 890 3677 Amic.
909 3626 960 3679 15:
986 3625 1169 3677 amicitiarum
1188 3640 1242 3675 sua
1259 3622 1359 3693 cuique
1375 3630 1504 3690 permanet

459 3706 588 3758 stabili
594 3727 608 3759 s
625 3719 652 3759 et
672 3719 770 3760 certa
784 3712 924 3778 possessio.
962 3712 992 3765 ln
1011 3713 1104 3766 eadem
1121 3711 1252 3765 sententia
1269 3722 1330 3764 erat
1339 3711 1422 3764 etiam
1432 3711 1504 3779 wyt-

459 3795 624 3849 tenbachius.
635 3824 669 3836 —
688 3795 741 3850 Sed
760 3798 887 3852 scribitur
902 3818 960 3852 esse
977 3802 1035 3853 suis
1056 3800 1134 3852 rebus
1152 3800 1180 3853 iu
1200 3798 1286 3853 codd.
1297 3796 1360 3851 Cre.
1367 3802 1392 3851 1.
1405 3795 1505 3851 Gudb.

460 3880 588 3947 Drsd.2.;
607 3886 666 3936 suis
684 3903 741 3937 esee
758 3886 836 3940 rebus
858 3887 885 3941 in
904 3888 1020 3945 Dandi·
1058 3891 1160 3943 Vocem
1180 3888 1402 3960 certissimaeque
1419 3885 1504 3941 omittit

461 3969 533 4024 Gud.
553 3970 585 4023 A.
620 3971 680 4024 ΜΓ.

531 4059 767 4132 certissimaeque]
803 4063 867 4118 Post
891 4065 957 4121 baec
981 4068 1009 4119 in
1038 4066 1103 4119 cod.
1121 4065 1194 4121 Gud.
1217 4063 1246 4116 Β.
1276 4064 1358 4115 rerba
1379 4071 1504 4117 contextus

460 4151 494 4203 ita
514 4170 540 4203 se
559 4149 705 4220 excipiunt:
731 4152 844 4203 maxime
861 4165 927 4205 sunt
947 4155 1142 4225 certissimeque
1169 4152 1304 4223 quedam
1325 4151 1431 4222 magni
1454 4164 1505 4217 pre-

461 4237 509 4288 cii
527 4239 684 4289 extimant
705 4235 729 4309 q'
746 4239 772 4289 ei
787 4243 893 4311 gravi
909 4243 1107 4313 possessionum
1124 4240 1230 4293 minime
1248 4240 1332 4311 quasi
1350 4241 1440 4291 noceri
1451 4247 1504 4307 pot·

461 4335 518 4377 est:
535 4326 743 4396 quantiprecii
760 4330 940 4382 extimanda
959 4333 1076 4384 uirtus
1094 4332 1181 4399 estq‘
1197 4347 1257 4381 nec
1273 4329 1345 4399 eripi
1361 4347 1422 4380 nec
1439 4323 1502 4380 sub·

461 4413 512 4479 ripi
527 4423 617 4480 potest
633 4433 718 4485 neque
736 4418 888 4488 naufragio
906 4439 989 4492 neque
1007 4419 1127 4471 incendio
1146 4419 1290 4469 amittitur
1320 4434 1431 4489 neque
1448 4424 1504 4464 tern-

462 4508 598 4564 pestatum
626 4520 736 4572 neque
762 4515 909 4576 temporum
933 4508 1138 4577 perturbatione
1162 4516 1300 4559 mutatur.
1322 4526 1379 4579 qua
1399 4500 1503 4575 praediti
