3517 5450
359 695 432 767 120
670 721 845 766 Ptlttttoxt
875 720 1069 766 srorronuu.

471 879 571 930 Exitus
591 890 657 930 acta
676 878 790 948 probat:
809 888 902 930 careat
921 877 1085 930 successibus
1104 888 1184 946 opto:

521 965 651 1036 Quisquis
670 964 704 1015 ab
723 976 818 1016 eventu
834 965 918 1035 sacta
933 965 1075 1036 probanda
1090 969 1199 1034 putat.“
1214 963 1274 1033 Wy
1285 973 1318 1015 1:

431 1057 465 1104 In
485 1072 536 1125 quo
552 1053 692 1122 peccatur]
730 1053 793 1105 Post
819 1053 952 1103 metienda
967 1065 1032 1104 sunt
1052 1063 1169 1123 pergunt
1186 1050 1252 1104 Ou.
1272 1049 1303 1101 E.
1322 1050 1342 1100 1.
1357 1065 1412 1109 :ta

358 1144 433 1194 Non
458 1141 620 1213 quomodo
638 1141 760 1211 fiant,
789 1140 849 1189 sed
871 1139 906 1190 in
933 1139 1058 1210 quibus
1085 1152 1119 1190 et
1144 1140 1244 1210 inquo
1270 1145 1415 1206 peccatur-

356 1229 441 1283 Habet
458 1229 528 1282 idem
547 1226 605 1281 Crz.
626 1231 650 1281 1.
669 1227 715 1279 sed
734 1227 831 1279 omisso
850 1236 894 1285 et:
913 1225 993 1280 Drsd.
1014 1231 1046 1279 4:
1065 1246 1129 1277 non
1148 1225 1330 1297 quofiant
1345 1221 1418 1272 :erl

358 1337 374 1367 a
394 1316 521 1388 quibu:
539 1318 568 1368 in
586 1335 691 1387 quom.
709 1315 790 1368 Drsd.
809 1318 839 1368 5:
868 1333 929 1365 nec
954 1334 1019 1386 quo
1044 1314 1200 1385 fiatsed
1225 1308 1411 1382 inquibus

352 1404 514 1475 personis
532 1405 560 1456 in
579 1423 631 1474 quo
647 1413 814 1473 peccatum.
857 1402 912 1454 Pro
927 1412 1057 1471 peccatur
1086 1413 1124 1455 est
1140 1411 1265 1470 peccetur
1291 1400 1317 1450 in
1342 1394 1412 1448 01¹.

355 1492 386 1544 E.
406 1491 424 1544 1.
462 1492 554 1562 Pergit
571 1489 630 1544 Crz.
648 1495 674 1544 2.
694 1491 724 1541 id
741 1491 819 1542 aliud
846 1491 901 1541 alio
927 1491 1015 1543 maius
1042 1501 1093 1540 aut
1119 1489 1206 1540 minu:
1230 1504 1287 1538 esse
1309 1493 1413 1554 potest.

355 1579 435 1635 Drsd.
457 1584 481 1632 2.
500 1582 524 1633 3.
544 1584 570 1632 4.
587 1579 618 1629 id
633 1588 723 1647 potest
741 1597 813 1642 esse,
831 1597 894 1630 cum
914 1575 972 1632 Cre.
992 1580 1017 1629 1.
1054 1576 1109 1630 Pro
1135 1576 1214 1627 aliud
1233 1575 1338 1626 alio-
1356 1571 1411 1622 mi-

356 1685 407 1717 nu:
434 1664 505 1718 Gud.
526 1667 557 1718 A.
585 1665 663 1718 habet
686 1684 742 1717 esse
767 1667 855 1718 :naias
883 1665 926 1717 vel
950 1666 1056 1725 minus,-
1088 1683 1179 1718 vocem
1209 1662 1289 1713 aliud
1313 1659 1413 1714 omittit

356 1753 426 1806 Gud.
445 1753 490 1818 B.;
510 1751 577 1807 cod.
596 1752 700 1808 Suerin.
721 1752 823 1807 exhibet
840 1773 912 1806 esse
930 1755 1044 1804 maius
1063 1762 1113 1803 aut
1133 1753 1229 1805 rm'nus.
1267 1747 1333 1803 cod.
1348 1746 1411 1800 Bas.

356 1840 452 1892 omittit
472 1841 636 1894 autminus.
673 1840 733 1892 Mr.

425 1932 518 1998 Ipsum
537 1929 640 1999 quidem
661 1928 732 1978 illud
754 1945 864 1996 peccare
883 1956 917 1966 ·-
936 1948 1019 1979 unum
1037 1929 1099 1994 est]
1149 1928 1199 1991 „in
1225 1924 1274 1977 hac
1302 1922 1405 1975 Stoico-

355 2035 414 2069 rum
442 2016 544 2069 ratione
570 2036 625 2068 non
650 2015 796 2069 attenditur
826 2014 859 2068 ad
885 2035 975 2067 rerum
1003 2013 1198 2067 differentiam:
1233 2030 1324 2064 omne:
1355 2028 1403 2060 :u-

356 2115 408 2156 tem
434 2123 475 2155 res
504 2103 633 2156 differunt
659 2123 714 2155 non
744 2111 846 2156 tantum
875 2121 973 2173 genere
997 2103 1041 2156 sed
1070 2104 1149 2156 etiam
1173 2101 1288 2172 gradu-‘⁴
1305 2100 1398 2168 Wytt.

356 2193 437 2244 Abest
453 2193 555 2243 illud:
577 2192 643 2244 cod.
663 2190 733 2243 Gud.
753 2189 785 2242 A.
823 2189 887 2242 Eius
907 2190 967 2243 ioco
986 2190 1093 2244 Suerin.
1119 2190 1197 2243 habet
1215 2189 1260 2250 id:
1285 2186 1395 2245 ΗΜΛ.

355 2279 441 2344 ipsum
466 2297 549 2329 vero
573 2297 690 2346 peccare.
725 2275 782 2329 Crz.
802 2280 827 2329 1.
852 2278 923 2327 illud
947 2279 979 2331 ab
1011 2279 1092 2332 altera
1123 2289 1228 2331 tantum
1255 2295 1332 2329 manu
1354 2273 1394 2326 ad·

356 2363 440 2417 ditum
476 2364 569 2430 habet:
609 2365 737 2420 Drsd.1.
771 2366 794 2418 3.
824 2363 947 2418 exhibent
973 2367 1061 2434 ipsum
1094 2367 1198 2439 quidem
1229 2375 1390 2435 peccatum

357 2472 417 2505 curn
446 2455 503 2505 Crz.
524 2459 555 2518 ²3
588 2451 659 2505 Gud.
680 2451 710 2504 B.
746 2452 834 2520 ipsum
869 2454 975 2524 quidem
1006 2454 1078 2505 illud
1110 2462 1302 2522 peccatum·
1347 2449 1387 2501 Pro

358 2561 455 2593 unum
486 2551 526 2592 est
556 2540 681 2594 Drsd.‚5.
708 2538 787 2592 habet
814 2540 943 2610 glossam,
975 2561 1044 2614 quae
1075 2561 1164 2594 veram
1193 2541 1330 2594 lectionem
1355 2555 1386 2588 e:-

356 2629 446 2694 trusit,
477 2629 599 2680 vitium
626 2639 685 2689 est:
717 2629 837 2682 similiter
870 2630 964 2683 Duisb.
1000 2629 1123 2683 exhibens
1153 2630 1239 2679 idem
1269 2639 1316 2681 est.
1356 2619 1385 2673 11

356 2717 512 2771 sententiam
548 2717 664 2770 consert-
681 2716 762 2787 Borg.
789 2715 845 2771 Cic.
878 2718 910 2770 de
935 2718 1078 2785 Finn.1V,
1097 2722 1139 2771 24.
1168 2717 1283 2770 addens:
1309 2717 1384 2767 Cave:-

358 2826 416 2857 mus
440 2826 472 2858 ne
505 2804 557 2857 hoc
581 2805 687 2857 demus:
727 2805 779 2858 hoc
806 2808 876 2859 enim
906 2828 1030 2861 concesso
1057 2806 1157 2877 reliqua
1191 2805 1319 2859 constabit
1341 2818 1385 2855 or:-

358 2895 408 2947 tiot
428 2893 487 2947 coll.
508 2895 584 2946 Verr.
601 2893 661 2946 Act.
680 2892 713 2959 ll,
733 2894 761 2945 L.
782 2893 826 2959 111,
848 2899 892 2961 92,
911 2900 979 2950 214:
1012 2899 1054 2949 At
1081 2897 1150 2947 idem
1166 2897 1240 2966 fecit
1265 2893 1384 2946 sacerdon·

358 2982 496 3033 Hominem
516 2982 678 3032 innocentem
698 2992 725 3031 et
744 3001 847 3033 summa
863 2984 1010 3051 prudentia
1024 2986 1182 3053 praeditum
1200 2986 1332 3037 nominas:
1352 2978 1384 3032 :eti

357 3080 416 3121 tum
434 3070 519 3120 idem
535 3068 673 3139 fecisse
691 3070 741 3120 erit
760 3072 974 3138 existimandus,
992 3074 1017 3124 .ςὶ
1034 3073 1147 3123 eodem
1166 3071 1384 3141 consiliose:

358 3158 403 3212 rit.
452 3156 492 3212 Ad
520 3156 683 3211 locutionem
712 3158 807 3210 confer
837 3157 893 3212 Cic.
921 3160 953 3213 ad
985 3161 1039 3214 Ar:
1060 3162 1133 3227 ΧΙΙΙ,
1153 3165 1201 3215 29:
1239 3181 1298 3212 cum
1321 3161 1383 3212 viver:

359 3245 446 3313 ipeum
465 3254 543 3314 turpe
562 3246 599 3296 sit
618 3244 708 3306 nobis:
730 3246 761 3298 de
782 3244 831 3298 Or.
844 3246 875 3313 ΙΙ,
896 3252 927 3301 6:
948 3268 987 3300 me
1005 3250 1054 3300 ltoc
1072 3250 1160 3319 ipsum
1179 3250 1249 3301 nihil
1267 3269 1339 3322 ager:
1354 3248 1384 3297 de-

360 3333 453 3390 lectat.
491 3335 549 3386 Mr.

429 3440 534 3493 quoquo
553 3423 674 3489 verteris]
713 3422 779 3487 „sic
807 3444 900 3478 omnes
920 3427 980 3478 mei.
1020 3426 1153 3480 *Absolute
1182 3427 1309 3479 dictum.“
1332 3420 1382 3478 Aii-

357 3508 442 3561 Ma'n.
480 3507 565 3563 codd.
585 3509 649 3564 On.
669 3511 700 3563 E.
719 3512 738 3563 1.
759 3510 817 3565 Cre.
837 3518 862 3567 3.
909 3515 977 3567 Edd.
1005 3518 1076 3567 Crat.
1095 3514 1188 3586 Magn.
1217 3515 1291 3568 Man.
1314 3510 1382 3566 hamb·

358 3597 452 3651 Goion.
472 3609 498 3650 et
516 3618 608 3649 omnes
626 3611 732 3652 nostrae
748 3600 815 3655 Edd.
834 3602 1125 3674 (exceptisAsc.1511.
1141 3603 1209 3656 vict.
1223 3604 1293 3657 Rob.
1304 3596 1383 3671 steph-i

359 3696 419 3737 ante
448 3683 527 3737 Grut.
557 3684 655 3739 habent
685 3707 791 3758 quoquo
826 3700 860 3741 te
885 3693 1009 3754 verteris,
1041 3711 1121 3763 quam
1150 3692 1292 3746 lectionem
1320 3698 1382 3743 orum

360 3791 413 3823 esse
432 3771 580 3842 suspicatur
598 3772 679 3845 Borg.
699 3795 729 3828 ex
748 3775 814 3829 locis
832 3779 924 3849 quales
942 3791 1004 3833 sunt
1024 3779 1096 3833 Lael.
1110 3784 1140 3833 6:
1170 3801 1277 3851 quoquo
1294 3791 1323 3832 te
1343 3793 1383 3828 rer
1426 3811 1427 3846 ;

359 3860 563 3927 teris,praesto
581 3872 638 3921 est:
660 3863 790 3915 deFinn.
808 3864 907 3931 1131:
936 3872 999 3918 Huc
1017 3878 1044 3917 et
1062 3867 1142 3922 illuc,
1177 3865 1323 3940 Torquate,
1344 3876 1383 3915 :⁰⁵
1425 3853 1427 3920 i

359 3948 509 3999 versetis
527 3949 597 4005 licet.
650 3952 678 4003 ln
698 3952 793 4005 Dresd.
812 3959 837 4008 1.
858 3960 883 4009 3.
909 3968 946 4009 est
979 3975 1085 4028 quoquo
1110 3956 1201 4008 modo
1226 3956 1343 4015 verteris,
1363 3963 1382 3995 Ν
1425 3927 1427 3994 1

358 4035 422 4087 falsa
442 4037 659 4107 interpretatione
678 4040 802 4094 adverbii.
840 4043 917 4098 Falsa
937 4046 999 4098 ilem
1019 4056 1057 4099 est
1075 4044 1260 4113 interpretatio
1274 4043 1329 4096 Fre.
1339 4033 1382 4106 551·
1426 4023 1427 4046 r

359 4124 402 4175 vii:
429 4123 611 4196 quodcunque
631 4140 770 4197 peccatum
791 4132 972 4196 commiseris;
991 4142 1073 4198 recta,
1090 4152 1158 4203 quae
1178 4143 1216 4185 est
1235 4133 1262 4185 in
1280 4131 1380 4183 annotin-

358 4210 419 4265 Aldi
438 4211 527 4266 Mam:
546 4227 693 4285 „peccatur
712 4218 783 4270 enim
804 4240 911 4292 semper
929 4222 968 4275 vel
987 4243 1016 4274 ex
1035 4222 1186 4293 ignorantia
1206 4220 1246 4273 vel
1265 4241 1292 4273 e:
1309 4219 1379 4270 inwss'

359 4300 508 4355 tinentia“:
528 4321 608 4372 quam
627 4303 761 4375 adoptavit
779 4306 880 4363 Gernh.
927 4310 1007 4363 sotus
1033 4309 1101 4364 cod.
1121 4310 1228 4362 Suerin.
1257 4308 1378 4372 habetruv

361 4390 463 4441 veteris.
502 4390 578 4443 Adde
596 4390 689 4446 tocisa
711 4394 792 4465 Borg.
812 4397 925 4474 laudatis
943 4400 1000 4453 Cic.
1021 4401 1053 4453 de
1075 4399 1133 4453 Div.
1146 4398 1177 4464 ΙΙ,
1195 4401 1220 4463 9,
1241 4401 1377 4464 :42:1109‘

360 4479 586 4530 :everterint
607 4482 698 4533 Stoici.
735 4481 793 4538 ΜΓ.
