3517 5450
460 697 533 772 362
746 734 754 741 ·
875 719 1038 768 excursus
1065 721 1112 767 xi.

457 885 535 936 rerba
555 895 630 936 sunt:
650 882 744 950 Quid?
763 880 835 954 quod
855 882 951 935 eruditi
972 900 1027 934 non
1057 891 1170 951 negant,
1198 881 1226 933 in
1245 879 1387 934 Ciceronis
1413 886 1504 955 scriptis

457 971 568 1026 inveniri
587 970 757 1026 soloecismos
774 969 982 1025 inexcusabiles?
1035 968 1137 1037 Quales
1155 980 1182 1022 et
1200 968 1264 1020 olim
1290 969 1461 1038 exciderunt,
1485 987 1505 1027 et

457 1060 580 1114 excidunt
597 1058 675 1111 hodie
694 1059 754 1111 viris
772 1059 890 1124 eruditis,
910 1059 984 1124 dum,
1003 1058 1030 1111 in
1051 1057 1133 1110 varias
1152 1076 1194 1109 res
1208 1056 1332 1109 distracta
1347 1059 1505 1129 cogitatione,

458 1147 541 1218 magis
558 1145 702 1200 sententiae
721 1145 903 1217 praecedentis
921 1145 1115 1210 meminerunt,
1142 1164 1223 1216 quam
1244 1145 1406 1212 verborum,
1429 1167 1504 1219 eoque

456 1234 501 1301 sn,
520 1245 550 1286 ut
568 1233 669 1304 periodi
689 1233 806 1286 clausula
825 1234 958 1304 prioribus
977 1251 1032 1285 non
1053 1232 1222 1303 respondeat.
1259 1233 1344 1300 Quod
1365 1254 1450 1305 genus
1467 1237 1504 1289 sit:

457 1323 572 1373 Diutius
591 1339 754 1373 commorans
772 1322 906 1385 Athenis,
934 1321 1059 1392 quoniam
1078 1322 1151 1373 venti
1170 1320 1308 1392 negabant
1328 1323 1449 1374 solvendi
1460 1325 1505 1394 so·

457 1410 603 1474 cultatem,
621 1419 679 1459 erat
700 1412 805 1460 nninrns
824 1409 863 1459 ad
880 1419 908 1460 te
928 1408 1049 1464 scrihere.
1087 1408 1165 1461 lnitio
1184 1410 1339 1461 versabatur
1359 1410 1387 1462 in
1410 1414 1503 1465 animo:

455 1495 574 1548 volebam
592 1506 638 1548 aut
655 1505 821 1547 statueram:
848 1506 908 1566 post
927 1496 1011 1566 magis
1035 1495 1136 1548 arrisit:
1161 1497 1190 1546 in
1208 1498 1300 1548 animo
1317 1509 1391 1551 erat.
1437 1501 1503 1566 Quae

456 1603 533 1638 voces
551 1583 665 1635 eundem
685 1581 805 1635 efficiunt
823 1602 938 1648 sensum,
957 1583 1002 1635 sed
1022 1602 1117 1654 parum
1137 1595 1294 1654 congruunt
1312 1605 1377 1637 cum
1389 1586 1428 1651 iis,
1446 1606 1503 1657 quae

456 1672 679 1741 praecesserant.¹⁴
725 1668 858 1722 Hactenus
887 1668 1063 1741 Bulephorus.
1111 1670 1140 1723 ln
1169 1671 1194 1722 id
1215 1672 1267 1723 vitii
1296 1673 1412 1745 impegit
1437 1675 1502 1726 etiam

456 1755 612 1826 Rudolphus
630 1756 754 1826 Agricola
776 1756 846 1809 libro
873 1758 906 1809 de
932 1758 1086 1812 lorentione
1110 1758 1245 1811 dialectica
1266 1763 1403 1827 secundo,
1428 1763 1502 1832 capite

457 1846 558 1916 primo:
577 1845 760 1914 „Principem,
780 1845 875 1916 inquit,
896 1849 1012 1896 Graecae
1026 1846 1180 1917 facundiae
1196 1847 1284 1898 virum
1301 1849 1502 1910 Demosthenem,

456 1933 569 1986 eumad
589 1931 687 1985 bellum
707 1943 800 1985 contra
817 1931 972 2002 Philippum
991 1932 1170 1985 Macedonum
1197 1951 1289 2003 regem
1311 1935 1409 1987 maiori
1430 1955 1501 2006 appa·

456 2034 515 2075 ratu
535 2032 614 2092 atque
635 2039 699 2073 cura
719 2019 868 2091 gerendum
895 2020 1026 2090 populum
1046 2020 1195 2072 hortaretur
1213 2019 1408 2074 Atheniensem
1433 2023 1501 2075 doce-

456 2121 564 2181 retque,
589 2108 716 2179 quicquid
737 2109 896 2161 incrementi
919 2107 1160 2179 magnitudinisque
1179 2107 1295 2178 Philippi
1323 2112 1406 2162 rebus
1425 2130 1501 2164 acces-

455 2197 539 2260 sisset,
562 2213 616 2246 non
636 2207 689 2247 tam
711 2193 780 2246 illius
798 2214 853 2246 esse
873 2194 986 2260 ritihus,
1018 2214 1098 2267 quarn
1118 2194 1217 2248 desidia
1236 2207 1262 2247 et
1282 2196 1412 2250 inanibus
1432 2197 1501 2248 rlthe·

455 2283 586 2336 niensium
606 2282 782 2336 concionibus
803 2283 949 2349 effectum,
977 2283 1004 2334 in
1031 2282 1100 2335 hanc
1124 2283 1194 2335 inter
1220 2294 1326 2336 caetera
1355 2284 1501 2337 sententiam

455 2374 562 2423 locutas
579 2376 647 2425 est.“
683 2370 728 2423 Est
744 2370 814 2422 enirn
834 2369 900 2423 haec
919 2390 978 2423 vera
998 2370 1090 2424 lectio:
1119 2390 1174 2423 non
1194 2389 1242 2435 ea,
1269 2390 1341 2441 quae
1361 2372 1440 2442 vulgo
1459 2372 1501 2424 cir·

455 2460 616 2512 cumfertnr:
643 2459 769 2527 Princeps
795 2463 913 2511 Graecae
934 2459 1088 2530 facundiae
1116 2461 1158 2511 vir
1184 2461 1395 2511 Demosthenes.-
1432 2479 1500 2531 quarn

456 2560 520 2617 puto
539 2547 702 2619 suppositam
726 2547 758 2599 ab
780 2547 871 2619 aliquo
897 2549 952 2599 viro
978 2547 1096 2613 erudito,
1124 2547 1168 2600 cui
1195 2545 1247 2598 hoc
1274 2547 1432 2616 persuaderi
1457 2567 1500 2599 noo

457 2645 572 2706 poterat,
592 2646 620 2687 ut
641 2634 796 2705 liudolphus
815 2635 940 2705 Agricola
961 2646 1015 2687 tam
1035 2634 1112 2688 foede
1130 2633 1219 2705 lapsus
1237 2646 1313 2687 esset.
1361 2637 1444 2707 Atqui
1463 2655 1501 2705 pa·

456 2745 516 2776 rens
534 2722 702 2795 eloquentiae
728 2743 786 2776 eam
813 2723 921 2793 culpam
947 2723 1027 2775 vitare
1056 2743 1110 2775 non
1141 2722 1255 2795 potuit.“
1310 2723 1500 2778 Morisotus.

455 2812 535 2863 Unde
555 2812 624 2863 vides
641 2811 801 2863 lltlorisotum
821 2811 980 2881 significare,
998 2812 1101 2881 lapsum
1121 2831 1176 2864 esse
1190 2809 1363 2878 Ciceronem,
1385 2834 1435 2867 nec
1451 2834 1500 2865 rero

456 2898 644 2970 corrigendum
665 2917 718 2950 esse
737 2897 788 2951 hoc
806 2898 945 2951 Ciceronis
962 2899 1117 2969 παρόραμα,
1145 2901 1190 2972 qui
1210 2900 1272 2953 alibi
1299 2922 1412 2973 quoque
1431 2904 1456 2954 in
1473 2903 1500 2953 si·

456 2987 527 3039 milia
552 2986 682 3038 inciderit.
728 2986 785 3037 Atia
809 2998 898 3038 autem
925 2987 975 3039 fuit
1003 3006 1078 3040 mens
1095 2987 1216 3040 'l'homae
1242 2988 1377 3048 Bentleii,
1406 2993 1450 3061 qui
1474 2992 1500 3040 ita

456 3074 558 3145 lapsum
575 3093 629 3125 esse
650 3072 808 3125 Ciceronem
828 3074 937 3126 credere
956 3075 1055 3140 noluit,
1081 3086 1107 3128 et
1125 3075 1240 3128 librariis
1258 3077 1370 3148 culpam
1393 3080 1498 3131 tribuens

456 3162 490 3213 ita
508 3161 555 3212 sibi
576 3160 715 3213 restituisse
735 3160 801 3212 visus
819 3173 857 3214 est
876 3161 1013 3215 Ciceronis
1033 3183 1162 3231 manum,
1192 3175 1221 3216 ut
1245 3166 1397 3236 corrigeret
1416 3188 1497 3237 snpra:

457 3250 503 3320 qni
522 3248 633 3319 denique
653 3247 740 3298 orririia
760 3249 866 3300 venalia
885 3280 918 3291 -
938 3251 1068 3316 alienam,
1087 3261 1183 3303 tuam
1203 3253 1266 3322 [pro
1285 3255 1378 3320 suarii]
1406 3266 1499 3306 senten-

455 3338 522 3388 tiam
545 3336 682 3403 [nimirurn
703 3336 765 3407 qnia
784 3336 874 3407 paullo
896 3339 1017 3408 superius
1035 3351 1087 3392 est:
1118 3342 1165 3410 qni
1182 3341 1278 3409 (ridet)
1303 3352 1391 3395 tuas
1416 3362 1501 3395 merce-

456 3425 518 3475 dum
534 3424 698 3493 pactiorzes,]
730 3436 822 3477 nostro
852 3436 940 3477 autem
971 3426 1045 3494 loco,
1076 3428 1166 3480 eiectis
1184 3428 1292 3481 vocibus
1311 3430 1386 3480 hunc
1412 3444 1437 3484 et
1454 3431 1501 3492 sili,

455 3512 550 3585 pergit,
569 3511 607 3563 rel
628 3512 714 3582 potius
727 3511 886 3565 Ciceronem
906 3515 1021 3567 scribere
1040 3516 1115 3568 iubet
1128 3516 1266 3586 cogitque:
1287 3517 1349 3587 quis
1363 3537 1418 3570 non
1433 3528 1501 3587 putet

456 3602 586 3671 confiteri,
606 3602 727 3672 quaesite
740 3620 805 3669 opus
816 3600 896 3653 esse?
914 3601 970 3655 lloc
982 3623 1042 3654 vero
1058 3614 1096 3656 est
1108 3604 1160 3654 vim
1170 3602 1270 3654 inferre
1290 3604 1427 3675 scriptori.
1458 3605 1502 3656 Fac

455 3691 490 3743 ita
509 3689 641 3760 scripsisse
660 3686 836 3754 Ciceronem,
863 3699 893 3741 ut
917 3709 977 3741 euin
997 3691 1113 3744 scribere
1137 3691 1228 3744 docuit
1245 3688 1367 3744 Thomas
1387 3693 1501 3746 incredu-

457 3776 508 3829 lus:
529 3777 587 3849 quis
608 3796 726 3848 unquam
745 3777 780 3829 ita
800 3778 953 3831 correxisset
972 3778 1011 3831 rel
1033 3780 1201 3833 contorsisset
1218 3778 1359 3834 Ciceronis
1379 3783 1464 3844 rerba,
1480 3792 1502 3831 ut

458 3884 583 3934 personas
601 3875 716 3918 mutaret
733 3876 758 3918 et
777 3865 852 3917 variis
869 3866 936 3919 locis
955 3868 1033 3920 rerba
1052 3867 1214 3932 intruderet,
1234 3867 1342 3938 quihus,
1364 3872 1438 3941 quod
1457 3888 1501 3921 non

457 3953 557 4017 inerat,
583 3952 634 4006 sire
653 3947 831 4005 ἀνακόλουθον
856 3954 1011 4022 inferretur,
1042 3957 1094 4009 sire
1119 3955 1260 4027 enallage?
1309 3957 1378 4010 Mihi
1406 3960 1502 4032 quidem

457 4042 580 4096 satisfacit
599 4062 628 4094 ea
648 4040 724 4093 huius
745 4041 906 4097 difficultatis
934 4044 1111 4115 expediendae
1130 4045 1214 4112 ratio,
1244 4064 1326 4115 quam
1353 4048 1460 4119 exposui
1481 4047 1502 4097 in

458 4202 666 4211 -—-——-

458 4285 631 4336 n'untintione.
669 4285 758 4351 Quem
772 4284 918 4338 Morisorus
934 4285 1036 4338 exhibet
1055 4285 1155 4349 locum,
1175 4284 1196 4336 is
1213 4283 1248 4336 iti
1270 4284 1372 4354 legitur
1384 4293 1504 4359 pttusq.

459 4384 491 4392 -
511 4355 563 4406 Sed
582 4357 614 4408 de
634 4375 665 4407 eo
685 4356 774 4409 libello
793 4356 879 4427 deque
898 4358 944 4421 iis,
971 4357 1016 4427 qni
1039 4368 1132 4409 contra
1158 4373 1219 4407 eum
1249 4360 1433 4428 scripserunt,
1457 4360 1503 4410 ride

460 4424 572 4478 Noltenii
594 4426 782 4480 llihliothecam
804 4428 950 4481 latinitatis
970 4427 1111 4492 restitutae,
1131 4446 1261 4479 annexam
1278 4438 1356 4483 tomo
1378 4430 1504 4503 posteriori

460 4494 542 4548 herici
564 4499 670 4551 Latinae
690 4499 807 4570 Linguae
827 4499 1013 4565 Antibarhari,
1034 4519 1059 4569 p.
1078 4501 1130 4551 112
1149 4518 1187 4569 sq.
