3517 5450
674 738 870 786 1111111111
895 740 938 787 11.
965 740 1035 787 cur.
1051 741 1073 786 1.
1325 714 1396 790 281

352 900 422 956 locus
440 900 572 973 (ingenue
591 899 689 967 lateor)
708 918 751 953 me
770 899 816 954 diu
834 901 917 955 torsit.
963 900 1032 954 Nam
1059 919 1121 955 cum
1147 900 1191 955 alii
1215 899 1329 955 Codices
1354 900 1402 954 ha-

352 991 429 1043 beant
447 1008 517 1059 opus
534 998 588 1054 est,
615 999 642 1042 et
659 987 712 1042 hoc
730 1007 828 1060 genere
846 989 976 1062 loquendi
996 991 1093 1044 Cicero
1113 1008 1192 1061 saepe
1217 989 1250 1043 sit
1271 1009 1334 1042 usus
1351 990 1403 1045 lroc

351 1076 503 1142 Paradoxo,
531 1075 570 1129 sic
595 1094 704 1146 quoque
722 1074 867 1147 legendum
895 1078 1042 1133 videbatur.
1093 1080 1164 1131 Cum
1183 1097 1246 1131 vero
1276 1078 1309 1132 ad
1338 1078 1405 1133 11111

353 1166 445 1233 rerba,
465 1175 495 1217 ut
514 1173 575 1217 11111
594 1162 659 1227 dixi,
678 1165 794 1235 pressius
813 1165 997 1232 attenderem,
1016 1186 1067 1220 nec
1085 1166 1246 1238 exemplaria
1266 1165 1354 1219 deesse
1373 1170 1402 1218 in

353 1253 450 1325 quibus
474 1252 546 1304 satis
572 1262 614 1303 est
638 1251 786 1323 legeretur,
813 1265 870 1307 erat
895 1255 924 1307 in
948 1253 998 1309 hac
1022 1255 1102 1308 etiam
1129 1254 1243 1308 lectione
1269 1255 1405 1326 specimen

351 1339 459 1412 aliquod
480 1339 601 1392 veritatis.
636 1339 758 1394 Tandem
779 1341 843 1395 huic
860 1343 945 1414 magis
957 1342 1130 1397 adhaesimus.
1168 1343 1341 1415 Quamquam
1354 1361 1406 1397 no-

351 1430 395 1482 lim
415 1447 471 1482 esse
491 1426 667 1499 praefractior
675 1430 692 1458 “
711 1456 746 1469 —
765 1440 792 1483 et
809 1448 878 1502 quae
898 1450 952 1502 seq.
971 1460 1006 1471 -
1042 1430 1080 1484 111
1099 1429 1185 1484 Codd.
1206 1430 1303 1484 nostris
1318 1440 1344 1482 et
1355 1428 1405 1483 Or.

352 1517 442 1570 nullus
459 1515 539 1569 babet
556 1514 622 1568 illud
643 1516 714 1568 sutis
733 1527 790 1573 est.
819 1517 865 1571 sed
884 1519 1000 1572 enotavit
1018 1517 1070 1574 Or.
1089 1537 1119 1572 11
1137 1519 1205 1572 Edd.
1223 1517 1296 1572 Crat.
1313 1517 1406 1589 Magn.
1448 1531 1450 1535 ·

351 1603 426 1657 Man.
451 1603 537 1668 Hub.;
568 1623 618 1657 nos
642 1604 791 1676 reperimus
811 1604 839 1658 in
865 1606 934 1661 Edd.
954 1611 1014 1661 Gar.
1033 1605 1126 1679 Steph.
1146 1606 1209 1660 Ald.
1228 1609 1308 1660 1511.
1325 1610 1406 1661 1552.

351 1691 383 1746 ll.
401 1691 492 1747 Wolf.
511 1690 582 1743 And.
600 1690 659 1745 Tal.
683 1691 774 1763 sylb„
806 1694 925 1768 itemque
951 1696 979 1749 in
1007 1715 1092 1767 marg.
1108 1694 1175 1747 Edd.
1194 1694 1272 1748 Boul.
1293 1705 1320 1748 et
1346 1693 1409 1747 Atd.

352 1782 430 1834 1548.
473 1778 504 1831 ln
522 1777 590 1832 cod.
608 1779 687 1833 Drsd.
706 1785 732 1836 5.
759 1781 831 1836 deest
858 1785 940 1847 euim,
968 1783 996 1836 in
1015 1782 1066 1836 01.
1084 1801 1114 1844 ψ.
1137 1794 1176 1837 111
1194 1783 1339 1854 unicuique
1357 1801 1407 1854 pro

352 1869 456 1939 cuique.
494 1866 553 1921 Cra.
570 1870 595 1921 1.
614 1867 751 1922 habetest
770 1888 845 1938 opus.
864 1869 964 1945 ‘Drsd.
983 1874 1010 1926 3.
1029 1882 1055 1924 11
1073 1869 1145 1924 Gud.
1164 1870 1194 1923 B.
1213 1870 1341 1924 omittunt
1357 1880 1406 1922 est.

352 1954 420 2009 Cod.
440 1954 512 2008 Gud.
532 1954 712 2009 B.l1abetut
732 1957 789 2009 dixi
807 1968 880 2012 ante.
917 1957 946 2011 M
955 1978 977 2013 r.

427 2062 586 2113 divitiarum
624 2062 738 2130 modun]
787 2060 818 2114 ln
852 2061 921 2117 hanc
946 2062 1106 2117 sententiam
1132 2062 1271 2134 disputans
1305 2055 1407 2113 Seneca

352 2151 437 2224 Epist.
455 2153 483 2203 4.
502 2161 565 2203 1111.
584 2149 702 2220 scripsit:
733 2154 854 2222 Magnae
873 2152 986 2204 divitiae
1010 2162 1075 2205 sunt
1093 2151 1150 2224 lege
1168 2160 1286 2203 naturae
1305 2166 1409 2217 compo-

353 2240 409 2292 sita
426 2248 587 2308 paupertas.
624 2243 682 2289 Lex
699 2249 791 2290 autem
810 2239 860 2291 illa
878 2251 996 2292 naturae
1020 2241 1074 2293 scis
1092 2260 1159 2312 quos
1182 2238 1258 2292 nobis
1282 2238 1409 2290 terminos

355 2327 482 2380 statuit?
519 2329 580 2378 Non
599 2327 714 2393 esurire,
742 2347 796 2380 naa
813 2328 905 2394 sitire,
935 2349 989 2382 non
1013 2331 1113 2402 algere.
1135 2356 1168 2368 -
1213 2325 1342 2380 Paradile
1359 2334 1409 2387 est,

354 2414 549 2488 quadratura
569 2416 703 2467 desiderat
727 2427 756 2467 et
774 2418 942 2486 appositum:
968 2419 1006 2470 ad
1031 2434 1201 2488 supervacua
1226 2416 1353 2470 sudatur.
1374 2442 1409 2453 -

353 2502 404 2555 Ad
421 2521 530 2554 manum
548 2513 604 2568 est,
624 2504 697 2574 quod
713 2505 783 2556 satis
801 2514 852 2559 est.
890 2507 950 2560 Mr.

427 2625 482 2694 Qui
500 2626 587 2698 igitur
604 2646 656 2678 11111
669 2626 751 2693 filias
766 2626 885 2695 plures,]
923 2626 991 2682 Cod.
1012 2628 1109 2684 Duisb.
1127 2631 1201 2700 Quid
1216 2629 1326 2702 igitur?
1347 2631 1409 2682 Non

351 2714 447 2785 plures
459 2714 549 2783 filias.
585 2713 635 2768 01.
656 2714 687 2769 E.
708 2715 845 2786 cupidines
864 2735 915 2788 pro
937 2717 1102 2787 cupiditates
1109 2740 1120 2782 ,-
1139 2717 1211 2774 Gud.
1231 2717 1263 2772 A.
1282 2716 1409 2770 habuerit

354 2821 406 2873 pro
426 2803 516 2856 habet.
553 2803 634 2861 Drsd.
653 2808 678 2859 5.
704 2805 791 2875 igitur
814 2824 868 2857 11111
887 2826 953 2859 non
973 2808 1055 2876 filias
1083 2806 1158 2877 (sic).
1194 2805 1252 2859 Cra.
1270 2809 1295 2862 3.
1316 2807 1409 2877 plures

353 2912 408 2945 nan
419 2892 510 2961 filias.
547 2892 593 2945 Est
612 2892 691 2946 etiarn
710 2892 836 2946 habuerit
854 2893 883 2947 in
904 2894 983 2949 Drsd.
1003 2899 1028 2949 1.
1048 2899 1073 2949 3.
1092 2914 1209 2967 quorum
1228 2896 1304 2967 prior
1323 2896 1410 2966 pergit

357 2998 508 3052 quaeque.
554 2979 617 3033 Duo
635 2980 696 3033 Atdi
717 2980 790 3033 Man.
809 2980 967 3036 exhibebant
992 3001 1081 3056 quae
1106 2985 1211 3056 quidem
1237 2983 1309 3035 brevi
1329 2993 1408 3053 temp.

357 3068 441 3141 idque
459 3068 561 3140 recepit
577 3068 628 3122 Th.
648 3068 751 3135 Bentl,
778 3090 828 3123 nec
847 3091 909 3125 vero
928 3072 989 3144 qui
1014 3072 1135 3143 quidem,
1161 3072 1233 3145 quod
1258 3072 1285 3124 in
1304 3070 1410 3124 Aldinis

354 3166 493 3226 repertum
513 3168 651 3227 receptum
676 3176 730 3209 esse
754 3177 768 3209 a
788 3157 875 3214 Bentl.
903 3160 983 3213 111111
1001 3157 1104 3214 Gernh.
1123 3161 1151 3214 in
1170 3161 1241 3217 Add.
1269 3161 1410 3233 Reperitur

354 3244 422 3298 illud
443 3246 548 3317 quidem
569 3246 648 3297 etiarn
668 3246 695 3298 in
715 3245 765 3299 Ox.
786 3246 832 3314 11,
861 3248 972 3320 eiusque
998 3248 1137 3320 vestigium
1169 3269 1224 3303 esse
1253 3250 1357 3304 videtur
1382 3249 1410 3301 in

353 3333 501 3405 scriptione
520 3332 588 3386 Cod.
600 3333 712 3387 Drsdl.
733 3353 886 3406 quaeque:
906 3355 956 3389 nec
975 3335 1105 3408 displicet,
1124 3337 1186 3408 quia
1202 3337 1339 3390 tolleretur
1358 3336 1410 3390 hoc

357 3422 629 3494 quantulumcunque
649 3434 687 3475 est
704 3422 877 3490 offensionis,
898 3424 971 3496 quod
988 3424 1055 3477 inest
1072 3424 1101 3476 in
1118 3423 1219 3478 relativi
1238 3425 1411 3478 Pronominis

354 3512 457 3564 insuavi
477 3511 649 3583 repetitione:
669 3530 832 3584 quamquam
852 3522 906 3565 tam
925 3511 974 3565 levi
994 3511 1144 3565 auctoritati
1164 3531 1219 3565 non
1239 3511 1343 3565 ridetur
1362 3531 1413 3584 pa-

352 3600 485 3666 rendum,
513 3619 565 3654 nec
583 3600 679 3654 desunt
700 3600 792 3653 similis
815 3611 962 3655 structurae
981 3600 1114 3672 exempla.
1164 3597 1219 3653 Pro
1244 3617 1315 3671 quae
1342 3597 1411 3653 Cod.

354 3689 433 3743 Suer.
452 3687 555 3742 exhibet
569 3689 630 3761 qui,
656 3688 731 3762 quod
751 3691 906 3745 conveniret
931 3711 992 3745 cum
1022 3689 1167 3761 scriptione
1200 3687 1268 3742 cod.
1286 3687 1412 3743 011111.

353 3778 503 3829 exhaurire
517 3779 655 3848 possit:
675 3797 743 3850 quae
763 3777 784 3831 si
803 3778 941 3850 placerent
959 3778 1092 3852 cuipiam,
1112 3778 1270 3832 haberemus
1289 3776 1412 3850 anapho-

355 3885 414 3917 ram
435 3867 496 3939 (qui
514 3895 547 3906 -
567 3866 664 3931 tabet,
684 3897 719 3907 —
738 3869 785 3940 qui
804 3898 838 3908 —
853 3870 972 3939 possit),
1005 3887 1073 3941 quae
1097 3887 1127 3921 re
1156 3887 1216 3921 vera
1242 3866 1325 3920 estin
1345 3865 1412 3920 Cod.

358 3954 473 4021 Duisb.,
492 3974 543 4008 nec
562 3974 624 4008 vero
643 3955 789 4010 admodum
808 3956 1068 4023 commendandam,
1093 3976 1156 4011 curn
1175 3956 1270 4009 melius
1288 3956 1413 4008 dicantur

354 4044 516 4117 cupiditates
534 4042 671 4098 exhaurire
689 4044 913 4120 divitiaquuam
932 4045 1082 4098 divitiarum
1102 4064 1242 4117 possessor.
1279 4042 1336 4094 Mr.

429 4188 499 4241 quaa
524 4168 597 4221 trevi
621 4179 737 4238 tempore
762 4168 894 4220 maximas
919 4168 1009 4237 copias
1035 4167 1180 4219 exhaurire
1201 4164 1305 4235 possint
1314 4164 1332 4228 ,]
1369 4161 1411 4215 De

355 4260 501 4330 scriptione
521 4276 590 4328 quae
609 4258 761 4328 quidem,
780 4257 922 4329 etqui-
939 4256 1040 4326 possit,
1066 4255 1146 4308 modo
1166 4254 1285 4306 diximus.
1322 4249 1411 4303 Acce-

356 4350 421 4402 dant
440 4348 569 4419 reliquae.
605 4345 660 4398 Pro
679 4347 810 4398 maximas
829 4356 866 4398 est
885 4362 998 4415 magnas
1017 4344 1044 4397 in
1064 4342 1149 4396 Codd.
1161 4342 1240 4393 Bern.
1249 4339 1309 4392 Bas.
1322 4337 1412 4391 Guell.

357 4436 409 4490 01.
428 4436 459 4488 Ν.
479 4434 559 4487 Drsd.
578 4437 603 4488 1.
623 4437 721 4487 0112.
740 4434 845 4488 11Ε11.
864 4434 932 4505 Eyb.
967 4433 1039 4485 Tum
1058 4431 1118 4484 Cra.
1137 4432 1162 4483 1.
1192 4448 1243 4501 pro
1268 4430 1358 4498 copias
1383 4428 1411 4481 in

358 4526 486 4581 contextis
503 4522 582 4576 habet
600 4523 712 4595 glossam
729 4524 847 4589 divitias,
867 4525 910 4578 cui
928 4543 987 4575 vera
1010 4520 1087 4575 lectio
1107 4518 1205 4587 copias.
1225 4517 1299 4589 quasi
1317 4515 1411 4589 glossa,
