3517 5450
644 740 839 787 ιιιιιιιοιιοιι
863 741 912 786 ιιι.
945 742 1015 787 ιιι».
1039 743 1073 788 ιι.
1316 715 1388 790 139
1481 734 1483 740 “

346 897 488 967 scripserit,
507 909 592 950 artem
610 899 737 951 nimirum
758 898 898 951 homiuum
911 899 1124 953 benevolentiam
1139 901 1188 953 sibi
1200 899 1311 970 aliisque
1324 920 1391 953 oon-

345 983 443 1037 ciiiondi
460 984 627 1057 intelligens:
645 984 767 1059 Xenoph.
785 984 911 1057 Sympos.
930 1006 953 1040 c.
967 991 994 1051 4,
1013 990 1047 1042 51
1067 1008 1105 1060 sq.
1125 1007 1205 1060 quem
1224 989 1313 1042 iocum
1333 989 1391 1041 iau-

344 1071 403 1126 devit
422 1071 527 1128 Gernh.
565 1072 623 1126 Mc.

404 1163 532 1213 Socrates
552 1160 710 1231 disputabat
728 1161 782 1213 isto
799 1162 895 1230 modu]
932 1162 997 1216 Post
1009 1167 1134 1215 Socrates
1151 1165 1178 1216 in
1199 1164 1266 1216 Cod.
1279 1163 1391 1216 Drsdd.

343 1248 530 1320 compendium
550 1259 589 1302 est
607 1249 645 1300 iro
666 1249 710 1318 (ut
727 1249 858 1315 videtur),
887 1250 959 1320 quod
980 1250 1070 1304 nescio
1090 1263 1178 1303 utrum
1199 1250 1311 1304 coluerit
1335 1250 1392 1318 ipse

343 1357 369 1391 cn
389 1357 470 1398 vero,·
499 1347 557 1390 tum
584 1336 671 1408 pergit
694 1337 706 1387 i
713 1347 749 1388 ta
779 1336 939 1407 disputabat
967 1349 999 1391 ct
1017 1341 1071 1392 isto
1090 1340 1184 1399 mador
1213 1349 1239 1391 et
1257 1338 1296 1391 sic
1312 1337 1390 1389 etiem

343 1423 415 1478 Drsd.
436 1427 479 1490 &3
511 1424 539 1477 iu
559 1423 804 1488 Drsd.5.01.o.
830 1435 868 1478 est
895 1425 1018 1496 disputat
1043 1427 1104 1477 ltoc
1123 1427 1214 1487 modo,·
1238 1428 1287 1478 hoo
1313 1425 1390 1478 etiam

344 1511 608 1584 significareridetur
626 1513 835 1584 compendium,
862 1513 936 1586 quod
954 1525 992 1568 est
1016 1514 1045 1567 in
1065 1513 1137 1568 Gud.
1153 1514 1202 1579 A.;
1227 1515 1289 1567 item
1315 1531 1391 1567 com·

345 1600 465 1672 pendium
485 1601 628 1654 rethorum
653 1600 756 1653 videtur
779 1621 834 1655 esso
857 1603 885 1655 in
905 1603 963 1654 Cn.
980 1605 1005 1657 d.
1035 1603 1080 1657 uhi
1107 1613 1145 1656 est
1169 1603 1237 1655 isto⁰
1262 1620 1313 1673 pro
1338 1601 1391 1651 isto

346 1690 418 1743 uodo.
454 1688 510 1762 Pro
530 1687 631 1755 hercle,
649 1688 723 1760 quod
742 1689 826 1745 edidit
845 1709 907 1745 eum
927 1691 1062 1763 plerisque
1081 1690 1198 1756 Gonu,
1219 1709 1268 1743 nos
1285 1687 1391 1760 plenio-

347 1795 393 1833 rttrr
413 1779 531 1830 sormam
550 1776 657 1828 hercole
675 1776 807 1833 edidimus
825 1799 888 1834 oum
915 1778 965 1833 Or.
984 1800 1013 1833 ει
1033 1777 1117 1832 Codd.
1136 1777 1208 1831 Gud.
1228 1778 1259 1829 B.
1288 1779 1346 1831 Cre.
1365 1779 1390 1830 t.

349 1863 417 1919 Drsd.
434 1870 462 1919 2.
482 1863 549 1918 Osx.
567 1865 598 1918 E.
616 1864 650 1919 N.
668 1864 719 1920 Ed.
738 1885 796 1938 prc.
815 1870 894 1924 1465.
913 1865 987 1922 Cret.
1007 1867 1077 1921 Vict.
1096 1864 1204 1919 Manut.
1219 1864 1311 1935 Magn.
1321 1863 1390 1917 Huh.

350 1971 371 2003 ex
384 1952 481 2006 nostris
499 1952 673 2006 Eddomnes
690 1953 746 2007 sere
766 1965 827 2008 ante
846 1952 926 2006 Grut.
939 1965 1045 2025 excepta
1064 1954 1125 2007 Asc.
1136 1957 1214 2007 1511.
1250 1952 1392 2006 Deforme

353 2043 456 2095 Hercule
481 2041 532 2094 vid.
558 2042 738 2113 disputantem
760 2043 790 2094 C.
808 2041 838 2096 L.
867 2040 1025 2095 Schneider.
1049 2041 1126 2095 Aust.
1153 2038 1274 2093 Gremm.
1292 2038 1317 2091 d.
1336 2038 1392 2091 Lot.

352 2126 401 2200 Spe.
426 2128 458 2185 ΙΙ.
486 2129 639 2199 (Formeni.
661 2128 694 2198 Ι.)
723 2148 749 2200 p.
776 2133 827 2194 443
867 2128 900 2182 R.
931 2128 1018 2182 ΚΙοιο.
1045 2129 1077 2182 ed
1104 2127 1162 2182 Cic.
1186 2128 1257 2181 Loci.
1276 2127 1323 2193 ΧΙ,
1347 2129 1391 2180 38.

354 2220 445 2286 pm.
483 2217 541 2272 Mr.
561 2247 594 2259 -
632 2217 767 2285 „Errabat
791 2218 819 2271 in
848 2217 901 2272 hoc
927 2216 1106 2284 adversarius,
1136 2227 1182 2270 aut
1207 2215 1304 2269 Cicero
1331 2234 1392 2268 eum

354 2317 431 2375 sponte
450 2316 584 2359 errantem
605 2305 755 2361 inducebat.
804 2306 950 2379 Nunquam
978 2307 1051 2359 enim
1074 2304 1198 2359 Socrates
1215 2302 1305 2357 statuit
1330 2322 1393 2375 pec·

355 2405 398 2448 cete
415 2407 440 2450 et
457 2406 530 2450 recte
548 2395 617 2449 sacto
638 2414 693 2448 esse
710 2396 841 2468 aequalia.
877 2395 957 2464 Quae
974 2403 1138 2466 sequuntur:
1164 2397 1250 2447 Bene.
1277 2389 1393 2453 hercule,

355 2499 436 2536 rorros
464 2503 559 2538 rursus
581 2483 697 2538 oratorie
716 2504 730 2537 a
750 2482 883 2538 Cicerone
900 2483 1029 2538 dicuntur
1046 2495 1072 2536 et
1090 2480 1227 2553 sequentia
1255 2479 1389 2549 deinceps,

356 2587 423 2642 tique
440 2571 475 2625 od
493 2572 573 2624 serbe
594 2569 680 2623 lahem
698 2571 818 2623 libidinis
835 2582 897 2624 sunt
916 2570 1083 2626 Ciceronis.“
1102 2570 1142 2620 W
1148 2566 1285 2638 yttenh.

413 2663 483 2712 Nom
498 2661 582 2711 istum
602 2659 707 2711 doctum
734 2669 762 2709 et
783 2659 930 2728 sapientem
954 2659 1042 2710 virum
1064 2659 1169 2730 fuisse]
1198 2655 1311 2721 „Docti,
1329 2655 1392 2708 item
1492 2697 1497 2703 .

357 2748 450 2816 auditi,
481 2749 599 2821 itemque
618 2746 762 2802 doctissimi
780 2746 964 2813 eruditissimi,
993 2748 1121 2801 dicuntur
1139 2743 1298 2817 philosophi.
1346 2743 1392 2798 sic

358 2851 403 2887 mor
417 2838 513 2891 Parad.
528 2838 561 2890 V.
580 2847 607 2890 et
624 2835 686 2889 alibi
706 2854 792 2908 saepe.
836 2835 933 2890 Cicero
952 2835 1024 2889 enim
1041 2835 1080 2888 sie
1097 2834 1174 2888 vertit
1195 2832 1330 2886 Graecum
1350 2854 1392 2893 φι-

358 2920 474 2995 λομαθής,
492 2925 566 2997 quod
586 2924 696 2995 proprie
714 2934 753 2979 est
770 2924 909 2979 doctrinae
924 2944 1032 2989 amans,
1046 2935 1073 2977 et
1090 2924 1246 2986 φιλομαθια,
1265 2932 1392 2991 tanquam

359 3026 437 3079 genus,
466 3015 533 3066 duos
559 3015 678 3067 continet
695 3012 810 3084 species,
837 3015 989 3077 φιλοσοφίαν
1007 3013 1215 3076 aethiopias,
1249 3009 1268 3062 i.
1287 3028 1311 3061 ε.
1336 3020 1393 3061 stu-

359 3097 415 3152 dium
431 3112 486 3155 tam
504 3101 649 3172 sapientiae
667 3120 748 3172 quem
766 3101 943 3155 litterarum.“
970 3098 1147 3171 Wyttenh.
1194 3097 1261 3150 Cod.
1288 3095 1346 3150 cn.
1368 3101 1392 3149 2.

359 3189 452 3241 cirum
471 3190 585 3247 doctum,
597 3199 624 3241 et
642 3191 789 3258 sapientem
802 3191 911 3261 fuisso,
931 3189 1040 3243 Sueriu.
1058 3198 1084 3241 et
1102 3187 1174 3241 Gud.
1185 3186 1216 3240 B.
1235 3189 1318 3239 istam
1337 3188 1393 3238 Ιιο-

360 3277 456 3330 tm'nem
476 3280 583 3329 doctum
599 3287 627 3329 ot
645 3280 792 3346 sapientem
807 3278 900 3349 fuisse
921 3278 1021 3331 virum.
1040 3276 1120 3329 Drsd.
1138 3280 1165 3330 5.
1190 3276 1274 3326 istum
1292 3275 1392 3325 ltonri-
1455 3339 1458 3345 Ι

360 3378 413 3415 rem
430 3368 534 3419 doctam
550 3366 643 3435 saissa
662 3376 690 3416 et
709 3366 854 3435 sapientem
864 3385 874 3425 ,·
894 3363 975 3421 Drsd.
993 3368 1020 3417 4.
1038 3365 1122 3415 istam
1140 3372 1276 3413 reatum
1301 3370 1328 3411 ει
1346 3380 1394 3413 sa·

359 3450 453 3513 rientem
466 3441 575 3524 faisse,
601 3451 673 3508 Gud.
693 3452 726 3505 Α.
751 3454 835 3505 istum
854 3452 961 3503 (iactam
979 3462 1006 3501 et
1025 3450 1173 3519 sapientem
1192 3449 1318 3520 fuisse
1345 3449 1393 3498 oi—

360 3553 420 3591 rum.
456 3540 538 3609 Quod
558 3539 583 3593 h.
603 3539 619 3592 Ι.
639 3539 737 3593 dicitur
754 3540 893 3592 memoriae
911 3539 1019 3591 tradere
1043 3538 1106 3591 aiibi
1131 3537 1229 3591 dicitur
1255 3536 1394 3591 memoriae

358 3628 462 3687 prodere:
482 3628 528 3682 sed
547 3629 626 3680 trado
645 3629 798 3686 aremorico,
813 3628 886 3699 quod
906 3627 1003 3699 iegitur
1020 3626 1114 3680 Somn.
1133 3626 1239 3698 Scipi.
1261 3637 1335 3692 extr,
1355 3636 1393 3677 est

360 3710 504 3785 hqmonda
522 3718 670 3772 memoriae.
706 3718 795 3771 Nostri
812 3731 902 3771 autem
920 3716 973 3771 ioci
991 3716 1084 3770 similis
1102 3726 1139 3769 est
1159 3715 1234 3769 iocus
1251 3715 1284 3767 de
1293 3714 1392 3767 invent.

361 3796 384 3865 ΙΙ,
399 3807 423 3857 1:
448 3805 529 3857 aruiti
542 3811 641 3875 poi'toe
660 3811 798 3859 irremoriae
816 3807 999 3859 tradiderunt.
1042 3804 1124 3872 Quod
1150 3802 1251 3857 Gernh.
1275 3803 1308 3855 ad
1334 3802 1392 3857 Cic.

360 3885 414 3945 het.
427 3898 471 3962 tt,
491 3897 534 3949 39.
571 3894 677 3966 scripsit
697 3895 822 3948 Ciceroni
847 3895 947 3966 ubique
966 3893 1095 3965 placuisse
1121 3892 1260 3944 nreraorioe
1282 3893 1394 3960 prodere

360 3974 413 4041 (ton
429 3984 562 4048 tradere),
581 3984 677 4048 merito
695 4002 750 4036 non
771 3984 892 4055 repetivit
910 3994 1001 4036 nostro
1022 3982 1090 4035 loco.
1137 3980 1183 4033 Est
1201 3980 1289 4045 enim,
1313 3999 1394 4051 prae-

360 4067 489 4124 tetecum
509 4070 592 4123 modo
611 4070 763 4135 laudatum,
783 4073 863 4125 etiam
885 4092 933 4142 pro
953 4071 1031 4123 Rosc.
1051 4068 1128 4123 Com.
1147 4074 1172 4134 ²,
1192 4073 1227 4134 (ις
1255 4087 1303 4139 pro
1328 4066 1394 4118 Mu-

361 4165 409 4207 rena
426 4162 467 4222 te,
484 4161 535 4221 59;
556 4158 589 4210 de
608 4158 689 4229 Legg.
708 4162 727 4223 l,
749 4163 774 4224 i,
793 4162 819 4213 3.
836 4159 935 4212 Tusce.
956 4161 976 4225 l,
995 4161 1021 4223 3,
1040 4164 1067 4213 5.
1102 4158 1182 4211 Cous.
1210 4157 1244 4210 Ο.
1263 4159 1300 4209 Μ.
1320 4154 1392 4206 Mitt-

360 4232 396 4295 ier.
411 4245 440 4299 de
458 4246 493 4298 Vi
511 4257 538 4300 et
556 4245 614 4299 Usu
633 4248 775 4301 verborum
796 4248 967 4319 quorundam
988 4268 1015 4317 p.
1035 4250 1078 4299 tt.
1103 4244 1188 4299 Codd.
1206 4243 1285 4296 Drsd.
1293 4246 1319 4295 4.
1331 4246 1392 4294 et5.

360 4336 479 4387 monitae
498 4346 644 4387 nostrae
662 4337 797 4388 traditam
815 4348 866 4392 est.
903 4335 983 4389 Male.
1019 4335 1077 4386 Μι.

415 4423 526 4491 Quaado
547 4420 631 4474 verbis
651 4425 721 4477 inter
739 4445 786 4477 nos
805 4426 1014 4492 contendimus]
1058 4420 1290 4487 „Contendamus,
1320 4418 1396 4472 licet:

358 4512 486 4563 nonenim
508 4512 605 4582 pugnis
623 4512 692 4564 inter
711 4532 773 4579 nos,
792 4513 837 4564 sed
857 4513 943 4565 verbis
962 4533 1003 4565 res
1021 4513 1138 4582 οςίιιιιέι
1164 4507 1239 4559 Atd.
1267 4507 1395 4559 Manut.
