3517 5450
447 686 521 760 366
846 711 1011 758 excessus
1041 712 1097 757 ιιι.

445 893 498 926 esse
517 873 658 943 exiguum,
678 873 697 924 si
717 888 779 923 cum
799 870 889 924 fructu
910 870 1080 922 conteratur:
1098 870 1143 923 sed
1163 872 1218 923 vice
1238 890 1320 924 versa.
1358 875 1425 924 Cum
1446 875 1493 938 (in-

444 961 513 1032 quit)
532 971 623 1012 aurata
644 969 710 1010 tecta
729 958 756 1008 in
776 956 842 1008 villis
870 957 953 1010 latias
977 968 1003 1009 et
1027 956 1081 1009 sola
1100 957 1253 1028 [perperam
1281 978 1432 1031 expressum
1461 975 1492 1013 est

441 1050 519 1118 foro]
546 1065 712 1111 marmorea,
740 1046 829 1115 signa,
858 1046 974 1110 tabulas,
1001 1044 1191 1116 supellectilem
1217 1059 1243 1099 et
1271 1060 1370 1101 restem
1397 1048 1491 1101 infinite

444 1137 632 1208 concupiscas,
660 1147 685 1187 et
705 1134 755 1186 rim
775 1135 905 1205 pecuniae
924 1134 1107 1187 incredibilem
1136 1135 1182 1188 des
1206 1136 1311 1189 fenori:
1341 1159 1398 1192 non
1419 1140 1490 1191 modo

446 1227 477 1278 ad
498 1226 570 1280 bunc
586 1235 736 1295 sumptum,
756 1222 899 1276 sedetiam
918 1222 951 1274 ad
971 1222 1064 1286 lenus,
1084 1222 1186 1276 fructos
1203 1223 1248 1276 ille
1268 1236 1307 1277 est
1326 1226 1460 1296 exiguus.‘'

514 1349 549 1401 D.
569 1347 770 1399 Lambinus:
790 1346 955 1409 „Nonmodo
972 1345 1015 1395 ad
1032 1347 1489 1418 sumptuneilleestsructus]

442 1434 564 1500 „Omnes
589 1434 649 1487 libri
674 1445 773 1487 veteres
795 1433 908 1487 babent:
945 1452 998 1485 non
1026 1434 1102 1484 modo
1126 1434 1170 1483 od
1189 1435 1360 1505 fructum
1387 1437 1432 1488 ille
1454 1448 1489 1488 est

442 1546 479 1578 su
489 1535 601 1594 mptns
619 1535 670 1576 etc.
714 1522 775 1592 Ego
801 1534 890 1575 tamen
914 1521 1057 1575 lectionem
1076 1520 1210 1592 vulgatam
1229 1524 1365 1577 retineo.“
1407 1523 1491 1593 (Quos

447 1613 518 1666 dicat
537 1611 682 1663 Lambinus
700 1610 783 1662 libros
800 1620 915 1675 veteres,
935 1629 1003 1681 quos
1020 1608 1152 1680 vulgatos,
1173 1629 1228 1663 non
1239 1622 1368 1664 accurate
1386 1611 1488 1682 scripsit.

442 1699 617 1753 Gernbardus
635 1699 758 1752 Lambini
776 1698 950 1752 annotatione
970 1698 1040 1751 lecta
1058 1699 1178 1770 scripsit,
1206 1720 1234 1753 se
1253 1721 1330 1764 eam,
1356 1721 1436 1772 quam
1454 1702 1490 1754 di·

442 1801 486 1843 cat
502 1789 649 1841 Lambinus
667 1786 798 1858 vulgatam
820 1807 880 1840 ase
897 1798 1044 1854 retentam,
1069 1791 1135 1849 (non
1164 1789 1241 1840 modo
1268 1790 1306 1839 od
1327 1799 1489 1857 sumptum

440 1877 487 1929 ille
504 1886 547 1929 est
560 1877 741 1947 fructus),
766 1876 794 1928 in
821 1874 894 1927 nulla
919 1875 1037 1928 editione
1063 1874 1159 1942 reteri,
1187 1876 1237 1929 nisi
1262 1877 1290 1929 in
1310 1877 1398 1948 Lugd.
1419 1882 1490 1932 1556.

440 1963 582 2036 reperisse:
611 1982 660 2016 nos
685 1963 796 2016 eandem
816 1963 844 2015 in
863 1963 976 2016 Lambb.
998 1973 1024 2016 et
1042 1961 1139 2029 Goth„
1168 1984 1238 2036 quae
1263 1976 1324 2038 post
1343 1967 1489 2019 Lambinia·

441 2071 505 2106 nam
523 2052 668 2122 genuinam
689 2051 796 2120 (1556.)
813 2051 899 2104 editae
925 2062 1001 2116 sunt,
1029 2062 1058 2104 ut
1075 2050 1125 2104 Ed.
1154 2052 1223 2105 tud.
1247 2052 1306 2106 Tal.
1332 2054 1428 2123 (1583.
1453 2073 1488 2124 ap.

439 2139 576 2208 Wecbel.)
594 2145 659 2204 (non
678 2139 753 2190 modo
770 2139 962 2210 adsumptum
974 2138 1092 2211 fructus
1100 2149 1142 2190 est
1160 2140 1229 2206 itte),
1248 2140 1326 2212 Sylb.
1344 2142 1395 2211 (ib.
1404 2141 1489 2207 1590.)

439 2231 506 2296 (non
524 2231 599 2282 nrodo
617 2229 656 2279 ad
672 2239 809 2297 sumptum
830 2228 877 2280 ille
890 2228 1007 2299 fruetus
1032 2232 1097 2294 est).
1142 2227 1196 2281 Sed
1221 2230 1400 2300 posteriorem
1429 2229 1489 2282 bane

439 2317 583 2370 lectionem
601 2316 654 2369 iam
673 2327 734 2368 ante
757 2315 959 2368 Lambinianam
988 2315 1095 2385 reperio
1120 2314 1199 2369 etiam
1225 2317 1253 2370 in
1279 2318 1343 2372 Atd.
1362 2323 1442 2373 1551.
1469 2333 1489 2374 et

440 2402 503 2457 Car.
525 2401 615 2475 Stepb.
636 2407 721 2468 1551,
748 2422 814 2475 quas
837 2403 858 2456 si
882 2402 1015 2474 vulgatam
1044 2402 1142 2456 babere
1161 2404 1306 2459 lectionem
1333 2408 1411 2473 dizit,
1440 2429 1488 2461 non

440 2492 518 2566 plane
537 2503 661 2545 accurate
680 2510 738 2544 eam
769 2491 891 2544 reddidit
935 2488 1061 2543 Ceterum
1086 2510 1175 2564 neque
1202 2492 1267 2546 illud
1294 2493 1376 2565 plane
1404 2513 1486 2548 rerum

438 2593 493 2648 est,
512 2600 567 2634 esse
588 2581 614 2632 in
634 2579 708 2632 libris
726 2580 857 2632 veteribus
875 2579 1002 2631 omnibus
1025 2598 1078 2631 non
1102 2581 1178 2632 modo
1202 2580 1246 2632 od
1265 2581 1434 2653 fructum
1450 2583 1488 2633 ille

438 2680 479 2723 est
498 2678 674 2739 sumptus:
695 2687 757 2720 nam
776 2667 872 2722 babent
891 2667 942 2720 Ed.
960 2666 1033 2722 Crat.
1053 2679 1077 2721 et
1094 2666 1155 2720 Ald.
1175 2671 1261 2722 1517:
1289 2688 1344 2721 non
1363 2670 1488 2723 modoad

436 2759 564 2829 fructum
580 2757 643 2808 ille
662 2767 787 2824 sumptus
804 2769 867 2811 est.

511 2860 811 2915 Aldusllllanutius
830 2862 952 2932 (neposlz
982 2865 1063 2929 „Non
1087 2863 1162 2914 modo
1187 2864 1226 2913 ad
1248 2874 1427 2932 sumptum
1450 2864 1487 2913 ille

438 2962 481 3005 est
493 2950 656 3021 fructus]
706 2950 764 3017 „Ne
789 2950 832 3003 cui
852 2949 961 3021 posthac
985 2949 1111 3002 debuine
1136 2949 1187 3003 loci
1215 2951 1345 3004 sententia
1373 2951 1486 3004 dubitare

439 3059 544 3095 necesse
562 3038 609 3103 sit,
629 3047 746 3091 mentem
765 3038 904 3091 Ciceronis
923 3038 1050 3108 aperiam.
1088 3037 1149 3101 llle,
1174 3038 1276 3109 inquit,
1309 3039 1429 3104 fructus,
1448 3037 1486 3108 qni

439 3127 543 3198 capitur
562 3145 591 3177 ex
612 3124 739 3195 praediis,
770 3125 795 3176 id
816 3137 853 3179 est
871 3137 990 3179 sexcenta
1010 3146 1106 3193 aurea,
1133 3125 1193 3189 HS,
1221 3137 1325 3179 tantum
1344 3127 1435 3192 abest,
1462 3138 1487 3177 ut

438 3213 555 3284 sumptui
575 3211 702 3277 sufficiat,
729 3212 828 3284 qui‘srt
850 3214 878 3266 in
903 3213 1001 3266 auratis
1020 3214 1094 3267 tectis
1121 3214 1269 3285 ceterisque
1294 3214 1377 3266 rebus
1405 3212 1486 3283 magni

438 3301 530 3374 pretii,
551 3313 581 3355 ut
599 3301 677 3355 etiam
697 3300 718 3353 si
736 3300 830 3354 fenore
849 3311 993 3371 augeatur,
1013 3302 1122 3372 exiguus
1138 3301 1184 3354 sit:
1203 3302 1219 3353 i.
1238 3320 1261 3353 e.
1279 3302 1401 3372 sumptui
1421 3310 1487 3353 tanto

437 3410 492 3444 non
524 3389 628 3443 sullicit.
683 3388 824 3460 Approbat
852 3389 921 3443 banc
956 3389 1097 3443 lectionem
1128 3408 1214 3442 meam
1244 3390 1374 3462 antiquus
1400 3389 1486 3442 liber.“

437 3478 536 3532 Utrum
556 3476 685 3547 intelligat
710 3476 809 3530 librum
836 3497 918 3530 manu
947 3478 1092 3550 scriptum,
1118 3497 1152 3530 an
1178 3477 1280 3529 dudum
1309 3478 1412 3533 editum
1437 3496 1484 3529 non

438 3577 509 3639 patet
528 3585 557 3617 er
577 3564 616 3617 bis
634 3564 726 3617 verbis.

507 3671 527 3723 l.
546 3669 734 3723 Gruterus:
754 3669 989 3741 „ndfructum
1006 3672 1052 3723 ille
1071 3682 1112 3723 est
1130 3681 1292 3741 sumptus
1313 3700 1345 3711 -
1365 3672 1486 3742 exiguus]

436 3759 483 3813 Sic
503 3758 565 3812 editi
584 3757 738 3829 antiquitus,
757 3757 794 3810 sic
811 3756 892 3810 MSS.
904 3758 985 3811 nostri
1005 3758 1186 3831 aliorumque:
1205 3757 1288 3810 voluit
1307 3769 1398 3811 tamen
1415 3759 1486 3810 Lam·

436 3846 528 3900 binus:
547 3867 598 3898 non
617 3846 691 3898 modo
711 3846 749 3895 ad
765 3855 936 3914 sumptum
953 3846 999 3899 ille
1011 3847 1181 3918 fructus,
1208 3844 1379 3917 arripuitque
1408 3846 1485 3899 Aldus

437 3953 536 4005 nepos,
571 3935 645 4004 quasi
671 3935 807 3986 inventum
835 3934 862 3986 in
883 3935 944 3988 unis
962 3935 1140 4001 membranis,
1165 3954 1227 3989 cum
1245 3945 1335 3987 tamen
1357 3934 1448 4006 viginti
1465 3944 1486 3985 et

437 4022 551 4093 amplius
572 4033 710 4074 tuerentur
728 4022 886 4092 scripturam
906 4024 1040 4094 priorem,
1067 4045 1134 4097 quae
1155 4024 1206 4076 boc
1224 4022 1291 4075 uult:
1319 4033 1427 4077 tantum
1444 4024 1486 4076 ab·

437 4130 490 4163 esse
509 4122 539 4163 ut
556 4120 675 4163 sexcenta
695 4108 738 4161 illa
757 4110 891 4164 sufficiant
905 4112 938 4164 ad
956 4124 1077 4184 sumptus
1093 4112 1264 4174 domesticos,
1296 4121 1325 4162 ut
1346 4132 1381 4164 ne
1401 4112 1433 4163 ad
1452 4111 1485 4161 l-

438 4219 487 4252 nus
506 4198 615 4270 quidem
635 4198 829 4251 dissolvendum
847 4202 909 4254 satis
926 4201 1005 4255 sint.“

508 4303 527 4357 l.
548 4305 570 4357 F
578 4304 776 4359 acciolatus
804 4305 832 4358 in
856 4306 906 4360 Ed.
924 4308 1013 4363 Patav.
1035 4312 1114 4363 ttto.
1139 4319 1166 4360 et
1184 4306 1287 4359 Veneta
1309 4310 1392 4360 1141.
1415 4305 1488 4359 edidit

438 4403 466 4445 ut
485 4392 517 4460 ii,
549 4413 616 4465 quos
640 4393 758 4465 vulgatos
783 4393 887 4448 dicebat
906 4395 1067 4461 Lambinus,
1097 4396 1135 4449 vel
1162 4395 1250 4468 potius
1279 4407 1309 4449 ut
1337 4393 1416 4466 sylb.
1435 4392 1489 4447 Atd.

439 4480 516 4533 1552.
537 4492 562 4535 et
580 4479 641 4534 Car.
662 4480 752 4552 Stepb.
770 4501 822 4533 non
842 4482 916 4534 modo
935 4484 1167 4555 adsumptum
1187 4485 1421 4556 ittefrucrus
1438 4493 1487 4535 est:
