3517 5450
635 730 829 778 ιιιιιιιοιιοιι
848 733 897 778 ιιι.
926 733 995 779 ιιι.
1012 734 1033 778 ι.
1288 710 1356 781 121

388 887 455 938 Auri
471 899 682 940 naverueoertut
700 888 874 961 gubernator,
899 908 935 940 an
951 892 1046 958 paleae
1056 891 1073 956 ,]
1111 889 1160 944 Ed.
1180 889 1264 942 Suiir.
1289 892 1359 946 Peu.

334 973 410 1029 ravim.
452 970 519 1026 cod.
538 973 644 1028 Suerin.
669 994 704 1027 an
723 978 786 1027 auri
804 993 907 1029 riavem.
955 977 1035 1030 Drsd.
1055 982 1079 1032 5.
1104 980 1231 1046 evertit;
1258 977 1316 1031 Cre.
1335 983 1359 1034 1.

334 1059 472 1128 guberuator
497 1073 612 1113 evertat.
657 1063 749 1117 ltuisb.
774 1066 837 1116 auri
861 1083 1010 1117 massam
1041 1076 1146 1118 evertat
1178 1085 1272 1118 navem
1299 1080 1361 1119 aut

334 1147 417 1212 uoleae,
431 1168 511 1219 supra
530 1149 576 1202 tin.
595 1152 628 1204 ab
647 1151 680 1204 al.
702 1172 736 1204 ιιι.
757 1171 802 1205 aa.
847 1152 933 1206 Habet
960 1163 1010 1204 aut
1037 1153 1114 1207 etiam
1141 1151 1208 1206 Coei.
1233 1154 1312 1207 Drsd.
1334 1160 1360 1208 4.

334 1231 376 1286 Me.
406 1235 504 1299 .‚.ldem
531 1237 679 1308 exemplum
706 1239 827 1294 confutet
857 1238 914 1294 Cic.
940 1240 973 1292 de
997 1239 1077 1294 Finn.
1097 1240 1143 1306 lV,
1162 1244 1205 1305 tt,
1225 1244 1274 1294 tt:
1300 1245 1360 1306 „Ut

334 1319 396 1385 enirn,
413 1323 516 1392 inquit,
533 1323 699 1396 gubernator
717 1344 802 1398 aeque
818 1338 928 1397 peccat,
946 1328 971 1380 ei
984 1328 1127 1397 palearum
1145 1347 1239 1379 nauem
1256 1328 1362 1392 euertit,

334 1415 353 1456 et
367 1409 387 1459 ei
402 1411 475 1461 auri:
493 1412 556 1462 item
574 1431 658 1484 aeque
674 1424 784 1483 peccat,
805 1417 851 1486 qui
867 1425 1009 1485 parentem
1025 1426 1053 1467 et
1072 1417 1119 1487 qui
1137 1435 1242 1468 servum
1259 1416 1361 1468 iniuria

334 1493 440 1552 rermrat.
478 1501 538 1550 Hoc
556 1518 609 1552 non
629 1501 732 1568 videre,
754 1503 831 1554 cuiue
848 1504 953 1574 generis
970 1522 1037 1555 onue
1058 1505 1136 1556 navis
1154 1505 1250 1569 valiat,
1277 1505 1308 1554 iu
1323 1505 1363 1554 ael

334 1581 496 1647 gubernatoris
515 1597 599 1638 artem
617 1589 687 1640 nilril
702 1591 849 1658 pertinere:
868 1592 976 1663 itaque,
995 1609 1091 1645 aurum
1106 1592 1244 1660 paleamve
1260 1601 1361 1661 portet,

335 1667 547 1724 albemariae
565 1676 632 1726 male
650 1676 870 1747 gubernantium,
889 1678 959 1729 nillil
974 1679 1109 1732 interesse.
1147 1681 1189 1732 Ar
1208 1678 1275 1750 quid
1290 1679 1361 1729 inter

334 1770 445 1819 putentem
460 1773 489 1814 et
506 1762 641 1815 servulum
660 1765 781 1828 intersit,
808 1765 926 1838 intelligi
949 1775 975 1817 et
1000 1776 1090 1835 potest
1113 1775 1141 1816 et
1160 1765 1245 1817 debet.
1288 1767 1361 1834 Ergo

334 1839 355 1890 lt
367 1845 529 1914 gubernando
546 1851 628 1915 nihil,
653 1852 681 1904 in
707 1853 803 1925 officio
818 1853 967 1922 plurimum
984 1854 1110 1917 interest,
1137 1873 1189 1925 quo
1213 1854 1241 1903 in
1265 1869 1361 1922 genere

334 1943 438 1992 peccetur.
483 1939 522 1988 Et
538 1938 563 1988 ei
579 1939 608 1990 in
625 1939 685 2008 ipsa
702 1940 896 2012 gubernatione
924 1939 1090 2012 negligentia
1108 1951 1148 1992 eet
1166 1938 1243 1990 novis
1262 1957 1362 2002 euersa,

334 2018 402 2072 tutius
417 2034 455 2075 eet
472 2035 612 2092 peceatum
629 2027 658 2077 in
676 2046 762 2093 auro,
780 2046 861 2100 quarn
879 2028 908 2079 in
918 2028 1009 2096 palea.
1052 2026 1178 2079 Omnibus
1206 2027 1275 2077 enirn
1291 2025 1363 2076 arti-

334 2098 370 2156 lor
387 2110 501 2162 volumue
518 2112 756 2180 attributameam,
774 2133 844 2187 quae
863 2116 1007 2167 communie
1025 2115 1181 2184 appellatur
1196 2114 1359 2198 prurientia,¹

335 2208 395 2257 quarn
411 2215 511 2263 omnes,
530 2200 577 2269 qui
595 2202 690 2271 cuique
709 2203 827 2270 artificio
842 2213 985 2271 praesunt,
1004 2201 1097 2254 debent
1118 2202 1239 2253 taterer‘
1258 2201 1362 2271 Wytt.

334 2277 436 2334 Everrere
453 2284 564 2339 solenne
583 2299 621 2341 est
637 2289 664 2340 in
686 2309 713 2341 re
733 2291 851 2344 nautica:
877 2291 915 2345 eie
944 2311 991 2361 per
1016 2290 1198 2363 metaphoram
1224 2291 1256 2343 de
1282 2290 1360 2341 Prov.

335 2361 396 2422 Cone.
411 2376 439 2425 4:
458 2383 517 2425 turn
535 2377 564 2427 in
582 2376 629 2427 illo
648 2379 798 2450 naufragio
818 2379 908 2442 urbia,
927 2400 1008 2452 quarn
1027 2390 1058 2431 tu
1078 2381 1160 2438 idem,
1179 2381 1226 2452 qui
1242 2377 1362 2448 guber-

335 2469 397 2509 nare
414 2463 555 2530 debueras,
573 2476 762 2519 everteras.
812 2467 853 2520 De
881 2467 946 2537 Rep.
967 2467 987 2533 l,
1009 2471 1071 2522 34.“
1090 2467 1190 2538 Borg.
1238 2465 1307 2518 Add.
1327 2463 1362 2517 Ο.

335 2539 363 2595 Μ.
376 2533 473 2604 Mulieri
493 2550 579 2606 Curae
596 2553 725 2606 secundas
742 2554 776 2606 ad
795 2553 843 2606 Or.
865 2574 915 2624 pro
934 2553 1021 2608 Sestio
1041 2576 1067 2625 p.
1089 2557 1207 2619 13-15,
1228 2552 1274 2624 qui
1294 2553 1363 2604 bene

336 2626 359 2682 de
374 2633 415 2692 bac
432 2661 459 2692 re
478 2641 621 2711 praecepit.
658 2641 717 2693 Μι.

388 2729 412 2777 iu
425 2748 451 2779 re
466 2730 502 2781 al
507 2731 518 2779 i
525 2750 564 2800 qu
574 2719 656 2781 antu
665 2732 701 2797 ur]
721 2729 967 2801 „Aliquantulum,
986 2729 1169 2801 quindecim.“
1189 2726 1259 2780 ΑΜ.
1278 2726 1328 2778 Ma
1338 2745 1365 2777 ιι.

337 2801 386 2863 Col·
407 2814 483 2869 Drsd.
502 2821 528 2871 5.
552 2818 611 2869 iure
636 2818 732 2889 proin
756 2836 783 2869 re
791 2839 801 2879 ,-
828 2817 878 2872 Οιι.
898 2837 927 2879 ψ.
955 2818 1049 2890 aliqua
1057 2829 1148 2879 5turn,
1181 2815 1252 2886 quod
1278 2825 1362 2886 potest

337 2910 376 2949 ⁰⁸⁸³
396 2915 496 2972 ortum,
525 2925 585 2958 cum
614 2906 713 2977 syllaba
740 2907 810 2961 vocis
838 2908 1011 2978 aliquantum
1029 2905 1122 2959 ultima
1148 2905 1174 2956 in
1194 2904 1303 2956 alteram
1323 2923 1364 2955 es-

337 2996 364 3037 ⁸²l
385 2989 476 3045 lineam
507 2996 703 3057 transterenda;
735 3007 821 3067 potest
853 2997 933 3049 etiam
968 3004 1057 3047 ortum
1089 3012 1143 3046 esse
1173 3013 1202 3044 ex
1233 3011 1364 3061 compen-

337 3070 445 3135 dirvocis
465 3083 682 3154 aliquantulum,
709 3105 790 3157 quom
816 3083 918 3136 Gernh.
944 3083 1082 3154 praetulit,
1107 3101 1169 3136 aum
1189 3078 1284 3133 Cicero
1313 3079 1365 3130 hoc

336 3171 388 3218 terte
412 3170 472 3223 ioco
500 3172 660 3241 probaturus
687 3171 738 3225 hoc
756 3173 927 3243 paradoxon,
955 3171 1104 3242 paullulum
1130 3170 1211 3222 modo
1242 3169 1365 3221 interesse

337 3251 426 3313 voluerit
451 3262 478 3312 in
505 3280 547 3325 re,
575 3281 624 3313 nec
652 3280 713 3314 vero
739 3263 800 3314 satis
827 3261 955 3327 multum,
985 3260 1057 3331 quod
1088 3270 1153 3311 esset
1183 3259 1365 3329 aliquantum.

336 3333 360 3392 Εἰ
375 3355 475 3401 tuentur
499 3350 691 3402 deminutivum
719 3348 804 3404 codd.
835 3360 939 3421 praeter
965 3349 1077 3401 Aldinos
1104 3346 1178 3409 illos,
1208 3344 1304 3415 reliqui
1323 3364 1365 3397 sex

336 3422 384 3485 Οιι.
399 3436 453 3492 Cre.
475 3440 500 3490 1.
521 3443 546 3491 2.
564 3440 589 3492 3.
608 3437 688 3491 Dred.
700 3442 724 3491 5.
769 3436 864 3489 Duisb.
883 3447 925 3501 et,
943 3446 973 3487 ut
991 3436 1101 3499 videtur,
1120 3431 1268 3495 Oreliiani,
1287 3431 1365 3483 itern-

336 3525 452 3584 queEdd.
480 3526 622 3598 pleraeque
650 3526 712 3579 inde
739 3547 753 3579 a
779 3525 913 3591 Gentem,
939 3543 1000 3577 cum
1027 3523 1075 3575 Ed.
1099 3522 1161 3574 Asc.
1180 3522 1258 3573 1511.
1312 3517 1364 3569 Sed

335 3614 520 3671 praeferendum
540 3617 621 3667 visum
650 3627 687 3668 est
710 3615 883 3687 aliquantum
908 3633 969 3667 cum
989 3611 1038 3665 Or.
1060 3622 1085 3664 et
1104 3608 1200 3679 Borg.,
1226 3607 1298 3678 quod
1318 3606 1365 3659 ha-

334 3689 461 3758 bentEdd.
489 3714 546 3758 vett.
566 3690 686 3770 nostrae,
711 3716 818 3775 excepta
845 3703 920 3769 Aea,
937 3720 1045 3767 omnes,
1072 3699 1189 3770 itemque
1216 3716 1244 3749 ex
1271 3693 1366 3748 Orellii

334 3778 391 3843 libris
413 3793 460 3845 Ed.
490 3811 547 3864 pre.
578 3792 628 3846 Ed.
664 3813 706 3863 ap.
740 3792 825 3847 Meus.
862 3792 934 3846 Crat.
963 3791 1033 3843 Vict.
1056 3787 1148 3858 Magn.
1177 3785 1249 3838 Man.
1274 3785 1366 3837 Lamb.

334 3864 398 3947 3013.
416 3892 440 3933 et
460 3880 555 3951 reliqui
576 3879 660 3933 Codd.
673 3881 756 3933 nostri
775 3901 876 3933 omines.
914 3880 948 3933 Et
967 3890 1047 3943 recte,
1065 3877 1085 3929 si
1103 3876 1167 3947 quid
1177 3875 1261 3927 video.
1300 3874 1367 3927 Nam

334 3970 441 4033 ¹¹⁰11est,
466 3968 539 4039 quod
564 3980 643 4039 neget
661 3967 774 4034 Cicero,
803 3970 989 4039 aliquantum,
1015 3965 1033 4018 i.
1054 3985 1077 4018 e.
1094 3964 1155 4017 satis
1174 3963 1303 4027 multum,
1324 3962 1366 4012 in-

334 4050 410 4109 teresse
427 4059 454 4111 in
474 4077 517 4109 re:
547 4077 608 4109 cum
628 4057 653 4109 id
672 4057 759 4127 ipsum
779 4057 919 4120 omnibus,
950 4073 1018 4125 quae
1037 4052 1130 4117 essert,
1160 4050 1284 4121 exemplis
1303 4067 1366 4119 pro-

334 4128 406 4199 balum
426 4140 517 4211 iverit,
542 4146 642 4199 etiamsi
670 4144 709 4197 vel
728 4144 875 4215 plurimum
896 4142 999 4196 intersit
1016 4142 1043 4193 in
1064 4159 1110 4206 re,
1133 4138 1238 4208 inipso
1258 4145 1367 4206 peccato

337 4234 387 4281 ”let
403 4247 547 4306 utrumque
568 4235 666 4286 sactum
687 4232 751 4286 nihil
772 4234 906 4286 interesse.
943 4231 1024 4283 Recte
1043 4226 1156 4282 contulit
1173 4225 1254 4294 Borg.
1279 4223 1367 4275 locum

334 4305 443 4380 letina.
466 4325 512 4388 lv,
534 4327 583 4377 24:
607 4321 720 4373 Levatio
742 4321 829 4392 igitur
856 4321 981 4371 vitiorum
1010 4335 1108 4387 magua
1127 4314 1167 4381 fit
1193 4313 1221 4363 in
1247 4311 1294 4372 iis,
1320 4312 1367 4380 qui

334 4402 411 4463 ιρόθιιι
431 4413 468 4462 ud
487 4412 612 4463 virtutem
629 4408 821 4478 progressionis
838 4407 988 4477 aliquan
999 4416 1035 4455 tu
1047 4424 1086 4454 ni:
1114 4402 1158 4455 ubi
1178 4399 1299 4451 Davisius
1324 4418 1369 4449 ea-

336 4501 392 4565 em,
411 4519 492 4571 quam
521 4518 569 4551 nos
592 4496 741 4561 attulimus,
770 4515 847 4548 causa
875 4494 969 4559 allata,
997 4492 1110 4546 correxit
1140 4509 1167 4541 ex
1196 4487 1273 4541 bonis
1296 4486 1370 4539 libris
