3517 5450
679 748 875 798 1111110101
899 751 928 797 v.
960 750 1029 799 aar.
1053 752 1074 797 t.
1329 728 1401 805 213

352 909 504 983 typothetae
535 918 655 962 errorem
687 909 734 962 avi
759 928 809 980 pra
836 910 896 960 cui:
929 908 1104 962 Gernbardus
1129 909 1184 962 duo
1217 907 1401 982 interrogandi

347 1016 416 1087 signa
438 1014 473 1067 de
493 1033 543 1068 suo
561 1013 670 1066 addidit.
706 1012 774 1066 lllnd
792 1012 839 1065 avi
857 1031 919 1067 cum
938 1014 1116 1084 exscripserit,
1140 1015 1210 1068 bene
1233 1025 1323 1068 tamen
1344 1037 1399 1070 non

347 1102 481 1173 exscripsit
499 1100 611 1154 similem
631 1101 658 1153 in
679 1100 729 1153 Ed.
745 1099 894 1154 Graeciana
913 1119 1047 1167 errorem,
1066 1121 1121 1173 quo
1140 1103 1236 1174 aliquis
1258 1105 1340 1175 possit
1357 1106 1400 1158 in·

347 1189 420 1254 duci,
453 1199 484 1241 ut
508 1188 600 1242 credat
617 1186 812 1241 AldumMaa.
841 1199 867 1241 et
890 1187 978 1259 ipsum
1001 1189 1094 1260 legisse
1119 1202 1145 1245 et
1171 1191 1199 1244 in
1218 1192 1399 1264 duodeviginti

347 1274 494 1330 Codicibus
524 1275 652 1347 reperisse
679 1275 798 1347 referent
823 1295 874 1346 pro
906 1277 1041 1348 refrenet,
1067 1277 1140 1348 quod
1164 1278 1284 1350 proximi
1310 1283 1400 1352 sequi·

346 1373 388 1416 tur
404 1363 486 1415 linea.
533 1361 586 1415 Sed
614 1362 714 1416 babent
739 1363 867 1435 quomoda
893 1372 999 1420 autem,
1028 1363 1126 1417 amisso
1145 1367 1201 1429 cai,
1230 1365 1316 1418 Codd.
1334 1366 1399 1421 Oxx.

346 1469 369 1504 a.
386 1467 430 1515 ψ.;
451 1468 505 1521 qua
523 1450 598 1502 moda
616 1460 733 1502 autem
752 1459 804 1503 aut
822 1450 881 1516 cui,
899 1469 961 1504 cum
980 1461 1082 1521 septem
1102 1451 1153 1505 illis
1170 1451 1302 1520 Manutii,
1327 1454 1400 1507 exhi-

345 1538 389 1590 bet
412 1536 484 1590 cod.
510 1536 569 1590 Cra.
594 1541 632 1602 l.;
665 1538 693 1590 in
719 1537 824 1591 (3112.
848 1548 901 1591 est:
936 1539 1067 1610 quomoda
1097 1551 1148 1591 aut
1176 1541 1319 1592 tandem
1347 1546 1399 1598 cui.

344 1624 469 1677 1111112.
491 1624 569 1679 babet
588 1645 640 1698 qua
661 1627 736 1678 modu
753 1636 886 1695 potest,
916 1627 964 1698 qui
981 1646 1034 1679 nan
1048 1637 1153 1697 potest,
1172 1629 1275 1682 omissis
1297 1631 1399 1687 mediis.

344 1709 424 1766 Drsd.
445 1714 470 1766 3.
487 1717 516 1767 4.
535 1711 606 1766 Gud.
623 1712 655 1767 Β.
674 1733 726 1787 quo
744 1714 819 1766 modo
837 1715 955 1785 igitar
973 1725 1025 1767 aut
1044 1715 1096 1770 cui.
1132 1717 1214 1772 Drsd.
1232 1723 1258 1773 5.
1284 1718 1399 1790 impera-

347 1798 386 1852 bit
402 1802 518 1853 animo
536 1800 659 1854 libero·
696 1800 756 1854 Bas.
775 1800 819 1852 cui
836 1799 919 1853 libera
937 1803 1047 1853 tandem
1065 1804 1118 1857 bic.
1155 1803 1216 1857 Mr.

418 1890 515 1940 cui-
535 1888 628 1957 libera]
665 1888 804 1959 „Antiqua
822 1888 881 1941 iure
903 1889 1089 1943 Romanorum
1108 1892 1188 1945 servis
1207 1892 1322 1945 militare
1340 1911 1395 1945 non

345 1979 451 2033 licebat.
488 1975 580 2048 ltaque
598 1977 716 2031 secundo
735 1977 806 2030 bello
826 1977 926 2048 punico
945 1988 1005 2048 post
1031 1998 1149 2050 pugnam
1168 1983 1338 2032 Cannensem
1356 1979 1399 2031 in·

345 2066 406 2136 cpia
424 2064 573 2118 liberorum
592 2062 732 2119 bominum
751 2074 814 2119 octo
832 2063 915 2117 millia
934 2064 1060 2118 iuvenum
1085 2066 1242 2120 validiorum
1262 2087 1291 2119 ex
1318 2067 1399 2121 servi·

345 2154 387 2206 tiis
404 2152 482 2224 prius
509 2163 633 2206 emerunt
650 2163 677 2206 et
694 2153 815 2207 libertate
835 2152 986 2221 donarunt,
1015 2173 1095 2226 quam
1114 2154 1288 2221 armaverint,
1313 2165 1344 2208 ut
1361 2166 1400 2208 est

345 2239 416 2311 apud
441 2239 544 2292 Livium
571 2239 641 2293 libro
659 2240 740 2294 ΧΧ11.
767 2241 803 2308 [c
823 2241 879 2308 51]
928 2243 1048 2295 Auctore
1074 2241 1211 2296 Martiano
1236 2242 1328 2296 lurisc.
1353 2243 1398 2296 lib.

344 2328 447 2401 Digest.
465 2330 510 2382 49.
529 2326 592 2396 [Tit.
610 2327 683 2382 XVl.
701 2329 731 2380 L.
751 2330 807 2396 11.]
827 2328 861 2381 de
880 2347 909 2381 re
929 2328 1048 2396 militari,
1067 2328 1103 2380 ab
1120 2330 1191 2383 omni
1209 2330 1310 2382 militia
1328 2332 1398 2382 servi

343 2415 537 2488 probibentur,
554 2415 658 2488 alioqui
674 2416 763 2485 capite
778 2417 941 2487 puniuntur.
978 2415 1129 2489 Imperator
1147 2417 1243 2488 igitur,
1262 2417 1313 2470 nisi
1330 2415 1399 2470 libe-

345 2504 394 2571 ris,
419 2522 476 2556 non
496 2502 619 2574 imperat.
656 2501 708 2556 Sed
729 2523 762 2556 ne
779 2505 836 2575 ipse
853 2503 962 2575 quidem
980 2504 1127 2576 imperator
1142 2523 1197 2558 esse
1215 2514 1318 2574 potest,
1347 2504 1398 2556 nisi

344 2590 412 2645 liber
433 2590 474 2644 sit.
510 2589 578 2643 Nam
598 2609 679 2644 nemo
697 2591 845 2663 imperator
863 2587 916 2658 est',
936 2593 982 2663 qui
1001 2592 1168 2662 magistratus
1191 2590 1311 2644 nonsit:
1339 2610 1398 2643 ma-

344 2679 470 2751 gistratus
487 2687 576 2732 autem
595 2676 658 2731 solis
676 2677 776 2734 civibus
793 2679 963 2734 mandatur.“
981 2679 1056 2734 Fre.
1075 2678 1166 2751 Sylr.
1203 2678 1246 2732 Ad
1261 2697 1317 2732 rem
1330 2697 1398 2734 con-

343 2768 396 2822 sert
413 2750 518 2821 (iernb.
536 2766 704 2821 Lactantium
724 2765 745 2835 1,
764 2771 789 2834 9,
809 2773 834 2823 5.
865 2769 995 2836 [monitus
1022 2768 1150 2822 nimirum
1171 2788 1186 2822 a
1212 2769 1274 2824 Fcc.
1294 2767 1395 2841 Sylvia,

344 2856 392 2930 qui
410 2854 581 2909 Lactantium
600 2854 670 2909 libra
689 2855 747 2908 Div.
769 2858 832 2910 lnst.
848 2860 876 2910 1.
892 2857 1010 2911 scribere
1027 2857 1072 2922 ait,
1091 2857 1233 2911 Herculem
1249 2876 1304 2910 non
1319 2856 1398 2909 luisse

343 2946 459 3010 sortem,
478 2942 540 3014 quia
559 2943 748 3015 cupiditatibus
765 2944 819 2997 suis
837 2944 971 3016 imperare
990 2964 1045 2998 non
1066 2945 1196 3016 potuerit:
1213 2944 1277 3012 sed,
1295 2944 1317 2997 si
1333 2944 1398 2997 tanti

344 3043 395 3100 est,
423 3043 510 3086 toturn
527 3030 594 3084 illud
613 3042 695 3102 caput
711 3031 877 3102 legendum]
923 3031 998 3086 ldem
1021 3052 1050 3086 ex
1070 3032 1143 3085 Livia
1160 3031 1242 3098 xxtt,
1261 3034 1305 3085 at.
1332 3030 1398 3102 (sci-

343 3121 405 3175 licet
423 3130 454 3173 ut
473 3119 600 3191 probaret
618 3139 673 3173 non
693 3119 796 3174 licuisse
814 3119 896 3173 serris
915 3120 1044 3190 militare)
1062 3120 1142 3174 allert
1157 3119 1264 3186 locum,
1283 3137 1338 3191 quo
1358 3118 1398 3171 le-

342 3209 416 3281 gitur
448 3207 550 3278 legatos
575 3205 759 3278 Syracusanos
786 3208 890 3261 dixisse:
929 3208 1015 3259 milite
1042 3217 1126 3279 atque
1150 3207 1240 3278 equite
1266 3225 1294 3258 se
1321 3207 1397 3259 scire,

343 3298 397 3351 nisi
415 3295 532 3348 Romani
548 3294 696 3365 Latinique
713 3295 841 3362 nominis,
870 3314 924 3348 nan
942 3298 985 3347 uti
1000 3294 1130 3364 populum
1147 3296 1306 3346 Romanum.
1342 3291 1397 3345 Sed

343 3396 416 3440 recte
436 3380 622 3437 animadvertit
639 3382 720 3453 Borg.
738 3382 775 3435 ibi
794 3402 845 3436 nec
863 3382 897 3434 de
915 3379 1005 3433 liberis
1023 3381 1082 3452 agi',
1112 3398 1164 3433 nec
1182 3380 1216 3433 de
1235 3380 1329 3433 semiss
1352 3398 1397 3432 er-

344 3474 412 3527 ravit
431 3492 509 3535 vero,
535 3470 607 3542 quod
626 3471 801 3525 franciscum
821 3470 901 3524 etiam
919 3467 1040 3539 Sylvium
1070 3466 1255 3540 reprehendit,
1283 3464 1358 3537 quasi
1376 3467 1397 3519 is

345 3579 456 3633 quoqne
474 3559 550 3611 illum
569 3558 633 3610 Livii
653 3558 758 3625 locum,
786 3557 852 3611 nibil
872 3556 925 3611 buc
942 3556 1100 3620 facientem,
1129 3553 1279 3626 respexerit.
1328 3553 1396 3606 Nul-

343 3648 401 3702 lum
421 3649 494 3700 enim
513 3645 609 3712 aliurn,
628 3667 709 3718 quam
728 3648 810 3714 XXll,
829 3644 1003 3716 b't.-intelligi
1022 3643 1104 3697 voluit
1129 3642 1191 3697 Fre.
1209 3640 1280 3714 Sylv.
1298 3641 1396 3712 [capite

343 3737 391 3790 illo
407 3746 472 3789 extr.
490 3734 515 3806 §.
533 3736 576 3786 11.
596 3734 637 3787 ed.
657 3734 821 3805 Dralxenb.],
840 3747 870 3790 ut
887 3755 918 3789 ex
936 3734 1040 3799 verbis,
1060 3751 1129 3805 quae
1148 3730 1293 3801 excerpsit,
1311 3749 1395 3802 appa-

343 3834 385 3877 ret
404 3824 555 3876 manifesto.
589 3823 648 3877 Mc.

417 3912 615 3981 cupiditatibus
633 3914 690 3965 suis
707 3913 860 3981 imperare]
896 3913 961 3966 Dua
978 3910 1133 3976 011.,σ.ψ.,
1152 3919 1177 3962 et
1196 3906 1255 3961 Cra.
1264 3910 1296 3972 1.,
1315 3908 1397 3966 omit-

344 4011 405 4055 tunt
423 4000 499 4059 suis;
520 3999 626 4053 inverso
644 3999 738 4053 ordine
755 3997 855 4055 babent
880 4002 939 4053 suis
960 3996 1156 4069 cupiditatibus
1174 3995 1274 4049 Codd.,
1290 3994 1395 4049 Suerin.

344 4075 403 4142 Cn.
413 4090 440 4142 3.
450 4086 531 4139 Drsd.
541 4089 565 4139 1.
575 4093 600 4140 2.
610 4090 636 4141 3.
644 4092 670 4141 4.
683 4086 793 4143 Gudss.
804 4088 864 4142 Bas.
876 4088 940 4142 Exc.
949 4087 1017 4159 Eyb.
1040 4085 1094 4140 Sed
1107 4084 1161 4138 noli
1176 4085 1238 4137 inde
1251 4083 1323 4137 litem
1335 4102 1395 4135 ma-

342 4193 404 4227 xere
424 4174 581 4245 pronomini
599 4175 743 4246 possessivo
762 4177 873 4230 minime
892 4177 986 4230 otioso.
1022 4174 1064 4227 Ad
1075 4174 1239 4227 locutionem
1253 4170 1395 4226 commode

343 4263 449 4317 confert
467 4262 551 4333 Borg.
571 4263 642 4316 Lael.
661 4269 709 4317 22:
737 4265 862 4317 Primum·
876 4264 958 4334 cupi
965 4262 1078 4313 ditati
1085 4260 1148 4313 bu's
1164 4261 1215 4326 iis,
1239 4256 1336 4329 quibus
1354 4276 1396 4308 ce·

344 4351 396 4403 teri
412 4350 553 4416 serviunt,
569 4351 738 4421 imperabunt
747 4372 757 4413 ,-
777 4352 810 4405 de
828 4353 896 4424 Rep.
912 4349 934 4418 l,
952 4353 1012 4406 db:
1044 4368 1104 4401 cum
1122 4348 1162 4410 is,
1180 4345 1228 4417 qui
1244 4344 1396 4411 imperat

344 4439 421 4506 aliis,
439 4439 555 4493 servit
573 4440 628 4509 ipse
644 4439 714 4492 nulli
734 4439 938 4510 cupiditati
946 4459 956 4500 ,·
976 4435 1109 4503 ib.ll,2b.
1140 4433 1183 4486 De
1201 4427 1396 4497 t'inn.ttt,aa:

344 4529 455 4582 Rectius
473 4527 544 4580 enim
563 4525 811 4598 appellabitur
827 4544 887 4593 rex,
913 4544 994 4598 quam
1022 4521 1200 4595 Tarquinius,
1227 4519 1274 4590 qui
1292 4537 1339 4571 aec
1357 4541 1395 4582 se,
