3517 5450
369 742 441 816 130
552 833 557 849 Ι
693 763 874 811 mnsooxa
901 762 1095 810 snotconurr.

369 948 431 981 num
459 927 541 990 ilices,
567 926 613 996 qui
632 950 674 985 —·,
702 939 747 985 ea,
772 939 839 990 quae
869 921 960 990 paneis
984 920 1128 974 interiectis
1156 934 1323 993 sequuntur,
1348 925 1406 992 quasi

368 1015 521 1080 conclusio,
541 1012 664 1083 sequitur
681 1028 760 1080 ergo,
783 1020 813 1060 nt
834 1011 917 1060 etiam
935 1010 1005 1061 vitio
1031 1010 1086 1062 siut
1109 1011 1209 1079 pario,
1236 1031 1251 1063 a
1272 1012 1406 1066 recentiore

368 1103 483 1175 quodam
510 1101 549 1153 vel
575 1100 719 1169 interprete
745 1095 782 1148 vet
808 1107 962 1150 correctore
989 1116 1044 1150 esse
1071 1110 1156 1152 assuta
1188 1111 1294 1166 censet,
1324 1103 1364 1152 cui
1382 1101 1406 1152 ad

368 1189 511 1261 syllogismi
545 1185 779 1239 sormam-iustam
809 1203 838 1236 ea
867 1184 958 1236 deesse
984 1185 1145 1238 riderentur.
1191 1186 1266 1241 llaec
1291 1206 1346 1241 non
1366 1207 1406 1241 esse

369 1276 547 1329 animadversa
566 1276 594 1327 in
613 1273 702 1338 libris,
727 1291 795 1342 quos
820 1271 977 1337 ediderunt,
1004 1274 1213 1343 grammaticisa
1233 1276 1263 1328 1.
1281 1275 1407 1330 llamslror·

369 1365 429 1431 nio,
464 1363 496 1419 Α.
524 1360 716 1423 Grotelendio‚
751 1358 909 1424 Billrothio,
937 1359 1051 1414 miratur
1079 1361 1231 1415 Freundius
1260 1382 1309 1427 eo,
1343 1381 1405 1432 quen

369 1451 546 1516 laudavimus,
574 1449 647 1513 loco,
678 1449 706 1500 in
731 1465 843 1499 censura
862 1444 1064 1501 Grammaticae
1091 1447 1260 1503 Grotesendii
1289 1449 1405 1503 scholasti·

368 1559 422 1594 cae.
478 1537 560 1605 Quod
586 1535 711 1608 quidem,
746 1553 912 1606 quamquam
947 1546 1025 1589 acute
1057 1547 1095 1588 est
1121 1537 1308 1602 observatum,
1334 1536 1405 1607 dupli·

369 1647 427 1681 cem
448 1638 535 1679 tamen
556 1624 594 1677 rel
614 1623 745 1695 triplicem
764 1622 832 1676 adeo
851 1621 931 1676 habet
955 1623 1158 1700 dubitationem.
1202 1625 1325 1679 Primum
1349 1625 1403 1677 enin

368 1715 447 1778 libri,
467 1714 585 1784 quamvis
603 1711 800 1783 aliquantulum
821 1710 932 1776 varient,
953 1722 1042 1764 tamen
1062 1712 1172 1764 nonita
1192 1713 1306 1778 variant,
1323 1710 1403 1764 utindr

368 1803 498 1856 efficiatur
525 1820 643 1872 pannum
663 1799 734 1853 hunc
754 1819 809 1851 osse
834 1799 866 1851 ab
886 1797 995 1851 homine
1019 1798 1144 1870 imperito
1171 1798 1208 1853 rel
1237 1819 1251 1851 a
1277 1795 1402 1869 magistetto
1426 1762 1433 1853 l

368 1892 415 1944 sibi
436 1890 556 1962 placente
575 1900 708 1952 assutum,
728 1887 774 1957 qui
794 1887 955 1939 Ciceronem
975 1885 1052 1941 vellet
1072 1887 1222 1957 corrigere:
1252 1886 1346 1940 deinde
1360 1900 1400 1935 non

367 1999 397 2032 ea
415 1979 511 2042 modo,
531 1997 600 2048 quae
622 1975 721 2028 notavit
739 1975 799 2038 Fr..
819 1974 968 2027 abiicienda
988 1986 1090 2040 essent,
1118 1973 1162 2027 sed
1182 1975 1263 2027 etiam
1282 1993 1347 2044 quae
1361 1983 1398 2024 sta-

368 2068 414 2120 tim
432 2067 642 2136 subsequuntur:
662 2065 791 2134 siquidem
807 2065 963 2131 pravitates
989 2064 1072 2115 onimi
1091 2073 1162 2114 recte
1187 2063 1257 2114 vitia
1277 2062 1397 2112 dicuntur:

367 2155 483 2225 denique
502 2172 532 2204 ea
551 2152 642 2204 omnia
668 2171 723 2204 non
748 2151 872 2205 redolent
898 2150 1054 2205 latinitatem
1076 2150 1264 2221 glossaturam.
1306 2147 1365 2211 Sed,
1378 2155 1396 2197 ut

368 2242 466 2306 fatear,
486 2239 558 2311 quod
578 2251 630 2302 est,
651 2238 741 2291 malim
761 2257 811 2309 ego
839 2258 948 2311 quoque
968 2259 997 2293 ea
1017 2240 1121 2303 abesse,
1147 2239 1249 2309 quippe
1276 2256 1340 2308 (puae
1356 2252 1395 2286 non

368 2328 449 2380 modo
469 2345 576 2380 cursum
597 2327 670 2397 quasi
689 2325 901 2379 ratiocinationis
916 2327 1122 2397 interrumpent,
1140 2327 1185 2380 sed
1206 2327 1286 2381 etiam
1303 2326 1395 2380 alienun

368 2415 433 2486 quid
451 2414 604 2479 intrudant,
638 2414 711 2485 quod
731 2433 790 2466 mor
809 2433 858 2466 suo
883 2426 909 2468 et
937 2414 1005 2469 iusto
1032 2416 1093 2468 loco
1117 2415 1252 2486 sequitur,
1280 2413 1393 2468 nimirum

367 2504 458 2574 Atqui
476 2505 602 2575 quoniam
617 2520 700 2572 pares
719 2505 835 2554 virtutes
856 2513 938 2554 sunt:
964 2515 1035 2556 recte
1055 2505 1154 2575 sacto,
1179 2505 1306 2574 quonium
1321 2522 1336 2555 o
1350 2500 1392 2551 oir-

367 2590 473 2642 tutibus
497 2591 725 2660 proficiscuntur,
750 2592 831 2659 potio
850 2610 907 2643 esse
931 2592 1040 2657 debent,
1070 2594 1185 2663 itemque
1212 2603 1392 2661 peccatoque
1431 2620 1433 2671 p

366 2679 438 2731 niam
456 2697 488 2730 ax
507 2679 582 2734 vitiis
601 2689 727 2744 manant,
748 2680 802 2731 sint
823 2680 953 2750 aequalia
971 2699 1074 2733 necesse
1087 2691 1137 2735 est.
1174 2680 1234 2734 Mr.

440 2770 494 2818 Nec
515 2766 579 2819 bono
599 2769 656 2820 oiro
675 2768 817 2835 iustiorem]
855 2767 960 2833 „Stoici
972 2780 1071 2840 negant
1084 2788 1250 2840 quemquam
1267 2770 1345 2821 virum
1359 2766 1392 2817 bo

367 2873 431 2907 num
450 2873 506 2906 esse
525 2854 575 2906 nisi
593 2856 747 2926 sapientem.
790 2855 945 2926 Sapientem
972 2868 1061 2911 autem
1086 2858 1180 2911 dicunt
1206 2878 1285 2924 eum,
1314 2854 1391 2927 quiin
1417 2862 1420 2869 ’

366 2943 501 3014 perlectus
520 2952 557 2995 est
576 2954 602 2995 et
619 2944 769 3009 absolutus,
787 2954 816 2997 ut
834 2963 929 2997 omnes
948 2946 1050 2999 virtutis
1069 2965 1198 2999 numeros
1216 2947 1318 3009 habeat,
1335 2956 1391 3014 quon

366 3030 526 3099 sapientiam
545 3032 636 3081 adhue
654 3032 777 3083 mortalis
807 3051 881 3085 nemo
899 3044 939 3085 est
966 3045 1140 3099 consecutus,
1167 3044 1197 3087 ut
1221 3035 1258 3088 ait
1276 3036 1361 3087 Cicero
1374 3027 1390 3077 lt
1432 3027 1433 3092 l

365 3117 463 3171 Laelio.
499 3121 532 3169 In
550 3118 584 3169 iis·
603 3129 707 3184 autem,
727 3119 755 3170 in
774 3120 870 3192 quibus
890 3122 1025 3191 sapientia
1041 3123 1166 3194 perfecto
1185 3133 1312 3187 nonest,
1327 3121 1391 3188 ipsu*
1431 3097 1433 3158 l

364 3205 435 3256 illud
453 3205 555 3276 quidem
571 3207 721 3276 perfectum
741 3208 880 3260 honestum
909 3209 985 3261 nollo
1004 3210 1079 3261 niodo
1097 3227 1153 3261 esse
1170 3220 1276 3277 potest,
1302 3208 1344 3262 sed
1362 3201 1390 3254 si·

364 3293 527 3345 militudineo
544 3295 649 3345 honesti
666 3313 723 3346 esse
747 3307 871 3364 possunt.
916 3296 953 3350 Ut
979 3297 1015 3351 ait
1041 3297 1110 3350 idem
1135 3296 1206 3349 libro
1234 3296 1268 3352 de
1298 3288 1389 3350 011111·

363 3380 440 3433 Bono
466 3380 547 3450 igitur
567 3382 622 3434 viro
641 3382 736 3435 melior
761 3402 890 3437 essenon
911 3397 1012 3457 potest,
1043 3384 1105 3439 siis
1128 3385 1239 3438 demum
1262 3386 1388 3439 bonoim

363 3470 409 3541 qui
427 3487 521 3521 omnes
540 3469 641 3522 virtutis
667 3490 795 3524 numeros
813 3472 900 3527 babet.
944 3473 1012 3526 Nam
1039 3473 1129 3544 plures
1153 3472 1221 3524 alius
1243 3471 1388 3525 baberent

363 3558 476 3627 potest.“
495 3556 569 3609 Fre.
588 3556 680 3628 Sylv.
734 3560 823 3613 Locus
843 3561 944 3627 Laelii,
964 3582 1045 3633 quern
1070 3560 1159 3614 laudat
1181 3559 1245 3613 Fre.
1269 3558 1350 3632 sylv..
1365 3560 1388 3607 ttl

362 3650 388 3711 5,
408 3648 456 3708 18;
477 3645 553 3697 locus
572 3647 604 3698 de
623 3646 729 3701 O-lliciis
744 3648 788 3713 ill,
808 3653 835 3715 3,
855 3652 897 3703 13.
943 3649 996 3703 Sed
1016 3661 1078 3703 sunt
1102 3648 1178 3702 multi
1198 3646 1334 3703 Ciceronis
1346 3638 1388 3698 toci

362 3732 474 3803 quibus,
499 3751 567 3802 quae
586 3732 637 3787 hoc
656 3734 716 3789 loco
739 3748 899 3807 tanguntur,
918 3739 1039 3802 virtutes,
1070 3757 1137 3810 quas
1153 3735 1250 3790 dicunt
1268 3729 1387 3792 cardinale!

360 3820 444 3890 (quae
463 3830 501 3872 est
523 3819 601 3873 medii
621 3824 676 3874 aeri
696 3822 825 3891 locutio),
854 3837 1038 3896 exponuntur,
1074 3845 1141 3897 quos
1165 3824 1309 3878 commode
1329 3820 1386 3874 labet

361 3905 487 3959 collectos
504 3906 626 3975 inlibris,
646 3912 692 3981 qui
710 3910 788 3965 hodie
804 3910 884 3982 vulgo
903 3914 992 3966 minus
1009 3925 1072 3967 suut
1091 3914 1157 3979 noti,
1177 3913 1328 3967 utilissimis:
1343 3900 1385 3962 LC·

356 3996 554 4065 Fugmanni
571 3999 660 4051 Veteri
681 4011 706 4053 et
727 4000 800 4053 Nova
818 4000 990 4073 Philosophia
1009 4001 1105 4055 morali
1122 4002 1252 4071 (Wiueb.
1267 4002 1339 4056 tots.
1358 3992 1385 4052 ll

358 4104 384 4155 p.
402 4084 535 4147 65-963
555 4086 661 4138 Iasonis
680 4091 798 4141 Denores
819 4088 988 4144 Institutione
1006 4092 1034 4143 iu
1052 4089 1091 4143 M.
1104 4088 1187 4141 Tullii
1199 4077 1384 4145 Ciceronistli·

358 4169 506 4241 losopbiam
525 4172 559 4226 de
577 4172 638 4225 Vita
657 4184 683 4227 et
701 4175 836 4230 Moribus:
857 4177 900 4231 ed.
915 4176 936 4231 l.
955 4178 1048 4232 Meier.
1065 4178 1137 4249 Lips.
1153 4179 1235 4232 1121.
1254 4180 1280 4232 8.
1297 4160 1382 4227 l‘lexltsj
1426 4159 1433 4230 l

357 4259 387 4329 (i.
406 4277 428 4312 e.
447 4257 486 4313 Μ.
505 4258 718 4329 Brochardi)
743 4264 838 4319 Lexico
858 4265 1048 4338 philosophico
1066 4265 1145 4336 (Hag.
1172 4262 1252 4319 Com.
1270 4264 1340 4317 1116.
1356 4254 1381 4309 l)
1424 4240 1434 4279 l

357 4368 383 4418 p.
395 4349 558 4403 stt-tto.
603 4348 640 4400 Ex
668 4354 861 4407 recentioribus
889 4354 984 4408 confer
1013 4355 1045 4407 E.
1073 4353 1107 4407 G.
1126 4353 1216 4407 [oilie
1247 4350 1341 4405 cono
1359 4336 1379 4389 l‘
1423 4331 1434 4364 a

355 4432 509 4487 Stoicorum
529 4437 624 4507 philos.
643 4439 738 4492 morali
757 4442 1129 4513 (Ation.-1snu.-8.)p.at;
1159 4443 1191 4495 0.
1209 4436 1323 4494 Beisri
1344 4428 1377 4481 [⁴2¹¹
1421 4418 1434 4453 ἃ

356 4538 425 4573 curs.
443 4521 475 4573 X.
492 4523 524 4574 ad
544 4525 599 4577 cte.
619 4526 652 4578 de
668 4525 726 4580 oft.
745 4526 770 4579 l:
798 4528 924 4597 Quatuor
941 4531 1177 4585 virtutisl'ormaes
1199 4550 1226 4601 p.
1246 4512 1375 4584 330411·
1419 4508 1433 4546 ”
