3517 5450
465 694 539 770 262
800 715 974 763 rennuunt
999 714 1194 763 saorconun.

466 878 543 932 Suer.
564 876 654 928 debere
673 887 704 927 te
723 893 789 927 non
809 875 917 928 dixeris.
954 872 1026 924 Tum
1047 870 1127 925 Drsd.
1144 875 1170 925 5.
1190 873 1316 943 quoniam
1336 873 1517 947 quiequam

466 965 562 1017 nihil
580 963 664 1019 debet.
701 962 761 1015 Mt.

535 1052 589 1104 υἱοὶ
607 1052 679 1124 quod
696 1062 737 1103 eet
756 1061 836 1119 turpe
854 1066 906 1101 non
926 1047 1053 1114 reddere]
1073 1044 1141 1103 Cod.
1158 1046 1252 1100 Duisb.
1272 1049 1347 1120 quod
1364 1060 1446 1121 turpe
1463 1061 1515 1113 eet,

464 1159 525 1193 cnm
540 1137 612 1191 Gud.
630 1140 663 1191 Α.
691 1150 717 1192 et
734 1137 802 1191 hanc
827 1134 969 1199 lectionem
998 1135 1171 1188 commendat
1197 1135 1248 1189 Th.
1266 1136 1399 1191 neuun:
1429 1138 1516 1192 eadem

464 1227 587 1298 placebat
603 1223 762 1279 Gernbardo
780 1224 810 1277 in
828 1222 914 1289 Add„
935 1242 1023 1294 neque
1042 1222 1119 1275 nobis
1138 1222 1273 1294 displicet:
1293 1226 1340 1277 aed
1361 1237 1467 1280 mutare
1479 1227 1517 1278 ni-

464 1314 499 1368 bil
513 1313 643 1367 voluimus
661 1326 715 1367 tam
735 1314 827 1385 exigua
838 1313 996 1366 auctoritate
1013 1310 1166 1365 accedente.
1184 1310 1245 1363 llllr.
1282 1311 1352 1379 „Est
1370 1312 1424 1367 boc
1442 1315 1517 1367 instar

464 1402 624 1456 definitionis
642 1403 714 1455 verbi
735 1401 838 1454 debere:
862 1401 970 1472 dequo
990 1399 1040 1452 alia
1060 1399 1141 1452 etiam
1159 1399 1295 1453 annotavit
1314 1399 1400 1454 Barn.
1420 1400 1515 1453 Brieso·

464 1491 524 1544 nius
543 1490 575 1543 de
596 1490 696 1543 Verbb.
715 1489 812 1561 Signis.
830 1509 856 1560 p.
877 1491 955 1542 205.“
975 1489 1154 1558 Wyttenb.
1190 1486 1250 1555 [Ed.
1271 1487 1292 1539 l.
1310 1490 1342 1541 C.
1359 1488 1435 1542 ltter.
1452 1487 1515 1559 Lips.

464 1582 544 1634 1121.
562 1578 580 1630 1.
599 1597 650 1640 m.;
673 1577 718 1630 sed
747 1576 775 1628 in
794 1576 843 1627 Ed.
871 1575 944 1627 Frcl.
964 1574 1087 1628 Wecbel.
1108 1578 1189 1629 1581.
1209 1575 1228 1628 1.
1248 1594 1285 1627 m.
1305 1586 1344 1628 eat
1363 1595 1391 1647 p.
1411 1578 1463 1630 163
1481 1596 1515 1648 eq.

463 1666 532 1719 Add.
552 1664 583 1717 ll.
611 1665 641 1717 E.
668 1662 801 1716 Dirlrsenii
828 1661 955 1716 Manuale
980 1662 1087 1717 Latinit.
1113 1662 1242 1715 Fontium
1266 1661 1334 1715 luris
1359 1661 1416 1715 civ.
1445 1663 1515 1717 Rom.

481 1790 488 1805 .
560 1791 567 1805 .
602 1751 661 1804 Mr.

463 1774 479 1823 p
506 1757 586 1891 2485131
603 1841 669 1890 Ιιαοο
688 1841 840 1907 hoctenem]
866 1838 933 1905 „Est
952 1839 1070 1892 formula
1089 1836 1215 1892 Ciceroni
1236 1838 1381 1908 frequens;
1403 1839 1513 1894 viduit.

463 1926 496 1981 de
515 1926 601 1980 Amic.
621 1930 664 1980 15.
691 1937 716 1980 et
735 1926 768 1978 de
787 1924 868 1979 offic.
887 1925 931 1991 lll,
951 1928 996 1978 2.“
1016 1927 1120 1997 Wytt.
1171 1924 1226 1977 Pro
1256 1926 1324 1976 haec
1352 1937 1391 1979 est
1417 1929 1512 1979 hocin

462 2013 529 2069 Cod.
550 2013 599 2068 Ox.
619 2013 639 2067 l.
688 2013 729 2066 Ad
749 2014 826 2065 verba
852 2014 898 2066 ille
927 2014 1017 2065 videat
1049 2013 1115 2067 Ern.
1135 2011 1287 2065 annotavit:
1320 2012 1385 2079 „De
1413 2017 1511 2087 quoin

463 2103 596 2175 principio
615 2102 715 2156 dictum
736 2104 801 2154 est.“
839 2100 982 2169 „Marcum
1004 2101 1153 2155 Antonium
1173 2099 1210 2153 ihi
1228 2099 1418 2171 significavit.“
1446 2103 1512 2158 Fre.

461 2190 554 2264 Sylv.
590 2190 645 2242 Pro
664 2191 710 2241 ille
730 2190 796 2242 cod.
816 2188 896 2242 Bern.
915 2189 1018 2243 exbibet
1036 2192 1107 2260 ipae,
1125 2188 1220 2243 Lamb.
1237 2188 1289 2239 iate
1312 2207 1376 2242 cum
1398 2188 1445 2242 Ed.
1463 2191 1512 2244 cot.

462 2279 516 2330 Pro
535 2277 626 2329 videat
650 2292 688 2331 est
707 2278 813 2329 viderat
836 2278 863 2329 in
890 2276 970 2331 Drsd.
989 2282 1016 2332 5.
1065 2275 1179 2330 Volebat
1203 2276 1314 2329 sortasse
1341 2278 1458 2336 viderit,
1483 2278 1511 2331 de

462 2384 514 2437 qua
534 2363 649 2417 lormula
671 2364 721 2417 vid.
739 2363 834 2435 Reisig.
854 2364 957 2417 Vorles.
976 2365 1020 2417 tib.
1040 2365 1096 2417 Lat.
1116 2362 1290 2436 Spracbwiss.
1307 2365 1332 2433 ξ
1342 2369 1407 2419 291.
1425 2370 1510 2438 ρ.512.

462 2452 525 2525 ibiq.
545 2464 637 2507 annot.
660 2433 759 2506 'Haasii
778 2456 841 2507 455.
877 2450 937 2507 Mr.

532 2542 659 2613 quomodo
677 2541 822 2612 imperator
840 2559 896 2592 eoae
910 2539 1026 2609 φθαίη]
1052 2538 1215 2605 „Concludit
1233 2558 1282 2610 per
1310 2539 1352 2602 id,
1382 2559 1436 2611 quo
1455 2558 1509 2593 coe·

461 2633 564 2702 perat.“
585 2630 682 2683 Face.
720 2629 934 2699 „lmperatorem
953 2628 996 2682 hic
1015 2628 1137 2681 nominat
1155 2627 1316 2680 Antonium.
1362 2626 1418 2680 Sed
1437 2627 1510 2698 respi-

460 2718 496 2772 cit
514 2715 620 2770 interim
640 2715 673 2769 ad
695 2736 795 2770 nomen
815 2716 899 2787 regis,
924 2715 997 2788 quod
1016 2715 1044 2769 in
1064 2715 1115 2769 lroc
1134 2714 1274 2768 Paradoxo
1295 2716 1466 2770 continetur:
1487 2712 1510 2766 oi

460 2805 537 2867 μόνον
555 2807 584 2856 dl
600 2807 752 2874 ἐλευθέρους
770 2798 836 2856 εἶναι
849 2798 910 2862 τους
929 2799 1038 2869 venetic,
1066 2800 1135 2855 (11.1.ιὶ
1155 2809 1198 2854 καὶ
1215 2805 1357 2871 βασιλέας,
1378 2808 1427 2874 τῆς
1443 2810 1509 2870 βασι·

462 2894 531 2949 λείας
549 2889 627 2961 οὔσης
646 2888 728 2962 ἀρχῆς
747 2888 943 2959 ἀνυπευθύνου,
970 2885 1045 2961 ἣτις
1069 2897 1128 2963 περὶ
1146 2893 1240 2954 μόνους
1260 2886 1291 2943 ἂν
1320 2891 1418 2954 σοφούς
1435 2899 1508 2961 σταίη,

462 2979 536 3030 καθά
553 2997 614 3047 φησι
634 2980 786 3050 Χρύσιππος
804 2983 829 3030 lv
847 2981 886 3047 τῷ
905 2985 963 3049 περὶ
989 2983 1037 3031 τοῦ
1056 2986 1150 3050 κυρίως
1169 2984 1318 3050 κεχρῆσθαι
1337 2980 1447 3050 Ζήνωνα
1462 2992 1508 3038 τοῖς

463 3064 591 3127 ὀνόμασιν.
627 3066 762 3120 Hactenus
779 3066 906 3120 Labrtius.
925 3066 982 3134 [Est
1000 3067 1057 3120 Lib.
1076 3068 1133 3122 Vll.
1150 3066 1240 3137 Segm.
1260 3071 1323 3121 122.
1352 3070 1417 3123 Vid.
1439 3069 1468 3123 F.
1482 3067 1507 3120 ll.

463 3152 497 3206 G.
524 3152 628 3224 Baguet
651 3153 683 3205 de
710 3151 860 3224 Chrysippo
888 3172 915 3223 p.
934 3156 987 3207 850
1006 3174 1045 3225 sq.
1064 3155 1131 3227 ibiq.
1149 3154 1255 3222 lauda,
1285 3156 1332 3209 ubi
1359 3177 1412 3212 nec
1436 3155 1507 3211 nostri

463 3240 584 3295 locifuit
610 3240 778 3307 immemort]
816 3240 869 3294 Sed
896 3242 952 3312 ipae
977 3241 1073 3296 Cicero
1099 3243 1166 3318 baec
1192 3244 1266 3295 miris
1292 3244 1383 3298 modia
1410 3243 1507 3316 exagitat

462 3329 585 3382 adversus
597 3330 727 3382 Catonem
746 3328 774 3381 in
793 3329 915 3384 oratione
933 3350 982 3402 pro
995 3330 1109 3384 Murena
1128 3331 1162 3398 [c.
1178 3333 1328 3400 29-31.].
1354 3333 1426 3388 Sunt
1437 3349 1506 3404 quae-

461 3418 522 3471 dam
542 3416 593 3471 buc
613 3417 771 3487 pertinentia
790 3419 860 3488 apud
880 3417 1012 3473 Senecam
1032 3439 1054 3474 c.
1068 3423 1093 3473 8.
1112 3418 1145 3471 de
1163 3417 1312 3472 Clementia
1333 3420 1375 3487 [ln
1390 3422 1409 3474 l.
1422 3423 1505 3494 puts.

461 3503 502 3558 ed.
522 3503 642 3558 Gro'nov.
662 3505 724 3559 vot.
742 3503 775 3559 ll.
794 3526 818 3577 p.
838 3510 900 3561 281.
918 3509 959 3563 ed.
978 3507 1124 3576 Ficlrert.]“
1142 3507 1164 3558 Χ
1171 3518 1233 3578 yet.
1252 3507 1405 3562 Betulei.

531 3594 619 3662 Quum
636 3611 695 3646 eum
713 3611 746 3645 ne
764 3592 876 3645 liberum
894 3597 1001 3667 quidem
1019 3616 1075 3649 eoae
1087 3626 1121 3635 -
1138 3597 1241 3649 veritae
1259 3597 1323 3665 ipsa
1341 3597 1505 3663 convineat]

461 3680 547 3734 codd.
566 3680 644 3734 Suer.
663 3681 736 3734 Gud.
755 3679 786 3731 B.
813 3700 872 3733 cum
890 3701 950 3735 eum
969 3705 1033 3737 non
1051 3684 1164 3737 liberum
1182 3683 1302 3756 quidem,
1329 3687 1390 3738 Cra.
1410 3689 1436 3741 1.
1458 3701 1505 3738 nec

460 3768 572 3820 liberum
589 3788 659 3836 ease,
679 3769 745 3825 On.
763 3770 781 3821 l.
801 3789 826 3836 η·
845 3787 874 3831 ψ.
902 3788 960 3822 nec
978 3771 1090 3824 liberum
1115 3771 1221 3844 quidem
1239 3788 1313 3838 eoae,
1342 3770 1396 3827 Ox.
1415 3771 1446 3826 E.
1463 3789 1506 3824 ne·

461 3873 521 3927 que
539 3855 649 3907 liberum
667 3857 773 3928 quidem
790 3875 854 3912 eoae.
892 3859 973 3913 Drsd.
990 3864 1032 3913 4.-
1045 3879 1105 3912 eum
1128 3859 1240 3911 liberum
1259 3877 1318 3911 ease
1336 3860 1408 3912 idem
1426 3871 1452 3910 et
1469 3875 1506 3910 ve-

460 3943 531 3994 ritae
548 3952 575 3993 et
593 3943 666 3995 ratio
688 3945 749 4012 ipsa
772 3961 846 3997 conv.
894 3946 974 4002 Drsd.
993 3953 1019 4002 5.
1048 3947 1146 4001 omittit
1170 3965 1261 4000 vocem
1289 3965 1364 4012 ease,
1396 3947 1465 4000 Gud.
1481 3946 1505 3998 A·

459 4048 551 4086 rocem
570 4033 639 4100 ipso.
675 4031 756 4086 Drsd.
777 4037 802 4088 2.
821 4032 900 4088 babet
919 4036 1103 4090 convincatur.
1139 4032 1298 4087 Formulam
1318 4036 1394 4088 ratio
1408 4045 1435 4087 et
1448 4035 1506 4088 veri·

458 4132 503 4172 tas
522 4121 629 4174 variavit
645 4120 750 4177 Cicero.
788 4121 835 4179 Sic
851 4123 883 4178 de
902 4124 952 4179 Or.
969 4126 990 4192 l,
1009 4128 1052 4179 53.
1071 4125 1148 4178 dixit:
1175 4125 1247 4178 ratio
1266 4126 1412 4184 veritatis,
1437 4140 1506 4196 supra

457 4206 552 4262 Parad.
572 4209 593 4274 l,
612 4211 641 4261 1:
661 4229 725 4264 vera
746 4212 832 4279 ratio,
861 4214 934 4285 quod
959 4225 1050 4268 nostro
1072 4212 1133 4268 loco
1153 4233 1203 4285 per
1220 4213 1246 4265 ἓν
1265 4211 1312 4266 ded
1332 4218 1410 4269 δυοῖν
1434 4211 1504 4287 signi·

457 4294 526 4351 teat.
563 4296 622 4351 Nlr.
