3517 5450
775 703 978 752 rnoonurun.
1378 689 1400 761 3

381 859 539 928 Parodana]
564 858 718 915 Admodum
743 863 843 918 variant
873 875 903 918 ut
920 864 976 918 lere
993 864 1037 932 fit,
1060 865 1121 921 libri
1144 877 1170 921 et
1187 867 1278 940 scripti
1296 880 1322 923 et
1340 871 1402 927 editi

351 947 375 1001 iu
391 944 569 1018 inscriptione
587 947 680 1003 libelli.
714 946 760 1004 Sic
778 948 847 1005 cod.
864 949 910 1006 Cr.
925 955 950 1006 1.
975 951 1067 1008 habel:
1095 957 1186 1008 Marci
1207 958 1280 1011 Tulli
1299 960 1402 1014 Cicero-

350 1037 388 1089 nir
405 1036 572 1095 Parada-rat
592 1032 638 1089 Cr.
651 1041 677 1091 2.
695 1039 786 1090 Marri
807 1039 892 1091 Tullii
909 1041 1040 1094 Ciceronis
1058 1041 1123 1096 liber
1142 1045 1173 1096 do
1189 1047 1342 1102 Paradoxia
1359 1049 1403 1103 in-

351 1125 408 1194 cipit
418 1143 429 1185 ,·
454 1120 501 1176 Cr.
520 1126 546 1178 3.
566 1123 644 1176 Drsd.
667 1129 690 1179 2.
709 1129 735 1180 d.
755 1137 848 1183 carent
865 1126 1055 1200 inscriptione;
1081 1130 1161 1184 Drsd.
1181 1134 1207 1185 1.
1226 1131 1342 1189 erhibet:
1361 1139 1402 1188 M.

353 1216 378 1266 T.
398 1212 532 1264 ciceronis
554 1210 620 1264 libor
637 1213 843 1267 Paradoxorum
862 1215 977 1284 incipio
1005 1215 1085 1270 Drsd.
1104 1221 1128 1274 3.
1153 1222 1194 1272 M.
1218 1223 1248 1274 Τ.
1270 1222 1401 1274 Ciceronis

350 1301 383 1350 ad
399 1304 519 1352 Brutum
539 1300 683 1352 Paradosa
700 1300 850 1370 incipiunt,·
870 1299 986 1375 Guelplr.
1003 1304 1083 1357 Liber
1100 1304 1131 1358 de
1145 1305 1298 1360 Paradoxis
1311 1309 1402 1361 Marci

353 1389 421 1441 Tulli
438 1388 589 1448 Οἰοενοηίνς
614 1386 685 1442 Gud.
703 1388 734 1443 B.
753 1388 792 1444 M.
816 1390 892 1443 tullii
918 1391 1050 1444 Ciceronis
1073 1393 1157 1463 incip‘
1170 1395 1316 1463 paradoxa
1333 1397 1401 1449 stoi-

351 1493 453 1536 carm,-
472 1474 567 1530 Duisb.
585 1477 716 1530 Ciceronis
729 1479 887 1533 Parodana.
924 1480 954 1534 ln
973 1479 1041 1534 Edd.
1061 1479 1194 1553 plerisque
1212 1482 1345 1557 inscriptis
1362 1496 1402 1540 est

351 1567 385 1614 M.
401 1567 432 1617 Τ.
448 1568 477 1618 G.
489 1564 657 1626 Paradoxar
675 1564 704 1618 in
724 1564 814 1619 multis
831 1569 871 1619 M.
892 1570 921 1620 T.
941 1571 970 1622 0.
987 1570 1135 1620 Parodana
1154 1569 1192 1621 ad
1207 1573 1248 1624 M.
1265 1576 1399 1632 Brutum,-

351 1653 372 1705 in
390 1651 483 1724 paucis
502 1657 541 1708 M.
564 1656 594 1708 Τ.
614 1656 641 1707 0.
660 1653 808 1705 Paradoxa
825 1653 975 1707 Stoicorum
994 1657 1032 1707 ad
1048 1660 1089 1710 M.
1111 1661 1241 1713 Brutum,
1269 1669 1298 1712 ut
1318 1658 1400 1714 edidit

352 1739 591 1808 Gerrhardur,
610 1758 691 1814 quem
712 1759 761 1795 nas
777 1742 924 1813 sequimur.
943 1742 1003 1797 Mr.

413 1831 575 1898 Paradaxa]
595 1829 691 1895 „Sicut
707 1828 879 1901 Pythagorici
898 1831 1019 1902 symbola
1039 1832 1170 1904 quaedam
1188 1833 1340 1889 habuerunt
1358 1844 1398 1889 at-

352 1937 396 1988 que
414 1937 496 1972 aurea
515 1928 672 1990 praecepta:
689 1917 729 1972 sic
746 1918 831 1973 Stoici
851 1919 988 1989 παράδοξα
1003 1941 1049 1974 sua
1069 1921 1193 1993 dogmata
1213 1923 1397 1989 nominarunt,

353 2026 411 2078 quae
430 2004 528 2061 Cicero
554 2025 609 2060 non
633 2026 689 2061 uno
715 2005 777 2061 loco
804 2008 976 2062 admirabilia
999 2010 1202 2080 interpretatur,
1226 2010 1294 2063 sicut
1318 2009 1397 2064 etiarn

353 2093 440 2148 Graeci
459 2090 607 2156 θαυμαστά
625 2106 651 2148 et
669 2090 860 2165 α’νιροςδόκητα,
880 2115 912 2149 eo
933 2096 1005 2168 quod
1019 2097 1071 2150 sint
1084 2097 1212 2168 opinione
1225 2108 1252 2151 et
1264 2108 1399 2168 exspecta·

353 2183 414 2237 tione
434 2183 599 2238 maiora..·-
626 2181 748 2249 Stoicos,
776 2182 890 2254 opinor,
919 2183 1044 2255 Epicurei
1069 2195 1130 2238 sunt
1146 2184 1257 2249 imitati,
1285 2185 1332 2256 qui
1350 2203 1398 2237 sua

355 2270 468 2344 logmata
487 2278 579 2342 κυρίας
598 2267 675 2330 δόξας
693 2269 829 2342 appellare
848 2281 910 2325 sunt
927 2271 993 2325 ausi:
1019 2274 1117 2336 titula,
1134 2283 1164 2331 ut
1181 2271 1284 2325 Plinius
1301 2272 1398 2345 inquit,

354 2371 548 2431 propterquam
567 2359 746 2412 vadimonium
765 2360 849 2412 descri
862 2361 979 2429 posait.“
1016 2360 1110 2432 Xyst.
1127 2351 1322 2414 Betuleius.

413 2447 575 2512 Parodana}
602 2445 707 2520 Scripta
726 2446 848 2501 ridentur
871 2450 941 2502 intra
966 2448 1121 2512 biennium,
1148 2467 1202 2519 quo
1222 2446 1318 2502 Cicero
1338 2449 1397 2504 risit

356 2545 401 2602 pon
414 2534 534 2590 Caesaris
550 2549 652 2589 necem.
687 2531 842 2605 Παράδοξα,
859 2555 928 2606 quae
946 2547 1007 2589 sunt
1025 2547 1130 2606 praeter
1147 2534 1268 2587 omnium
1289 2537 1396 2606 opinio-

356 2639 419 2690 nem,
442 2634 470 2677 et
485 2622 692 2679 admirationem
711 2633 829 2675 movent.
864 2621 1042 2692 Exponuntur
1059 2642 1074 2675 a
1093 2620 1225 2676 Cicerone
1243 2621 1276 2674 nd
1299 2642 1396 2693 quarn-

355 2709 403 2766 lam
418 2710 497 2767 veluti
514 2710 628 2766 senilem
647 2709 878 2777 declamationem,
899 2723 930 2766 ut
949 2711 1005 2784 ipse
1024 2731 1083 2765 eam
1103 2720 1178 2765 vocat
1196 2709 1223 2764 in
1242 2709 1352 2765 Tuscul.
1370 2714 1396 2764 1.

355 2818 400 2873 cap.
416 2806 441 2857 4.
480 2804 573 2872 ltaque
590 2799 682 2855 scribit
699 2800 847 2855 Suetonius
864 2800 898 2853 de
916 2798 987 2854 Clar.
1004 2798 1112 2855 Rhetor.
1130 2819 1153 2855 c.
1172 2801 1198 2852 1.
1235 2796 1395 2860 Ciceronem

355 2888 473 2943 seniorem
491 2907 603 2961 quoque
623 2886 789 2941 declamasse.
808 2888 830 2940 F
837 2908 904 2943 acc
943 2887 1002 2943 Cic.
1018 2889 1052 2942 de
1069 2888 1091 2941 F
1093 2888 1129 2941 in.
1142 2887 1188 2954 lV,
1204 2891 1246 2953 2⁶1,
1261 2891 1305 2941 74.
1325 2891 1396 2939 Nam

355 2993 377 3026 ec
391 2978 488 3029 eisdem
507 2975 646 3029 verborum
662 2977 819 3046 praecligiis
837 2987 864 3029 st
890 2994 973 3049 regna
997 2987 1066 3028 nata
1090 2975 1162 3029 vodis
1185 2974 1308 3044 (Stoicis)
1331 2985 1397 3027 sunt

355 3073 374 3112 el
388 3064 514 3134 imperia,
537 3072 566 3114 ct
584 3062 711 3127 divitiae,
735 3074 764 3114 et
782 3073 879 3116 tantas
898 3064 1017 3135 quidem,
1042 3075 1073 3114 ur
1091 3064 1193 3126 omnia,
1212 3080 1281 3134 qnae
1300 3060 1398 3132 uirique

355 3153 405 3215 tint,
421 3150 555 3221 sapientia
568 3167 630 3204 osse
648 3151 762 3204 dicaris.-
791 3151 877 3204 solum
894 3161 1039 3221 practerea
1049 3151 1210 3221 formosum,
1227 3150 1314 3202 solam
1331 3146 1397 3200 lidr-

355 3256 413 3305 rum,
430 3240 518 3292 solum
537 3239 634 3294 civem:
661 3238 809 3291 stultorum
826 3238 914 3293 omnia
934 3239 1084 3296 contraria,
1103 3257 1170 3309 quos
1187 3237 1270 3288 etiam
1287 3237 1396 3288 insanos

354 3328 513 3381 anaunia.
575 3329 653 3380 Haec
678 3326 814 3397 παράδοξα
843 3326 900 3383 illi,
933 3345 980 3378 noa
1009 3323 1238 3382 admirabilia
1261 3322 1395 3381 ,dicamus-

355 3414 523 3481 Quirinalem
540 3411 641 3465 habeas
659 3413 863 3476 adsentationis,
889 3431 949 3463 cum
967 3429 1048 3479 propo
1066 3406 1232 3461 accesseris?
1260 3408 1396 3479 conferam

355 3507 440 3565 lecum,
467 3520 550 3573 quam
575 3500 670 3572 cuique
696 3498 774 3553 verbo
798 3518 852 3551 rom
870 3497 1014 3566 subjicias,
1039 3497 1116 3548 nullo
1134 3495 1186 3547 erit
1207 3495 1395 3547 controversia.

356 3598 374 3640 et
385 3588 465 3643 Acad.
482 3588 530 3655 lll,
547 3592 593 3655 44,
614 3591 675 3644 136.
698 3598 762 3641 sunt
781 3589 850 3640 enim
868 3587 1009 3639 Socratico
1024 3586 1155 3656 pleraque
1173 3580 1308 3634 mirabilia
1322 3581 1397 3635 Stoi-

357 3690 446 3739 corum,
463 3694 534 3749 quus
553 3671 689 3745 παράδοξα
707 3676 890 3730 nominantur.
922 3672 981 3728 Mr.

412 3764 572 3831 Parodana]
590 3762 635 3829 „A
653 3762 751 3818 Stoicis
767 3773 897 3818 vocantur
914 3760 1023 3825 decreta¹
1039 3757 1236 3832 philosophiae,
1256 3776 1324 3829 quae
1341 3755 1396 3809 eins

358 3847 472 3922 inperitis
489 3846 564 3921 nond
582 3852 660 3912 δόξαν
678 3851 696 3905 i.
709 3872 732 3905 e.
752 3863 859 3923 praeter
872 3851 1038 3921 opinionem,
1056 3849 1197 3901 abrorum
1211 3865 1289 3899 sensu
1303 3855 1396 3917 captu·

358 3953 397 4003 qne
415 3938 501 3993 aliena
520 3949 589 4001 sunt
634 3938 681 3993 Sic
699 3940 726 3992 in
745 3939 854 3992 Arriani
873 3936 1036 3991 Commentt.
1053 3936 1167 4009 Epictet.
1186 3938 1212 4001 1,
1232 3938 1267 3990 25
1290 3945 1340 3987 erl:
1369 3938 1397 3983 al

359 4011 390 4073 ela
406 4023 572 4091 cananaeis,
591 4031 613 4079 ri
631 4033 676 4080 καὶ
694 4031 719 4079 ἓν
738 4029 875 4095 φιλοσοφίᾳ
895 4022 978 4080 nolli
993 4031 1045 4077 τῶν
1060 4020 1171 4093 ἀληθῶν
1185 4019 1322 4093 παράδοξα
1336 4027 1396 4081 φαί-

359 4126 414 4162 nrm
430 4127 486 4173 τνῑς
504 4110 633 4185 (insicum
671 4114 775 4172 Seneca
793 4115 876 4187 Epist.
894 4118 944 4169 81:
974 4118 1034 4165 Hoc
1053 4112 1153 4183 aliquis
1177 4110 1248 4162 inter
1271 4109 1322 4160 illa
1344 4127 1397 4159 nu-

361 4211 435 4266 merat,
455 4220 525 4275 quae
545 4204 665 4256 videmur
683 4204 873 4273 inopinata
891 4201 1012 4255 omnibus
1029 4200 1129 4251 dicere:
1149 4197 1287 4268 παράδοξα
1302 4192 1397 4245 Graeci

362 4294 468 4345 vaeanr.“
496 4282 604 4362 Wytt.
642 4290 724 4359 Quod
748 4302 837 4345 autern
863 4290 901 4343 ait
923 4286 1083 4351 Plutarchus
1106 4286 1134 4339 in
1160 4284 1230 4337 libro
1254 4282 1287 4335 de
1311 4276 1397 4331 Corn·

364 4386 437 4431 rnunu.
453 4379 549 4433 Narin.
567 4378 624 4433 ade.
641 4377 746 4434 Stoicos
766 4383 837 4448 (περὶ
855 4380 908 4430 τῶν
929 4378 1019 4429 κοινῶν
1037 4378 1136 4427 ἐνναίων
1154 4368 1218 4441 πρός
1237 4364 1298 4425 ϊοῑῗς
1311 4369 1397 4417 510²-

302 4505 306 4514 ·
365 4459 418 4530 alig)
435 4467 465 4534 ll,
485 4488 512 4539 p.
532 4470 611 4520 106⁰.
628 4466 668 4519 A:
686 4464 704 4518 ii
722 4464 758 4536 lq*
777 4465 914 4536 παράδοξα
932 4470 977 4517 καὶ
997 4461 1073 4515 αὐτοὶ
1091 4457 1146 4522 μετ’
1155 4456 1271 4514 εὐκολίας
1289 4453 1395 4519 διχόμν-
1428 4535 1430 4540 Ι
