3517 5450
363 683 410 754 14
680 703 851 750 rananoxs
878 703 1071 750 sromonuu.

361 866 530 932 Stoicorum,
548 864 593 917 sed
613 861 736 916 adhibitis
754 861 921 916 ornamentis
937 862 1076 932 oratoriis,
1100 881 1169 934 quae
1186 861 1268 933 vulgo
1286 881 1301 914 a
1320 860 1408 916 Stoicis

361 955 595 1026 negligebantur.“
630 956 727 1020 Stoyoe
750 970 800 1021 pro
825 950 908 1002 stoice
931 953 1061 1023 seriptum
1087 961 1125 1005 est
1147 951 1175 1003 in
1198 949 1288 1003 Codd.
1313 947 1371 1002 Cra.
1388 953 1406 1001 2.

361 1042 442 1096 Drsd.
461 1045 487 1094 l.
530 1043 560 1094 ln
580 1038 639 1094 Cra.
656 1042 682 1094 3.
701 1049 741 1091 est
757 1038 842 1091 solum
862 1059 913 1110 pro
932 1041 1013 1104 solet,
1041 1039 1070 1093 in
1096 1038 1176 1091 Drstl.
1195 1042 1221 1091 5.
1239 1038 1309 1088 solet
1328 1038 1407 1101 stoice,

362 1129 468 1184 inverso
487 1127 596 1191 ordine;
615 1128 644 1180 in
660 1125 747 1179 Codd.
766 1123 826 1178 Cra.
840 1128 865 1178 1.
884 1125 965 1182 Drsd.
982 1132 1008 1181 5.
1027 1127 1171 1198 postestas
1190 1126 1279 1179 statim
1299 1125 1407 1198 sequitur

361 1219 454 1270 elicere.
490 1217 569 1270 Drsd.
586 1219 612 1269 4.
637 1214 735 1268 omittit
758 1214 789 1264 de
814 1213 866 1265 diis
890 1214 1086 1269 immortalibus
1093 1234 1103 1275 ,·
1131 1212 1200 1267 cod.
1221 1211 1269 1267 Cr.
1288 1216 1316 1269 3.
1341 1214 1406 1267 babet

361 1305 414 1356 biis
434 1323 484 1376 pro
504 1305 584 1360 Diis.v
612 1301 673 1355 Mr.

432 1391 553 1445 Nullis
570 1390 696 1443 oratoriis
714 1387 877 1441 ornamentis
895 1387 1036 1458 adhibitis]
1058 1390 1101 1455 „A
1121 1388 1196 1443 libris
1215 1389 1273 1443 lere
1291 1389 1405 1443 omnibus

360 1479 492 1535 veteribus
510 1478 584 1531 abest
600 1477 698 1542 nullis,
723 1477 751 1529 in
774 1495 829 1528 uno
849 1487 888 1534 est
906 1477 949 1528 vel
966 1496 1016 1546 pro
1035 1478 1133 1529 nullis:
1161 1497 1191 1531 es
1210 1497 1267 1549 quo
1287 1477 1404 1549 suspicor,

359 1567 444 1619 nullis
461 1565 632 1618 librariorum
652 1562 732 1635 culpa
751 1582 766 1616 e
785 1563 859 1616 libris
881 1564 1014 1616 veteribus
1035 1565 1184 1618 evanuisse:
1211 1565 1286 1636 quod
1306 1563 1403 1620 restitui.

361 1654 445 1725 ldque
463 1672 495 1706 eo
513 1653 639 1706 fidentius
656 1651 718 1718 sesi,
738 1651 810 1724 quod
830 1651 858 1703 in
878 1670 934 1704 uno
953 1672 1041 1723 eoque
1059 1652 1247 1723 antiquissimo
1266 1655 1356 1705 Stoico
1371 1673 1404 1706 so-

360 1742 398 1793 let
418 1742 545 1794 oratoriis
562 1744 725 1793 ornamentis
742 1757 807 1792 reon
825 1738 973 1791 adhibitis:
1001 1759 1166 1811 quamquam
1190 1759 1244 1792 non
1269 1751 1403 1808 transversa

361 1828 430 1883 linea
449 1851 463 1883 a
483 1831 573 1883 nescio
593 1848 648 1900 quo
667 1827 821 1882 confossum
842 1829 927 1879 erat.“
953 1825 1109 1883 Lambiu.
1145 1827 1196 1892 „lu
1214 1828 1285 1881 Cod.
1306 1828 1402 1898 antiquo

360 1936 416 1970 non
435 1918 540 1989 reperio
558 1918 650 1969 nullis.
692 1915 771 1983 Quae
789 1913 868 1967 lectio
887 1915 908 1967 si
928 1933 988 1967 rere
1005 1926 1087 1980 esset,
1113 1917 1269 1970 conveniret
1288 1937 1350 1972 cum
1367 1936 1402 1969 eo:

359 2008 423 2058 Feci
439 2006 522 2056 etiam
539 2005 687 2056 audacius:
717 2003 762 2056 sed
788 2003 820 2055 ab
845 2000 892 2054 illo
919 2002 1094 2073 discreparet:
1121 2006 1149 2055 in
1175 2023 1207 2054 ea
1235 2006 1344 2058 haeresi
1365 2015 1402 2064 est,

360 2115 429 2168 quoe
451 2094 557 2148 nullum
581 2092 703 2164 sequitur
724 2091 819 2144 florem
844 2090 974 2144 orationis
998 2093 1067 2145 etc.“
1094 2091 1166 2145 Fre.
1187 2091 1284 2164 Sylr.
1330 2093 1400 2160 „Fere

360 2201 454 2238 omnes
471 2181 532 2233 libri
551 2180 650 2233 babent
666 2180 767 2232 nullis:
788 2178 834 2234 sed
853 2179 881 2232 in
902 2180 970 2232 Ven.
989 2179 1073 2232 nullis
1089 2181 1218 2233 omissum
1239 2180 1321 2246 facit,
1338 2181 1401 2234 utde

360 2269 438 2322 buius
456 2266 508 2319 loci
528 2267 635 2318 veritate
654 2266 837 2337 quaerendum
853 2265 1006 2336 diligentius
1023 2287 1078 2320 esse
1094 2268 1221 2323 rideatur.
1259 2269 1349 2342 Atque
1362 2286 1400 2337 ego

360 2355 469 2427 quidem
488 2355 606 2406 Venetae
624 2353 732 2406 lectioni
751 2354 889 2406 assentior.
925 2354 993 2406 Nam
1020 2366 1048 2408 et
1071 2355 1137 2411 alibi
1161 2355 1334 2428 eloquentiae
1356 2357 1399 2410 lau·

360 2443 422 2497 dem
441 2440 537 2505 Catoni
556 2441 649 2496 tribuit
668 2440 779 2509 Cicero,
798 2454 824 2496 et
843 2441 951 2495 ordiens
969 2443 1041 2497 clare
1058 2442 1111 2498 boo
1131 2444 1208 2512 dixit,
1227 2446 1344 2500 dicendo
1359 2443 1398 2498 Ca-

360 2543 451 2586 tonem
471 2522 661 2595 consecutum,
685 2541 715 2584 ut
735 2529 824 2585 Stoica
844 2532 923 2584 etiam
943 2532 1046 2602 populo
1065 2533 1213 2603 probabilia
1234 2534 1398 2589 viderentur.“

360 2619 531 2677 Camerar.
578 2617 676 2686 „Quae
695 2619 818 2691 superius
838 2620 872 2672 de
891 2619 1002 2673 Catonis
1022 2620 1174 2692 eloquentia
1193 2633 1256 2675 sunt
1274 2623 1396 2694 disputata,

359 2707 476 2775 faciunt,
500 2717 529 2760 ut
547 2705 694 2760 Camerarii
713 2728 841 2762 censurae
860 2720 886 2762 et
906 2708 1012 2762 lectioni
1032 2710 1150 2764 Venetae
1169 2709 1296 2766 libentius
1313 2710 1395 2781 astipu-

359 2794 399 2848 ler
417 2805 443 2848 et
460 2795 545 2847 nullis
564 2799 741 2866 expungam.“
763 2798 853 2867 Xyst.
872 2797 982 2851 Betui.
1223 2786 1228 2799 ’

433 2884 566 2937 Oratoriis
585 2885 758 2953 irritamentis]
780 2883 925 2956 „Plerique
939 2885 994 2939 cusi
1011 2886 1215 2955 praemittebant
1233 2886 1325 2950 nullis,
1341 2880 1394 2956 quod

359 2992 415 3027 non
435 2971 525 3024 visitur
543 2970 571 3023 in
591 2970 746 3025 melioribus
764 2973 943 3039 membranis,
972 2975 1111 3045 mirorque
1133 2992 1281 3044 agnoscere
1301 2992 1348 3043 pro
1361 2988 1395 3040 gt·

359 3060 444 3114 nuino
462 3059 638 3125 Lambioum,
666 3078 729 3114 cum
752 3060 778 3113 id
803 3061 890 3131 ipsum
911 3072 1020 3131 spernat
1038 3064 1124 3127 ratio,
1147 3073 1174 3115 et
1197 3062 1306 3116 dicendi
1330 3070 1394 3113 artem

360 3147 460 3200 tribuat
479 3144 575 3199 Catoni
593 3145 697 3198 Tullius
721 3146 749 3199 in
775 3145 861 3214 Bruto
887 3167 910 3201 c.
929 3151 973 3214 31,
997 3159 1027 3201 ut
1051 3149 1222 3203 adnotaverat
1247 3145 1393 3207 Gutietmius

359 3234 405 3306 qui
425 3245 573 3287 cumesset
591 3233 618 3286 io
638 3233 697 3287 MS.
714 3235 890 3302 hortatoriis,
914 3236 942 3287 id
961 3235 1020 3290 beia
1037 3236 1128 3299 losum
1146 3237 1246 3296 habere
1267 3257 1341 3309 posse
1356 3252 1393 3305 pt·

358 3323 459 3377 tabat.“
478 3321 574 3375 Grut.
611 3323 725 3390 „Nullis
743 3334 815 3377 recte
833 3324 995 3390 deleverant,
1015 3326 1068 3378 iam
1087 3338 1150 3380 ante
1165 3324 1324 3391 Gruterum,
1341 3323 1392 3375 Len·

353 3410 461 3481 ¹giuset
480 3410 627 3477 Manutius,
643 3410 824 3483 adplaudente
843 3412 991 3474 Pitboeaoo
1009 3424 1036 3467 et
1053 3413 1127 3467 libris
1145 3414 1202 3466 aliis
1222 3412 1392 3468 vetustioribus.
1440 3476 1441 3484 ἶ

357 3498 434 3553 Hanc
451 3500 611 3571 scripturam
630 3500 722 3554 asserit
741 3501 834 3556 vocula
853 3502 1001 3566 duntaxat,
1019 3521 1088 3573 quae
1107 3502 1252 3574 praeeedit,
1274 3521 1341 3574 quae
1355 3516 1392 3550 ro·
1439 3553 1441 3560 A

351 3597 397 3648 =tat
409 3588 515 3649 saltem,
533 3588 676 3639 minimum.
715 3593 781 3641 caro
800 3600 892 3642 autem
910 3591 1048 3643 duntaxat
1067 3590 1099 3640 de
1117 3591 1306 3661 magnitudine
1323 3583 1391 3641 anitii.

357 3673 409 3727 hoc
425 3686 476 3729 est:
494 3674 590 3727 sinon
610 3676 642 3727 de
658 3676 760 3742 ceteris,
779 3679 812 3729 de
831 3677 1018 3749 magnitudine
1038 3678 1119 3740 animi
1138 3677 1242 3743 saltem,
1261 3678 1346 3731 dicere
1359 3689 1390 3723 ⁵⁰·
1438 3720 1441 3746 Δ,

357 3761 430 3815 lebat
450 3760 574 3817 adhibitis
597 3766 762 3818 ornamentis
782 3767 914 3820 oratoriis.
950 3766 1018 3819 Nam
1038 3765 1168 3831 Catonem
1186 3765 1315 3834 disertum
1332 3763 1390 3816 tuisse
1437 3805 1441 3832 ,

358 3850 440 3903 modo
460 3843 624 3904 ostensum.“
640 3851 767 3907 Graes.
805 3855 866 3907 Atdi
879 3866 992 3921 autem,
1011 3874 1092 3926 quern
1110 3853 1200 3910 laudat
1220 3853 1332 3919 Graan,
1346 3846 1390 3903 tta·
1440 3916 1441 3924 ἵ

358 3936 425 3989 ontii
449 3936 515 3992 baec
539 3949 578 3993 est
602 3942 754 4006 annotatio-z
783 3942 862 4009 „Non
891 3943 1005 4009 dubito,
1028 3943 1093 4015 quin
1120 3941 1186 3996 baec
1213 3943 1292 4002 verba
1319 3942 1389 3993 saecul

357 4026 431 4078 omui
450 4027 560 4081 mendo.
595 4026 649 4081 Sed
668 4029 797 4100 quoniam
817 4031 939 4084 dubitare
959 4032 1033 4083 video
1053 4030 1175 4083 homines
1192 4029 1312 4097 eruditos
1324 4020 1390 4080 etti·
1440 4066 1441 4069 ,

356 4112 420 4179 dere
440 4116 608 4185 negationem
629 4117 721 4181 nullis,
740 4138 809 4188 quae
827 4130 865 4171 est
883 4119 911 4171 io
931 4138 973 4171 sex
993 4120 1067 4186 meis,
1086 4138 1142 4171 non
1160 4118 1268 4184 faciam,
1291 4118 1311 4170 si
1329 4109 1389 4173 modo
1440 4157 1441 4165 κ

357 4202 485 4273 consequi
505 4213 609 4273 potero,
629 4214 658 4255 ut
676 4204 831 4276 quisquam,
848 4207 1006 4260 auctoritate
1024 4216 1184 4273 commotus,
1203 4206 1231 4259 iu
1246 4225 1335 4260 errore
1347 4216 1390 4253 rtt‘

356 4298 455 4342 satur..
475 4287 571 4343 Catoni
592 4309 647 4343 noo
667 4292 750 4352 modo
769 4292 865 4348 Cicero
885 4307 912 4349 et
928 4296 992 4349 alibi
1016 4307 1042 4352 et
1060 4294 1112 4349 boc
1131 4295 1188 4365 ipso
1214 4294 1243 4348 in
1268 4295 1339 4359 loco,
1357 4280 1390 4340 ⁵⁸1¹
1440 4301 1441 4354 j

357 4372 496 4432 Sallustius
514 4390 541 4432 et
557 4377 717 4431 Plutarchus
737 4390 763 4433 et
785 4381 829 4434 alii
853 4382 1035 4456 eloquentiam
1061 4384 1198 4445 tribuunt,
1225 4402 1278 4454 qua
1304 4375 1391 4451 quidem

357 4458 385 4510 in
409 4476 501 4519 senatu
526 4466 561 4520 ita
586 4464 736 4536 disputabat
762 4466 794 4519 de
820 4470 1003 4540 magnitudine
1027 4470 1108 4535 animi
1128 4499 1162 4509 -
1186 4468 1298 4542 aliisque
1321 4464 1390 4520 rebus,
