3517 5450
351 706 433 781 1282
696 735 867 783 rumuoxu
896 735 1091 784 suoucouuu.

362 896 394 947 ab
415 894 463 947 alia
485 913 566 947 manu
586 895 764 966 superscripta
783 907 830 948 est.
866 894 921 947 Pro
939 895 1084 948 exhaurire
1102 905 1141 947 est
1160 895 1275 947 naurire
1293 895 1321 946 in
1335 896 1409 949 Codd.

361 981 442 1034 Drsd.
461 985 486 1035 1.
506 985 547 1047 3..
567 982 639 1054 quod
657 983 789 1036 ferremus
807 981 878 1053 apud
899 987 1014 1053 politam.
1050 982 1106 1035 Pro
1121 983 1230 1053 parant
1249 995 1289 1037 est
1304 997 1410 1054 pareunt

360 1070 386 1123 in
399 1070 483 1123 Codd.
506 1072 562 1122 Cra.
579 1074 605 1124 1.
624 1070 704 1123 Drsd.
723 1074 756 1135 ὃς
774 1071 801 1124 in
822 1073 880 1124 Cra.
900 1073 926 1122 ².
946 1080 1058 1141 queunt.
1096 1070 1125 1122 lu
1145 1069 1197 1124 Ox.
1217 1071 1237 1123 Ι.
1257 1084 1297 1125 eet
1315 1073 1409 1124 exlrou-

361 1160 429 1210 riri.
467 1157 524 1210 Mn.
783 1228 786 1233 Ι

429 1248 502 1300 dunc
520 1267 572 1320 quo
591 1248 666 1300 modo
684 1266 732 1318 ego
743 1245 885 1315 appellabo
904 1245 1015 1298 divitem
1023 1247 1042 1314 ,]
1061 1245 1172 1317 Legitur
1184 1246 1258 1298 hune
1277 1248 1409 1318 quando

359 1354 406 1405 ego
426 1335 611 1404 appellabam
628 1336 717 1390 Codd.
736 1333 796 1388 Cre.
816 1332 925 1387 2011.
944 1333 973 1387 E.
992 1352 1017 1388 σ.
1037 1334 1118 1387 Drsd.
1138 1336 1162 1388 3.
1181 1333 1253 1389 Edd.
1273 1353 1346 1405 pro..
1372 1355 1409 1406 ap.

360 1427 442 1477 Meus.
464 1425 532 1478 Vict.
556 1424 627 1478 Rob.
646 1423 738 1495 steph.
765 1425 834 1476 Veu.
850 1425 929 1477 14⁹².
949 1426 1029 1477 1514.
1047 1422 1126 1475 Hdlb.
1155 1422 1221 1493 Arg.
1248 1423 1313 1477 Par.
1338 1425 1409 1477 15⁰1.

358 1516 437 1568 1512.
456 1512 541 1584 Lugd.
588 1512 673 1564 Error
688 1512 745 1565 siue
770 1512 852 1566 dubio
871 1530 902 1564 ex
921 1530 1064 1582 perperam
1093 1510 1167 1565 lectis
1185 1511 1324 1565 scribendi
1343 1530 1409 1565 com·

359 1602 463 1673 pendiis
491 1612 566 1654 ortus
590 1613 643 1666 eet,
670 1620 751 1673 quem
778 1620 792 1654 a
819 1599 940 1654 Victoria
969 1619 1024 1653 uon
1049 1618 1105 1652 esee
1131 1610 1287 1652 correctum
1307 1598 1409 1652 mireris.

359 1688 409 1742 Cra
436 1693 460 1741 1.
486 1689 558 1741 dunc
577 1708 626 1760 ego
644 1709 697 1761 quo
715 1690 790 1742 modo
809 1689 918 1741 divitem
936 1687 1086 1758 appellabo.
1130 1687 1212 1743 Drsd.
1230 1692 1259 1741 4.
1280 1687 1353 1739 hunc
1368 1707 1409 1758 ego

359 1779 468 1828 divitem
486 1777 634 1847 appellabo.
670 1777 778 1831 Suerin.
799 1778 879 1847 appel
886 1779 926 1830 lo.
962 1776 1035 1830 Gud.
1050 1777 1082 1829 A.
1098 1778 1266 1846 sapientem,
1287 1794 1337 1847 pro
1348 1776 1409 1828 divi·

358 1877 426 1917 tem:
446 1866 518 1938 quod
529 1877 566 1918 est
584 1867 740 1920 correctoris
758 1868 855 1938 inepti.
872 1866 923 1920 Or.
935 1868 955 1920 Ι.
974 1884 1089 1937 quonam
1107 1865 1184 1916 modo
1204 1883 1256 1935 pro
1269 1883 1323 1936 quo
1333 1865 1409 1928 modo,

358 1954 474 2024 denique
499 1954 549 2008 Or.
567 1972 596 2017 ψ.
624 1955 695 2006 hunc
723 1974 786 2007 non
811 1953 956 2024 appellabo
975 1954 1098 2006 divitem:
1124 1954 1170 2006 ubi
1190 1952 1264 2006 vides
1280 1954 1408 2025 scriptoris

358 2043 435 2094 verba
455 2054 557 2096 extrusa
576 2061 631 2097 esse
649 2043 682 2095 ab
701 2041 855 2113 interpretis
873 2042 961 2115 glossa
975 2060 1182 2112 supervacanea.
1218 2040 1281 2094 Mr.

428 2152 511 2202 quum
529 2133 584 2201 ipre
602 2150 677 2204 egere
696 2151 724 2184 re
739 2133 841 2183 sentiat
848 2131 874 2200 i]
912 2132 977 2185 Post
993 2116 1064 2200 iude,
1093 2130 1194 2184 lectore
1215 2130 1283 2183 nihil
1303 2131 1407 2195 monito,

358 2217 490 2272 Gruterus
507 2220 609 2272 addidit
626 2220 723 2287 etiam,
747 2220 820 2292 quod
840 2230 979 2273 servarunt
998 2218 1112 2272 editores
1129 2238 1206 2290 seqq.
1252 2217 1406 2285 Gronovius,

358 2305 487 2359 Graevius
513 2308 572 2379 (qui
599 2327 653 2360 non
672 2308 724 2361 fuit
741 2309 860 2379 primus,
887 2320 915 2361 ut
934 2307 1076 2379 suspiceris
1102 2326 1134 2358 eu
1153 2305 1204 2359 Or.
1223 2308 1406 2376 annotatione)

359 2396 441 2450 Verb.
461 2395 524 2449 Ern.
543 2396 700 2451 Faoc.Oliv.
720 2396 817 2468 reliqui
838 2415 921 2466 usque
942 2395 974 2448 ad
993 2394 1085 2465 Borg„
1104 2395 1151 2447 sed
1172 2395 1227 2446 iam
1239 2395 1405 2449 Gernb.eam

360 2503 451 2536 vocem
472 2484 576 2536 uncinis
600 2483 722 2550 inclusit,
749 2503 830 2556 quam
851 2502 905 2536 non
926 2493 1076 2554 agnoscunt
1093 2482 1161 2535 Edd.
1190 2483 1314 2555 itemque
1332 2483 1405 2537 Codd.

357 2571 413 2624 fere
434 2592 542 2639 omnes,
561 2584 666 2643 praeter
685 2571 736 2626 Ox.
754 2571 790 2645 N.¹
806 2569 879 2624 Gud.
899 2572 932 2623 Α.
951 2582 977 2624 et
995 2570 1074 2622 Drsd.
1092 2574 1118 2625 3.
1146 2571 1256 2625 Abiecit
1283 2573 1348 2625 item
1365 2571 1404 2625 Or.

357 2671 383 2712 et
402 2672 461 2731 post
489 2680 550 2713 eum
574 2660 624 2713 Ed.
643 2661 714 2714 Thu.
762 2661 791 2714 lu
812 2660 884 2713 Gud.
902 2659 934 2713 B.
964 2671 989 2712 et
1013 2658 1093 2711 Drsd.
1113 2663 1138 2711 ².
1161 2663 1188 2713 4.
1213 2672 1254 2715 est
1279 2679 1309 2713 ee
1332 2679 1404 2734 egere·

357 2768 423 2802 sono
440 2748 528 2802 minus
545 2760 621 2821 grato
641 2752 710 2819 (ipre
729 2770 757 2803 se
776 2754 874 2822 egere).
912 2748 970 2801 Mr.

429 2838 515 2890 Multi
533 2857 566 2889 ex
584 2849 611 2889 te
631 2839 791 2901 audierunt,
820 2857 903 2911 quum
922 2837 1047 2904 dt‘cerea‚]
1089 2839 1150 2900 „Ex
1168 2846 1210 2901 te,
1235 2857 1273 2891 sc.
1294 2838 1404 2893 Crasse-¹¹

357 2925 422 2980 Ern.
461 2926 501 2979 Ad
520 2925 684 2980 locutionem
704 2926 809 2980 confert
827 2924 909 2996 Borg.
927 2922 984 2978 Cic.
1003 2924 1036 2977 de
1055 2922 1105 2977 Or.
1124 2923 1157 2991 ll,
1177 2927 1228 2980 33:
1252 2929 1298 2977 Ex
1315 2945 1345 2978 eo
1362 2945 1404 2977 au·

358 3014 426 3080 divi,
446 3034 528 3086 quum
547 3015 645 3067 diceret
652 3034 663 3075 ,·
684 3014 716 3067 ad
736 3011 957 3080 Famm.111‚r:
987 3014 1018 3065 A
1035 3013 1180 3064 Pausania
1197 3014 1314 3080 audini,
1334 3033 1404 3087 quun

354 3103 474 3162 'dicerem
495 3101 528 3154 de
542 3100 566 3152 F
567 3102 623 3154 inn.
645 3103 677 3165 V,
695 3103 739 3168 19,
759 3106 808 3156 54:
827 3102 960 3175 Equidem
977 3120 991 3152 e
1010 3103 1056 3153 Cn.
1074 3100 1189 3167 Aufidio
1208 3130 1246 3143 -
1264 3120 1345 3172 saepe
1362 3121 1405 3153 au-

358 3189 475 3253 diebam,
503 3210 586 3262 quum
603 3210 631 3243 ae
650 3219 685 3230 -
705 3191 802 3242 moveri
828 3192 935 3245 diceret.
954 3220 988 3231 -
1027 3188 1114 3242 Codd.
1130 3187 1211 3241 Drsd.
1231 3194 1260 3243 1.
1280 3194 1308 3245 3.
1337 3189 1406 3242 multi

356 3280 444 3331 enim
462 3280 609 3332 audierunt
627 3298 660 3331 ex
679 3290 714 3332 te.
750 3278 830 3333 Drsd.
848 3284 878 3334 5:
904 3279 984 3331 multi
1001 3296 1033 3329 ex
1052 3278 1191 3330 reaudire
1209 3276 1276 3347 (sic)
1295 3297 1405 3332 eumne·

357 3367 450 3418 minem
475 3368 574 3419 diceres
596 3386 653 3420 ease
681 3368 806 3434 divitem,
832 3368 880 3441 qui
904 3366 1016 3437 (omisso
1045 3366 1224 3431 niaitexerc.
1243 3378 1297 3422 etc.
1344 3368 1404 3421 Tum

356 3456 436 3509 Drsd.
455 3461 482 3510 4.
498 3457 556 3509 ruis
569 3456 713 3527 fructibus
732 3457 804 3509 alere
819 3467 925 3527 posset,
942 3455 1023 3509 Drsd.
1044 3460 1069 3509 2.
1088 3445 1160 3507 aiere
1176 3457 1280 3525 possi
1289 3467 1311 3510 ι.
1339 3456 1404 3510 Suet.

352 3556 445 3614 poree!
464 3544 549 3609 alere,
568 3544 662 3598 Duieb.
683 3546 772 3598 dicens
791 3565 842 3617 pro
861 3563 922 3597 cum
941 3544 1050 3597 diceres·
1097 3542 1164 3597 On.
1182 3542 1215 3597 E.
1234 3563 1264 3607 ψ,
1297 3567 1339 3599 ex
1357 3545 1404 3599 suis

353 3630 503 3701 [ructibus.
539 3631 610 3686 Gud.
630 3632 662 3685 Α.
676 3632 821 3704 fructibus
838 3634 905 3688 auis.
924 3632 984 3685 Mr.
1020 3635 1123 3704 „Egere
1148 3633 1214 3689 dicit
1233 3634 1334 3691 Cicero
1352 3654 1404 3709 gra·

357 3721 422 3771 viter
441 3738 519 3785 eum,
548 3721 595 3792 qui
614 3721 703 3793 cupit,
735 3723 807 3794 quod
829 3721 997 3787 nonhabet,
1030 3722 1074 3774 cui
1093 3721 1216 3775 noudum
1234 3724 1300 3778 eatis
1319 3736 1404 3779 est.-

358 3806 435 3875 Quae
454 3819 617 3879 sequuntur,
647 3810 703 3864 Cic.
722 3810 755 3863 de
774 3810 831 3864 Oli.
849 3808 871 3877 l,
891 3814 916 3864 8.
935 3809 973 3863 sic
990 3808 1087 3863 referte
1115 3818 1147 3860 ut
1165 3829 1254 3880 nuper
1272 3815 1315 3866 M.
1335 3816 1404 3865 Crar-

358 3915 404 3948 rua
423 3896 541 3967 negabat
559 3898 644 3949 ullam
662 3900 732 3951 eatis
753 3918 878 3972 magnam
901 3898 1045 3967 pecuniam
1062 3915 1120 3949 esee
1137 3897 1175 3964 ei,
1199 3899 1299 3971 quiin
1319 3919 1347 3952 re
1360 3917 1403 3969 pu·

358 3984 427 4035 blica
443 3985 567 4055 princeps
585 3987 665 4038 vellet
681 4006 750 4054 esse,
769 3989 846 4040 cuiue
861 3985 1006 4060 fructibua
1023 3985 1171 4037 exercitum
1187 3987 1264 4037 alere
1282 4006 1337 4040 non
1349 4005 1405 4057 por·

357 4074 426 4129 ret.“
445 4072 551 4143 Wytt.
594 4075 682 4128 Verba
702 4078 788 4132 crassi
807 4078 844 4131 sic
868 4076 973 4130 Graece
992 4072 1107 4129 reddidit
1124 4072 1290 4129 Plutarchus
1306 4075 1334 4130 in
1353 4075 1403 4126 Vita

358 4161 445 4214 Crassi
464 4166 495 4214 2:
525 4158 617 4214 Ἐκεῖνο
643 4160 714 4216 d’otiu
734 4154 777 4231 rui,
803 4163 833 4217 ad
860 4168 961 4235 μηδένα
985 4161 1096 4225 νομίζειν
1122 4166 1190 4231 μηδὲ
1215 4164 1326 4225 φάσκειν
1350 4158 1403 4216 εἶναι

358 4247 494 4316 πλούσιον,
510 4248 538 4310 iic
555 4248 587 4303 oti
605 4253 716 4305 diluatur
734 4259 834 4323 τρέφειν
853 4251 905 4305 u'nd
922 4256 971 4321 τῆς
990 4248 1081 4308 odaiae
1098 4248 1292 4321 στρατόπεδον.
1341 4251 1403 4304 ldem

358 4337 447 4391 retulit
466 4338 569 4394 Plinius
586 4341 617 4394 Ν.
636 4340 669 4395 ll.
688 4342 806 4409 xxxin,
825 4348 868 4410 1⁰,
887 4342 958 4395 Sect.
978 4345 1023 4410 41.
1042 4360 1068 4410 p.
1082 4342 1143 4394 628.
1162 4340 1261 4395 Hand:
1281 4346 1323 4396 M.
1336 4347 1403 4394 Crar-

358 4446 405 4478 rua
422 4428 541 4496 negabat
559 4431 715 4501 locupletem
735 4451 804 4498 ease,
830 4435 883 4485 nisi
901 4433 948 4503 qui
965 4431 1054 4482 reditu
1081 4447 1177 4484 annuo
1195 4431 1328 4504 legionem
1344 4428 1404 4483 tueri

356 4514 532 4581 ponentur.
568 4521 667 4581 „Alere
684 4519 747 4574 dicit
766 4521 878 4587 Cicero,
899 4519 971 4591 quod
991 4529 1030 4571 est
1046 4517 1145 4571 latinae
1165 4522 1348 4592 proprietatis,
1364 4537 1402 4591 pro
