3517 5450
456 685 530 760 330
661 710 823 758 excussus
851 712 900 758 ιιι.
934 713 976 759 ιι)
1000 713 1196 761 ιιιιιιοιοιι
1215 716 1238 774 ι,
1265 709 1314 759 ι.-

455 880 571 920 ceterum
588 879 615 918 et
635 868 770 922 bobendos
787 881 887 922 essee!
906 871 987 924 utiles
1004 883 1032 923 et
1051 891 1150 944 magua
1168 873 1304 925 commoda
1328 875 1403 926 vitae
1428 878 1495 948 adse·

455 968 558 1019 rentes,
571 957 675 1028 fateor.
711 955 774 1009 Sen.
792 957 876 1028 Epist.
896 960 964 1012 tt't:
989 960 1025 1009 Icl
1041 979 1089 1011 nos
1109 960 1222 1010 medium
1249 969 1336 1032 atque
1352 961 1496 1030 indifferens

456 1063 594 1110 vocamus,
614 1045 686 1115 quod
703 1055 760 1096 tam
778 1046 849 1097 molo
867 1048 1032 1118 contingere,
1052 1066 1131 1119 quam
1146 1046 1225 1110 bono,
1244 1057 1352 1116 potest,
1378 1060 1496 1122 tunquam

450 1133 583 1202 pecunia,
596 1133 707 1202 forma,
725 1131 867 1185 nobilitas:
888 1164 922 1172 -
941 1153 973 1186 ne
992 1134 1093 1185 molum
1112 1134 1217 1205 quidem
1235 1144 1293 1200 est,
1313 1136 1390 1207 quod
1407 1139 1497 1189 contin-

453 1238 515 1291 gere
540 1220 611 1271 molo
635 1240 687 1272 non
703 1230 810 1290 potest:
830 1250 864 1260 -
890 1222 976 1295 quod,
1001 1223 1055 1274 nisi
1073 1221 1171 1286 bonus,
1193 1241 1267 1275 nemo
1289 1221 1389 1286 habet,
1416 1222 1498 1277 bonum

454 1318 502 1360 est.
538 1307 596 1362 Mr.

876 1426 1084 1437 --———-

839 1579 1051 1641 EXCURSUS
1074 1582 1127 1639 III.

696 1716 771 1790 An
804 1665 1199 1812 Ριιιιιιοιιοιιι,
1227 1717 1269 1792 ι,

719 1875 795 1961 Ego
817 1899 918 1956 vero,
940 1875 1073 1963 inquit,
1084 1879 1183 1954 facio
1204 1911 1259 1940 -.

527 2037 626 2089 lIenr.
646 2035 847 2108 Stephanus
864 2037 891 2089 in
910 2036 998 2102 libro,
1017 2037 1062 2108 qui
1081 2035 1250 2090 inscribitur:
1277 2038 1501 2089 Schediasmatum

458 2126 616 2188 Variorum,
649 2125 665 2176 i.
692 2143 716 2177 e.
742 2123 984 2190 Observationum,
1019 2125 1265 2190 Emendabonum,
1299 2124 1501 2196 Expositionum,

456 2212 678 2284 Disquisitionum
703 2211 763 2264 libri
792 2224 858 2280 tres,
892 2214 937 2285 qui
965 2225 1028 2267 sunt
1053 2233 1134 2286 pensa
1166 2213 1359 2266 succisivarum
1386 2212 1501 2265 horarum

456 2300 586 2365 Ianuarii,
606 2300 759 2365 Februarii,
778 2300 876 2355 Martii.
915 2301 1014 2355 Excud.
1031 2301 1063 2354 tl.
1081 2300 1173 2373 Stepb.
1192 2321 1216 2353 a.
1237 2303 1319 2354 1578.
1340 2304 1366 2353 8.
1393 2300 1502 2368 (Exstant

457 2388 535 2440 uiam
555 2387 598 2440 au
616 2386 677 2440 unu
697 2400 760 2454 nes,
790 2387 836 2460 qut
863 2400 926 2442 sum
945 2388 1060 2461 aprus,
1086 2388 1166 2454 man,
1194 2385 1272 2439 ιιιιι.
1289 2373 1386 2454 asu.)
1407 2386 1462 2439 ιιι.
1476 2385 1501 2438 ιι.

458 2474 553 2528 Sched.
571 2475 663 2542 XXIII,
680 2496 706 2546 p.
726 2479 859 2530 ott-62:

528 2567 570 2630 „0
595 2564 759 2620 imitatores,
787 2583 893 2616 servum
917 2583 1015 2632 pecus,
1043 2563 1077 2616 de
1102 2562 1262 2635 quibusdam
1291 2562 1469 2616 imitatoribus
1491 2582 1502 2613 a

456 2651 554 2704 Flacco
573 2650 688 2715 dictum,
706 2649 735 2702 in
753 2650 900 2704 nonnullos
917 2648 1122 2715 Ciceronianus,
1152 2662 1182 2703 ut
1200 2651 1311 2722 quidem
1336 2653 1389 2723 ipsi
1407 2651 1504 2704 salutari

459 2741 591 2813 gaudent,
617 2738 711 2792 merito
736 2738 893 2793 iactaretur:
922 2741 1050 2812 quicum
1074 2738 1124 2791 alia
1144 2738 1274 2810 pleraque
1292 2740 1395 2794 imitari
1413 2739 1503 2803 volunt,

459 2849 527 2900 quae
545 2848 600 2881 non
619 2827 783 2899 intelligunt,
808 2840 865 2881 tum
890 2846 952 2880 vero
976 2846 1054 2879 usum
1082 2846 1178 2880 vocum
1204 2830 1265 2898 Ego
1286 2846 1353 2879 veto
1378 2827 1420 2881 vel
1443 2827 1503 2879 Mitt

458 2938 528 2974 vero.
565 2916 636 2985 Quia
655 2916 728 2969 enim
746 2916 817 2989 apud
837 2914 998 2970 Ciceronem
1015 2916 1048 2968 ab
1062 2915 1113 2967 illis
1129 2913 1252 2968 inchoari
1263 2915 1398 2986 quasdam
1410 2915 1505 2987 Episto-

459 3008 497 3060 las
515 3007 611 3071 vident,
632 3006 702 3058 idem
722 3024 829 3059 suarum
850 3003 983 3076 plerisque
994 3003 1059 3055 dant
1077 3002 1195 3055 initium:
1214 3002 1330 3073 perinde
1349 3004 1416 3056 acsi
1435 3022 1505 3055 orna·

460 3109 501 3150 tus
520 3106 622 3148 tantum
642 3094 724 3165 gratia
743 3092 839 3146 Cicero
858 3092 997 3163 principiis
1015 3090 1207 3144 illavocabula
1225 3090 1376 3145 adhiberet.
1415 3092 1451 3145 Ut
1463 3092 1505 3161 igi-

460 3198 503 3239 tur
521 3181 631 3254 posthac
649 3180 700 3233 illis
720 3200 776 3233 non
794 3180 953 3246 abutantur,
982 3180 1026 3233 sed
1045 3190 1170 3245 utantur,
1194 3181 1280 3232 sciant
1306 3178 1361 3234 boc
1380 3180 1451 3251 apud
1468 3177 1506 3229 ci-

460 3290 587 3326 ceronem
605 3289 660 3323 esse
678 3288 772 3322 eorum
792 3268 927 3336 ollicium,
948 3280 977 3322 ut
995 3267 1137 3321 ostendant
1154 3267 1187 3319 ad
1205 3267 1250 3334 id,
1279 3267 1315 3321 de
1345 3288 1403 3341 quo
1422 3265 1506 3338 aliquis

460 3359 592 3432 scripserit
610 3357 649 3410 vel
668 3358 700 3410 de
719 3377 774 3429 quo
792 3378 841 3429 per
859 3358 1014 3429 quempiam
1039 3376 1054 3409 a
1075 3376 1103 3410 se
1120 3356 1229 3408 missurn
1256 3356 1448 3429 interrogarit,
1471 3373 1506 3406 re·

460 3449 594 3521 sponderi.
631 3445 677 3499 Sic
695 3445 764 3499 libro
781 3446 852 3498 XVI.
870 3444 1052 3517 Epistularum
1069 3445 1102 3498 ad
1121 3444 1225 3497 Famm.
1271 3448 1335 3517 Ego
1357 3464 1423 3497 vero
1440 3445 1506 3513 cupio

460 3550 487 3588 re
504 3537 542 3587 od
560 3554 600 3587 me
619 3535 722 3586 venire:
740 3534 789 3587 sed
805 3534 877 3586 viam
895 3534 984 3589 timeo.
1020 3532 1178 3605 Respondet
1194 3532 1308 3599 Tironi,
1338 3534 1387 3605 qui
1406 3533 1506 3604 scripse-

461 3636 501 3679 rat
519 3645 545 3679 se
563 3624 670 3690 mirari,
689 3642 738 3676 cur
757 3621 854 3676 Cicero
872 3620 995 3674 nondum
1014 3620 1075 3674 velit
1092 3639 1155 3673 eum
1173 3619 1208 3673 ad
1226 3638 1254 3672 se
1273 3620 1381 3674 venire:
1392 3621 1456 3693 qui,
1471 3620 1506 3671 in·

461 3732 556 3784 quam,
577 3710 687 3764 relhoc
705 3710 744 3763 vel
763 3709 864 3781 aliquid
883 3708 934 3763 tale
952 3707 1102 3779 scripserat.

533 3798 579 3853 Sic
595 3798 657 3852 libri
677 3799 732 3851 VII.
750 3798 800 3869 Ep.
819 3802 869 3853 3⁰2
897 3800 956 3869 Ego
982 3815 1045 3850 vero
1069 3797 1170 3848 inmte
1196 3813 1243 3847 nec
1262 3794 1360 3847 hortor
1379 3814 1428 3847 nec
1446 3813 1507 3865 rogo,

463 3898 495 3939 ut
515 3888 619 3939 domum
638 3887 739 3938 redeas.

534 3973 580 4028 Sic
597 3984 665 4027 serta
685 3973 745 4026 libri
764 3973 815 4025 lV:
834 3976 894 4046 Ego
912 3991 981 4038 vero,
1000 3972 1090 4035 Servi,
1109 3972 1216 4036 vellem,
1237 3982 1269 4022 ut
1288 3972 1404 4037 scribis,
1420 3974 1448 4023 in
1464 3987 1508 4021 meo

461 4063 623 4136 gravissimo
642 4080 706 4115 casu
726 4061 862 4131 affuisses.
900 4060 978 4129 Quae
997 4059 1107 4134 epistola
1127 4071 1219 4130 aperte
1231 4060 1350 4114 ostendit
1368 4080 1428 4115 rem
1446 4061 1509 4113 itase

463 4152 575 4217 babere,
596 4162 626 4204 ut
643 4151 719 4215 dico,
745 4170 828 4223 quum
847 4149 932 4204 Servii
952 4150 1076 4222 epistola,
1102 4149 1135 4201 ad
1163 4167 1246 4220 quarn
1270 4147 1340 4204 baec
1358 4148 1508 4222 ‚respondet

465 4240 583 4311 proxime
601 4239 749 4311 praecedat.

535 4326 581 4381 Sic
598 4327 625 4379 in
645 4326 778 4398 principio
798 4326 899 4397 primae
917 4328 949 4379 ad
969 4327 1088 4381 Atticum
1103 4325 1234 4397 epistolae
1253 4325 1367 4380 libriV:
1389 4331 1447 4399 Ego
1462 4342 1509 4379 vero

465 4427 490 4466 et
509 4427 587 4467 tuum
604 4417 632 4467 in
651 4416 769 4467 discessu
789 4415 844 4466 vidi
862 4416 981 4467 animum
997 4426 1024 4467 et
1043 4433 1098 4465 meo
1115 4433 1176 4465 sum
1195 4414 1253 4483 ipse
1272 4418 1364 4471 testis.

537 4503 637 4557 Eodem
656 4515 745 4559 autem
764 4505 845 4558 modo
873 4505 942 4557 Mitt
967 4524 1042 4570 vero,
1070 4504 1132 4557 item
1158 4506 1203 4554 ·Τιι
1227 4520 1291 4555 vero
1318 4505 1386 4559 alibi
1415 4518 1508 4575 respon·
