3517 5450
576 746 770 794 rentnoxort
795 746 816 793 t.
854 745 924 794 cer.
944 748 967 794 ι.
1247 722 1296 795 43

270 914 359 972 quatur,
383 915 413 959 ut
430 914 468 960 eet
486 904 568 959 eiecta
587 905 614 958 in
634 903 721 958 Codd.
741 902 813 957 Gud.
833 905 865 957 A.
885 916 910 959 et
929 902 987 956 Crru
1006 908 1032 956 2.
1050 901 1118 957 cod.
1136 903 1186 958 Ox.
1203 922 1232 966 ψ.
1252 903 1299 957 ha·

270 991 299 1044 let
319 993 373 1060 ipse
398 1010 456 1046 ecee
484 1012 536 1045 non
567 991 739 1046 bonorum.
758 1018 794 1029 ·-
830 992 872 1044 Ad
900 989 1058 1045 sententiam
1087 992 1193 1044 confert
1218 990 1299 1062 Borg.

269 1096 310 1148 cap.
322 1081 350 1133 d:
369 1080 522 1151 Quicquam
539 1078 661 1132 bonum
678 1089 727 1143 eet,
746 1079 819 1149 quod
835 1099 888 1133 non
905 1099 974 1143 eum,
992 1082 1038 1152 qui
1052 1080 1083 1130 id
1095 1079 1222 1148 possidet,
1241 1097 1299 1131 mc·

269 1164 368 1216 liorem
385 1166 482 1237 facit?
516 1166 579 1220 ΜΓ.

318 1253 407 1323 Atqui
422 1255 480 1305 iata
499 1255 586 1306 omnia
606 1253 676 1306 tolio
695 1253 840 1320 vidimata
868 1253 935 1320 „Sic
952 1253 1095 1319 tredecim
1123 1265 1174 1306 tres
1192 1264 1300 1325 atque

268 1336 306 1386 itta
322 1357 407 1399 omn.,·
434 1358 504 1392 unua
522 1351 584 1392 ant
603 1340 666 1411 qui,
686 1358 755 1391 nnus
773 1356 815 1390 on
833 1340 889 1392 ista
907 1344 996 1396 omn.“
1014 1340 1086 1394 Atd.
1106 1341 1194 1394 Man.
1231 1339 1299 1394 cod.

219 1456 222 1463 ·
268 1420 310 1477 Cre.
326 1428 349 1478 1.
375 1427 433 1478 isto
457 1426 554 1479 tolia
579 1427 692 1479 orinia
717 1444 781 1480 cum
799 1425 880 1480 Dred.
901 1432 927 1482 4.
946 1432 978 1492 5;
1008 1427 1076 1480 eod.
1094 1427 1152 1480 Cre.
1170 1433 1196 1480 2.
1219 1426 1299 1482 Drad.

269 1512 316 1564 ll.
335 1517 360 1567 3.
385 1513 457 1566 Gud.
476 1514 509 1567 A.
529 1515 609 1586 atqui
627 1514 740 1566 omnia
765 1514 841 1565 ieta
859 1516 939 1571 talio.
976 1515 1018 1568 Ad
1036 1515 1193 1568 sententiam
1214 1516 1301 1586 Wytt.

268 1595 286 1648 in
298 1598 403 1653 scholis:
430 1600 498 1667 „Est
516 1601 684 1656 assumtionis
703 1601 836 1672 probatio.
876 1601 1048 1658 Constructio
1067 1603 1182 1674 elliptica
1201 1605 1239 1656 sic
1257 1622 1302 1656 ex-

269 1683 396 1753 plananda:
414 1687 500 1760 Atqui
518 1689 609 1742 omnia
629 1688 672 1742 illa
691 1689 820 1760 pecuniae
835 1690 957 1743 membra
973 1691 1092 1744 ridemus
1111 1690 1171 1744 talia
1190 1711 1254 1756 esee,
1272 1702 1301 1745 ut

269 1784 285 1824 et
296 1773 406 1845 improbi
425 1795 457 1829 ea
476 1777 635 1848 possideant,
657 1788 683 1831 et
700 1778 792 1848 probis
809 1776 964 1831 hominibus
981 1791 1105 1843 noceant,
1124 1779 1177 1832 sive
1196 1798 1245 1848 per
1263 1797 1299 1844 se,

269 1861 304 1914 sire
325 1863 450 1917 adversus
473 1883 519 1917 eoa
542 1863 657 1919 adhibite
676 1866 710 1919 ab
729 1866 867 1937 improbis.
904 1871 983 1917 Bono
1001 1877 1090 1919 autem
1110 1878 1210 1920 veteres
1228 1865 1301 1918 dice-

268 1948 313 2003 bant
328 1970 373 2017 ea,
400 1971 451 2023 per
471 1970 540 2023 quae
558 1947 637 2006 nobie
654 1952 718 2004 bene
737 1964 789 2006 est:
819 1971 882 2004 nam
901 1953 1047 2025 antiquitus
1065 1953 1189 2006 dicebant
1210 1952 1300 2014 bertus,

268 2039 322 2107 quod
339 2039 428 2110 arguit
449 2040 603 2093 adverbium
623 2038 695 2093 bene.
730 2039 777 2092 Est
800 2049 889 2091 autem
916 2057 931 2092 a
957 2041 1038 2091 verbo
1059 2039 1119 2103 deo,
1146 2038 1219 2109 quod
1237 2036 1300 2089 item

268 2135 320 2178 esta
337 2125 446 2181 Graeco
465 2130 532 2193 βίω,
557 2132 639 2193 θένω,
663 2127 750 2180 firmo.
786 2126 824 2179 lta
844 2138 916 2180 recte
934 2125 1027 2178 docuit
1043 2125 1063 2177 1.
1081 2125 1115 2178 D.
1132 2124 1253 2195 Lennep.
1273 2124 1300 2176 in

266 2211 370 2283 Append.
392 2215 450 2270 Lat.
468 2214 648 2286 Etymologici
666 2213 791 2268 Graeci.“
828 2212 908 2267 (Ioni.
926 2214 960 2267 de
977 2211 1028 2267 hac
1043 2213 1171 2266 sententie
1190 2211 1301 2282 aliisque

267 2299 426 2372 disputantem
454 2303 475 2377 ¹2
498 2302 530 2355 G.
553 2302 678 2356 Vossium
702 2303 731 2355 in
756 2301 911 2373 Etymolog.
933 2302 963 2354 L.
983 2301 1013 2354 L.
1034 2321 1057 2354 r.
1077 2300 1153 2353 bono.
1196 2298 1227 2350 ln
1249 2297 1300 2351 alia

265 2391 335 2442 omnia
353 2391 411 2443 abit
429 2390 607 2444 Doederlein:
631 2391 688 2444 liat.
705 2389 808 2462 Synon.
827 2411 853 2444 u.
871 2389 988 2461 Etymol.
1006 2388 1039 2442 T.
1058 2388 1105 2445 Vl.
1125 2408 1152 2460 p.
1167 2391 1228 2454 4⁰„
1254 2387 1300 2459 qui

265 2475 320 2530 ducit
338 2477 424 2531 bonus
443 2478 575 2547 (duonua)
595 2498 609 2532 a
629 2478 772 2533 δύνασθαι,
808 2479 838 2531 M
845 2499 866 2532 r.

318 2576 349 2616 ut
369 2566 455 2616 etiam
472 2565 584 2635 improbi
601 2567 739 2635 hobeont,]
760 2571 817 2631 „Ur
832 2566 952 2636 improbi,
972 2585 1024 2619 sex.
1060 2565 1145 2617 Divae
1162 2566 1231 2617 enim
1249 2575 1299 2615 out

263 2651 355 2722 iniquus
372 2662 429 2716 eat,
448 2663 499 2704 out
517 2654 604 2727 iniqui
620 2655 705 2708 teres.
741 2658 779 2708 D.
800 2656 1007 2723 Hieronymue.“
1026 2652 1099 2705 Ald.
1115 2651 1218 2703 Manu
1229 2661 1247 2702 t.
1265 2679 1299 2687 -

262 2735 349 2793 laudet
365 2738 464 2793 Graec.
482 2741 516 2795 ad
534 2740 560 2796 h.
579 2741 596 2795 l.
621 2761 683 2796 enm
700 2742 820 2798 Senecae
838 2742 930 2797 locum
949 2761 979 2795 ex
997 2741 1136 2813 Epistolis,
1166 2759 1246 2811 quem
1271 2738 1299 2792 in

261 2822 393 2881 Ercnreum
412 2829 563 2883 secundum
581 2830 753 2885 coniecimue.
770 2861 806 2873 -
836 2831 884 2884 Est
902 2832 930 2883 in
950 2829 1036 2883 Codd.
1053 2827 1111 2882 Cra.
1130 2832 1156 2881 1.
1178 2825 1250 2880 Gud.
1267 2824 1299 2879 C.

261 2912 325 2969 ttrsd.
342 2921 369 2971 4.
396 2927 429 2969 ut
455 2919 537 2969 etiam
563 2918 675 2988 improbi
697 2937 737 2970 eo
762 2917 889 2973 habeant.
926 2916 1067 2970 Omittitur
1083 2916 1166 2968 etiam
1185 2916 1212 2969 in
1231 2913 1299 2968 cod.

261 2999 326 3058 Bern.
370 3003 418 3057 Est
438 3014 466 3056 et
485 3024 535 3076 pro
554 3006 637 3057 etiam
654 3006 682 3059 in
700 3006 768 3060 Edd.
784 3007 858 3059 Man.
878 3007 973 3065 Lamb.
990 3003 1051 3058 Atd.
1069 3008 1137 3058 1552
1157 3004 1222 3072 (nec
1238 3022 1299 3055 vero

260 3091 340 3160 tttt.)
367 3091 400 3146 ll.
420 3092 509 3146 Wolf.
533 3092 594 3164 (qui
613 3103 719 3160 umen,
738 3104 768 3147 ut
785 3094 905 3166 saepius,
924 3094 952 3146 in
973 3091 1117 3164 scriptione
1136 3111 1192 3144 non
1209 3108 1299 3144 secum

260 3181 396 3248 consentit,
422 3200 486 3235 curn
505 3181 532 3234 in
552 3181 653 3235 Annot.
672 3182 737 3234 alios
755 3181 853 3236 hebere
871 3181 950 3248 dicit,
978 3181 1050 3254 quod
1069 3180 1125 3252 ipse
1143 3180 1241 3247 edidit,
1263 3189 1299 3236 et,

259 3263 389 3341 laudatque
407 3270 512 3337 etiam).
547 3269 578 3322 ln
596 3289 670 3341 seqq.
693 3269 749 3323 sola
768 3269 838 3323 Edit.
857 3268 940 3326 Paria.
960 3288 979 3321 s.
997 3287 1019 3321 a.
1034 3267 1125 3337 probis
1143 3266 1222 3320 habet
1241 3275 1300 3337 post

259 3351 322 3420 licet,
341 3366 368 3409 et
386 3354 456 3408 obdit
475 3375 525 3427 pro
545 3356 643 3410 obsint.
678 3356 737 3410 Mr.

316 3446 355 3493 Er
372 3443 462 3496 obsint
476 3442 580 3513 probis]
608 3442 720 3508 „Obeint
739 3444 849 3507 bonis,
869 3454 941 3497 octo.
978 3440 1055 3495 Unus
1074 3442 1196 3493 absint
1216 3460 1234 3491 a
1253 3441 1299 3493 bo-

259 3526 299 3591 nit,
314 3530 353 3598 (id
372 3541 420 3596 eat,
438 3541 469 3583 ut
486 3531 552 3583 boni
566 3551 621 3584 non
640 3531 797 3599 habeant.)“
817 3530 892 3583 Atd.
910 3528 996 3583 Men.
1033 3527 1119 3583 Habet
1132 3525 1206 3580 donia
1219 3527 1298 3581 etiem

260 3610 315 3669 Cod.
331 3615 417 3682 Pith.;
445 3618 474 3670 in
492 3616 564 3672 Gud.
585 3618 616 3672 B.
634 3618 714 3673 Drcd.
733 3624 759 3674 4.
778 3629 817 3671 ut
835 3618 931 3683 obsint,
949 3616 994 3670 sed
1014 3617 1089 3688 prior
1104 3614 1194 3685 probis
1211 3614 1300 3683 habet,

260 3703 487 3770 posterioritatem,
514 3724 577 3759 cum
597 3726 652 3777 qno
670 3707 774 3761 faciunt
792 3707 872 3760 etiam
891 3704 949 3758 Cre.
968 3707 993 3757 1.
1011 3708 1036 3757 2.
1061 3702 1141 3756 Drsd.
1158 3706 1187 3757 d.
1207 3706 1232 3757 5.
1268 3703 1298 3756 ln

260 3786 350 3845 Suerin.
369 3801 409 3845 eet
426 3801 459 3842 et
478 3802 517 3843 ut
535 3792 627 3846 obsint·
638 3794 744 3864 probis:
763 3796 864 3861 iuncta,
884 3805 914 3847 ut
927 3792 985 3846 lieri
1000 3792 1074 3860 solet,
1091 3791 1206 3845 lectione
1220 3802 1296 3845 utra-

262 3893 312 3945 que.
346 3880 377 3933 ln
396 3879 470 3935 Gud.
485 3881 517 3934 A.
536 3891 575 3935 'est
593 3882 793 3953 compendium,
815 3881 888 3954 quod
907 3880 1052 3952 legendum
1071 3879 1172 3933 ridetur
1193 3879 1299 3935 obsunt.

261 3966 329 4020 Bonis
342 3967 483 4021 manifesta
502 3981 540 4023 eet
558 3969 654 4039 glossa,
672 3988 757 4042 eaque
771 3988 974 4040 supervacanea.
1011 3967 1068 4020 Cur
1086 3966 1186 4020 absint
1204 3986 1300 4038 repro-

261 4046 366 4107 bandum
386 4054 522 4123 rideatur,
541 4076 621 4127 cupre
640 4057 701 4110 dixi.
737 4057 833 4123 Addo,
853 4056 916 4110 mihi
936 4077 992 4110 non
1010 4055 1202 4126 displicituram
1220 4055 1299 4108 luisse

261 4141 420 4195 omissionem
439 4143 579 4216 utrimque
599 4144 722 4211 voculae,
740 4157 768 4197 et
786 4156 813 4199 et
831 4156 872 4199 ut.
911 4144 987 4199 Sicut
1004 4144 1037 4196 ad
1056 4142 1238 4197 antecedentia
1257 4141 1299 4192 in-

260 4223 328 4298 telligi
346 4228 428 4283 debet
445 4248 525 4300 coepe
543 4232 581 4284 vel
600 4233 693 4297 multi,
718 4234 757 4289 sic
774 4234 827 4287 hoc
845 4234 925 4287 etiam
942 4232 1004 4285 loco
1025 4230 1156 4301 intelligas
1174 4226 1298 4282 facillime

258 4329 323 4383 saepe
342 4315 381 4368 rel
403 4317 509 4371 multis.
552 4318 714 4375 Particulam
739 4323 766 4376 in
792 4322 915 4376 oratione
938 4321 1081 4391 ῥητορικῶς
1106 4315 1196 4388 paullo
1222 4332 1299 4367 corn-

259 4404 362 4458 motiore
382 4424 438 4457 non
458 4404 628 4462 desiderabis.
665 4409 746 4480 Mc„

316 4495 406 4562 Quam
430 4491 463 4545 ob
488 4512 542 4548 rem
566 4496 628 4550 licet
653 4498 787 4565 irrideat,]
813 4496 899 4553 codd.
924 4496 988 4551 On.
1006 4494 1036 4547 E.
1055 4492 1074 4546 Ι.
1100 4490 1162 4540 licet
1188 4505 1226 4539 me
1250 4488 1298 4539 1103
