3517 5450
366 759 491 804 xxxvttt
545 755 783 803 ruotuflouutta
809 753 850 798 to
874 752 1043 799 CICERONIS
1071 753 1256 801 rtssooxt.

364 937 448 988 quum
469 924 557 968 tamen
576 914 601 966 id
622 913 654 965 sd
671 931 729 964 eam
748 909 927 981 suspicionem
946 909 1045 963 «lucere
1064 924 1088 965 et
1098 913 1215 982 potuerit
1233 933 1411 986 unumquem-

364 1025 416 1076 que
435 1015 461 1056 et
482 1001 619 1067 debuerit,
644 1011 673 1053 ut
690 999 746 1052 lieri
776 1017 852 1070 posse
871 998 1044 1064 existimaret,
1075 1019 1161 1072 neque
1180 999 1300 1054 Graecas
1328 1019 1411 1072 neque

363 1092 469 1145 Latinas
487 1089 670 1157 inscriptiones
688 1107 702 1140 a
722 1086 855 1140 Cicerone
874 1106 929 1139 esse
948 1086 1077 1153 adiectas,
1096 1088 1141 1141 sed
1161 1088 1252 1141 omnia
1270 1108 1314 1142 ses
1332 1090 1412 1141 Para·

362 1181 428 1233 dora
448 1179 576 1232 continuo
595 1196 649 1229 esse
666 1174 786 1246 legenda.
824 1173 852 1225 ld
871 1185 942 1228 certe
960 1192 1057 1245 magna
1075 1175 1280 1247 inscriptionum
1299 1189 1326 1231 et
1345 1178 1411 1232 bati-

363 1285 459 1321 narum
476 1276 502 1319 et
512 1264 678 1318 Graecarum
695 1263 879 1333 discrepantia,
895 1262 1047 1317 Latinarum
1066 1265 1146 1317 etism
1157 1266 1285 1330 absentia,
1304 1265 1332 1318 in
1344 1267 1410 1319 rnul-

364 1357 394 1408 tis
412 1354 490 1408 etiam
510 1352 677 1407 Graecarum
702 1350 837 1404 suadebat.
884 1350 989 1419 Quodsi
1014 1351 1203 1406 Grammaticis
1226 1353 1320 1406 deberi
1344 1354 1411 1408 dicas

361 1441 547 1514 inscriptiones
563 1450 704 1511 utrasque,
727 1437 812 1490 serius
837 1438 938 1492 dictum
967 1439 1031 1494 erit:
1059 1441 1227 1511 Degustobs's
1250 1461 1339 1512 genus
1367 1443 1410 1495 hoc

361 1530 582 1582 exercitationum
599 1544 707 1590 eorum,
727 1523 824 1598 quihus
842 1527 885 1577 uti
903 1527 1044 1592 consuevi,
1064 1547 1147 1598 quum
1163 1547 1210 1589 eo,
1229 1547 1301 1599 quae
1321 1529 1410 1582 ‹licun-

362 1629 409 1669 tur
426 1619 455 1668 in
472 1617 570 1669 scholis
589 1610 731 1678 desisti,
759 1615 797 1664 ad
821 1625 944 1666 nostrum
972 1616 1022 1667 ltoc
1040 1617 1187 1668 oratorium
1213 1618 1356 1688 transfero
1373 1618 1410 1668 di·

361 1705 436 1756 csndi
452 1722 552 1775 genus:
572 1703 588 1754 i.
600 1722 623 1755 e.
643 1702 801 1785 Degustabis
820 1701 870 1754 hoc
890 1702 978 1755 libello
997 1703 1061 1756 illud
1082 1693 1301 1757 exercitationum
1320 1723 1408 1776 genus,

361 1812 416 1863 quo
435 1791 630 1846 enuntiationes
653 1788 805 1861 generales,
833 1790 981 1842 cuiusmodi
1008 1803 1070 1844 sunt
1094 1790 1247 1845 Stoicorum
1268 1788 1409 1861 Παράδοξα

361 1877 471 1947 (desisti
498 1879 569 1932 enim
600 1898 661 1932 cum
685 1877 816 1929 Turnebo
841 1877 1072 1943 adversarum,
1092 1883 1136 1931 20.
1164 1879 1350 1948 interpreteris
1373 1898 1407 1942 ea,

360 1988 429 2041 quae
447 1968 480 2021 de
497 1978 554 2021 toto
572 1966 662 2038 aliquo
681 1985 779 2037 genere
798 1965 975 2031 disserantur,
995 1965 1075 2018 nullis
1092 1967 1305 2037 circumscriptis
1323 1985 1407 2036 perso·

359 2059 417 2124 nis,
437 2056 515 2121 locis,
533 2055 710 2124 temporibus,
743 2073 827 2125 quum
847 2058 933 2112 diosus
961 2055 988 2105 in
1020 2052 1156 2108 rhetorum
1187 2054 1284 2108 scholis
1304 2054 1406 2125 proprie

358 2146 411 2198 sint
428 2143 596 2214 quaestiones
613 2142 751 2209 infinitos,
770 2142 909 2211 oppositae
920 2140 1124 2212 hypothesibus,
1144 2142 1160 2195 i.
1169 2161 1192 2194 e.
1211 2143 1406 2213 quaestionibus

360 2231 509 2298 definitis:)
539 2248 594 2300 quo
612 2228 694 2299 igitur
719 2229 798 2280 etiam
819 2227 1038 2300 pbilosophorum
1058 2230 1254 2283 enuntiationes
1278 2231 1408 2300 generales

359 2319 553 2371 transferantur
570 2316 603 2368 ad
623 2316 770 2370 oratorium
797 2308 903 2369 dicendi
929 2336 1015 2388 genus
1042 2330 1103 2390 apte
1127 2318 1306 2371 includendae
1324 2319 1351 2370 in
1370 2319 1405 2370 lo·

358 2426 449 2460 renses
467 2405 600 2458 orationes
623 2415 648 2457 et
666 2405 693 2456 in
713 2406 857 2457 senatorias
875 2407 1032 2471 sententias,
1058 2417 1138 2478 atque
1166 2406 1307 2460 ineruditis
1333 2407 1403 2458 etiam

358 2494 511 2549 hominibus
530 2493 693 2564 probandae.
744 2493 778 2546 At
798 2494 853 2564 ipsa
872 2494 985 2548 thesium
1003 2495 1105 2558 forma,
1132 2512 1184 2565 qua
1199 2495 1275 2545 nudo
1297 2494 1343 2548 ista
1362 2511 1402 2560 po·

359 2583 507 2648 nuntur'),
536 2601 586 2653 per
604 2600 678 2634 suam
698 2592 821 2635 naturam
842 2582 950 2653 propria
970 2593 1008 2636 est
1026 2582 1137 2647 scholis,
1162 2581 1248 2633 aliena
1267 2582 1300 2632 ab
1321 2591 1402 2633 orato·

357 2672 398 2724 rio
417 2689 530 2743 genere,
555 2670 587 2722 ad
608 2669 680 2742 quod
701 2668 794 2721 θετικά
814 2673 840 2722 in
859 2671 910 2724 boc
927 2671 1016 2724 libello
1039 2669 1134 2724 Cicero
1155 2669 1286 2723 transfert.
1329 2669 1400 2736 „Iam

358 2779 432 2825 „uno
451 2757 515 2811 mihi
535 2768 641 2823 tenore,
660 2757 748 2828 inquit
767 2758 1011 2829 Morgensternius,
1037 2758 1095 2831 lege
1113 2769 1198 2813 totum
1218 2759 1357 2812 Ciceronis
1375 2757 1401 2807 ti·

358 2845 492 2913 „bellum,
512 2844 596 2898 missis
613 2845 780 2915 singolorum
800 2846 1001 2900 Paradosorum
1020 2847 1101 2902 titulis
1120 2858 1146 2901 et
1164 2847 1276 2901 Graecis
1293 2859 1319 2900 et
1336 2845 1397 2899 Lati·

355 2935 424 3001 „nis
467 2932 571 2987 Senties
591 2936 739 2987 oratorium
758 2934 839 3001 illud,
859 2936 932 3007 quod
950 2935 1056 2989 Tullius
1073 2938 1248 3008 sequebatur,
1267 2934 1397 2988 artificium

356 3031 500 3089 „auctum,
518 3038 669 3092 nexumque
688 3021 859 3091 continuum,
877 3024 988 3095 singulis
1006 3023 1123 3078 thesibus
1140 3044 1196 3076 non
1214 3023 1397 3094 interruptum:

356 3128 431 3180 „non
453 3107 538 3161 multo
557 3108 641 3179 magis
659 3118 731 3162 certe
749 3108 924 3175 desiderabis,
949 3131 1029 3184 quam
1055 3115 1084 3165 in
1111 3131 1236 3165 sermone
1252 3106 1396 3181 Damasippi

355 3197 447 3268 „apud
465 3196 606 3249 Horatium
617 3197 668 3265 ”),
686 3196 732 3249 ubi
751 3199 837 3251 oratio
855 3200 889 3252 ab
907 3200 960 3253 alio
978 3200 1162 3270 disputationis
1180 3201 1267 3272 capite
1286 3201 1318 3253 ad
1337 3195 1396 3253 aliud

356 3297 575 3352 „transcurrens,
596 3284 674 3338 etiam
693 3286 755 3338 satis
771 3305 849 3357 saepe
867 3297 906 3340 est
923 3287 1064 3358 abrupta.“

428 3375 458 3427 ln
480 3373 614 3446 plerisque
637 3372 700 3427 mihi
720 3374 829 3446 quidem
855 3395 948 3429 verum
975 3377 1066 3430 vidisse
1083 3377 1150 3429 risus
1169 3388 1207 3430 est
1228 3376 1268 3428 sir
1286 3373 1393 3429 doctissi-
1418 3373 1420 3375 ³

357 3481 427 3515 mus:
452 3462 479 3514 in
507 3460 557 3515 hac
581 3481 643 3514 vero
666 3462 700 3515 de
723 3463 944 3532 inscriptionibus
963 3464 1155 3536 disputatione,
1184 3466 1305 3537 quamvis
1328 3472 1393 3517 acuta

354 3552 398 3603 illa
418 3561 443 3603 et
462 3549 555 3615 docta,
576 3549 602 3601 in
623 3560 705 3603 totam
726 3563 798 3604 certe
816 3554 872 3605 eius
893 3553 1050 3607 sententiam
1070 3554 1182 3623 pedibus
1205 3554 1244 3607 ire
1269 3573 1325 3607 non
1342 3568 1393 3623 pos·

355 3656 422 3689 sum.
459 3636 555 3689 Libens
581 3637 680 3690 accedo
699 3638 731 3702 ei,
752 3638 871 3691 Latinam
892 3639 1058 3694 Graecorum
1077 3642 1278 3695 Paradosorum
1296 3656 1394 3696 conver·

356 3726 456 3777 sionem
476 3723 573 3778 dicenti
599 3743 653 3777 non
679 3724 760 3777 rideri
786 3746 800 3778 a
827 3725 958 3781 Cicerone
981 3730 1119 3782 adiectam.
1165 3729 1265 3782 Brutus
1292 3740 1360 3783 certe
1375 3732 1393 3773 el

356 3812 511 3885 quicunque
535 3810 617 3865 homo
639 3813 777 3867 Romanus
796 3812 914 3869 lecturus
938 3829 994 3872 erat
1016 3817 1089 3871 hunc
1115 3818 1250 3884 libellum,
1278 3838 1331 3871 non
1359 3809 1392 3869 tali

354 3899 448 3971 egebat
467 3899 571 3952 auxilio.
609 3900 669 3953 Non
688 3901 768 3955 fuisse
787 3904 888 3958 additas
906 3926 920 3959 a
938 3904 1071 3961 Cicerone
1085 3906 1273 3978 inscriptiones
1292 3905 1392 3962 Latinas,

355 4006 438 4059 quum
458 4007 487 4038 ex
514 4008 604 4040 earum
630 3990 746 4043 absentia
774 3991 812 4044 rel
842 3993 999 4061 omissione,
1025 3992 1081 4048 tuin
1108 4016 1136 4047 es
1164 4014 1257 4047 earum
1282 3995 1391 4047 varietate

354 4086 427 4129 recte
444 4075 602 4147 suspiceris:
632 4078 744 4130 eandem
772 4099 834 4132 vero
861 4082 1041 4152 suspicionem
1067 4102 1123 4135 non
1148 4082 1257 4153 probari
1284 4079 1390 4153 possein

353 4164 481 4231 Graecis,
501 4175 528 4217 ut
541 4164 626 4231 dicas,
653 4164 773 4220 Graecae
793 4169 864 4237 quod
884 4169 911 4221 in
931 4170 1020 4223 multis
1038 4170 1113 4224 libris
1130 4170 1224 4223 desunt
1242 4191 1257 4221 a
1272 4169 1390 4222 Cicerone

425 4385 448 4452 ⁸)
469 4386 585 4457 Respicit
603 4388 635 4439 ad
656 4390 734 4443 rerba
753 4390 846 4442 Parad.
868 4391 910 4458 ΙΙΙ,
930 4397 961 4444 2:
990 4393 1072 4444 Nurlo
1090 4393 1145 4443 isto
1164 4391 1188 4441 si
1206 4408 1306 4458 potrus,
1329 4381 1389 4437 iudi·

355 4455 426 4508 cori.
445 4458 537 4526 qssulio
556 4459 629 4514 siut.
646 4479 697 4510 non
711 4460 801 4531 focile
818 4475 941 4531 possunt.

414 4524 455 4594 **)
476 4528 600 4600 Intelligit
618 4528 708 4585 Ilorat.
728 4531 815 4587 Serus.
834 4532 865 4599 ll,
886 4536 911 4588 3.
