3517 5450
368 748 426 795 xlv
523 742 623 791 tubex
652 741 834 787 aestuares
864 741 982 789 cutrtct
1010 745 1051 788 AD
1076 746 1259 795 PARABOXA.

273 962 275 966 ,
367 928 392 980 p.
410 907 612 961 tter—1192.
649 904 690 956 De
710 902 747 956 bis
767 921 850 973 pauca
870 902 933 954 dixit
951 901 1052 957 Gernb.
1074 907 1100 957 in
1122 907 1290 962 praefatione
1310 910 1342 962 ad
1363 910 1419 963 Cat.

367 995 427 1049 mai.
447 1005 473 1047 et
490 993 585 1046 Parad.
605 1013 631 1064 p.
647 1009 664 1044 v
683 1013 721 1064 sq.

438 1086 482 1136 at.
526 1081 611 1132 Codex
642 1081 890 1151 Erlangensis.
944 1079 1032 1134 Exstat
1059 1083 1235 1152 Programma
1271 1084 1418 1139 litterarum

366 1170 540 1226 universitatis
565 1167 750 1238 Erlangensis,
776 1187 791 1221 a
821 1168 876 1220 viro
902 1167 997 1234 docto,
1025 1169 1113 1223 nescio
1144 1190 1212 1241 quo,
1242 1174 1372 1244 scriptum
1398 1195 1420 1227 a.

366 1262 449 1325 1809,
470 1257 543 1329 quod
563 1256 640 1310 habet
657 1259 719 1322 „De
738 1254 950 1307 memorabilibus
969 1255 1129 1327 quibusdam
1148 1259 1332 1312 Bibliothecae
1343 1266 1419 1315 Acu-

365 1351 479 1399 (lemicae
497 1345 698 1416 Erlangensis“
718 1342 981 1397 Commentationem
1000 1363 1110 1398 nonam.
1146 1344 1192 1400 Est
1204 1347 1240 1399 ibi
1254 1347 1322 1401 Cod.
1334 1349 1420 1404 Char·
1438 1403 1444 1414 ,

366 1449 454 1491 taceas
472 1455 513 1489 nr.
532 1433 675 1486 xxxvttl.
696 1432 714 1486 t'.
730 1452 766 1488 m.
783 1432 858 1486 cuius
876 1431 1005 1485 lectiones
1021 1431 1124 1503 aliquot
1142 1434 1210 1502 (non
1223 1435 1319 1506 plures,
1338 1459 1419 1510 quam

364 1526 418 1593 ser)
437 1525 600 1578 exhibentur.

436 1616 499 1666 2².‘
523 1613 606 1663 Vetus
635 1607 757 1661 Caroli
789 1607 976 1679 Stephani,
1018 1610 1045 1661 in
1071 1609 1121 1664 Ed.
1151 1612 1184 1680 ej.
1210 1611 1334 1682 Operum
1361 1613 1416 1668 Cic.

364 1700 397 1753 T.
416 1699 461 1752 lV.
481 1719 507 1770 p.
524 1701 592 1764 479,
612 1717 667 1750 non
687 1696 909 1750 contemnendus.

436 1787 485 1839 Vir
504 1787 681 1840 necessarium
710 1786 812 1838 videtur
836 1783 949 1850 addere,
983 1786 1123 1855 respexisse
1152 1806 1194 1839 me
1226 1790 1305 1840 etiam
1336 1791 1419 1843 varias

365 1877 491 1930 lectiones
515 1877 549 1929 ab
577 1869 720 1938 Ursino,
751 1871 935 1935 Lambino,
963 1871 1050 1925 Atdo
1077 1873 1226 1944 Nepote,
1254 1874 1418 1943 Grutero,

364 1965 531 2029 Graerio,
551 1961 746 2027 Gronorio,
773 1960 799 2012 in
820 1978 905 2030 marg.
926 1958 1082 2012 Editionum
1108 1961 1417 2016 Lambinianarum

363 2058 437 2126 (post
455 2053 504 2106 Ed.
524 2051 617 2119 1666.)
635 2069 664 2103 ex
685 2047 830 2101 Codicibus
848 2046 957 2114 allatas,
983 2050 1047 2101 item
1074 2050 1101 2101 in
1123 2047 1152 2101 C.
1171 2049 1297 2120 Langii
1321 2051 1355 2104 ad
1375 2055 1419 2105 ci-

362 2160 487 2194 ceronem
518 2137 743 2192 Annotationibus
771 2136 815 2202 (ad
844 2136 944 2189 calcem
971 2135 1004 2188 A.
1024 2135 1167 2190 Schotti
1195 2138 1418 2192 Observationum

363 2232 562 2281 Humanarum.
582 2224 630 2276 Ed.
649 2224 799 2287 Hanoviae,
828 2220 951 2276 Wecbel.
971 2226 1052 2278 1615.
1073 2226 1127 2290 4.),
1146 2225 1173 2277 in
1198 2225 1247 2279 Ed.
1271 2226 1418 2299 Borger-

362 2315 421 2380 sii,
440 2312 657 2378 Gernbardi,
676 2310 812 2364 Orellii.

566 2559 604 2616 ll.
648 2555 866 2616 ammonas
891 2556 1208 2620 Pauauuxottuu:

462 2715 494 2798 a)
541 2713 769 2801 Singulares:

432 2841 456 2889 1.
493 2836 586 2886 Editio
603 2836 659 2886 sine
677 2835 733 2887 loco
749 2846 777 2886 et
795 2854 880 2888 anno:
900 2837 1047 2906 quaternis:
1066 2836 1147 2889 seculi
1162 2837 1219 2889 sine
1232 2836 1315 2889 dubio
1328 2842 1414 2910 quinti

361 2925 466 2979 decimi.
504 2924 608 2976 Desunt
626 2921 730 2975 Graeca
749 2924 856 2989 omnia,
885 2942 978 2976 eorum
997 2923 1074 2989 loco,
1093 2924 1139 2976 ubi
1159 2925 1292 2978 debebant
1314 2947 1369 2981 esse
1387 2929 1414 2980 in

361 3012 502 3075 contestis,
529 3012 626 3064 lacuna
646 3023 692 3064 est.
739 3011 843 3065 Desunt
867 3013 946 3066 etiam
973 3013 1074 3065 litterae
1098 3011 1210 3066 initiales
1233 3015 1370 3069 Prooemii
1389 3028 1414 3070 et

359 3101 526 3173 singulorum
542 3099 756 3152 Paradororum:
775 3099 847 3153 deest
866 3101 929 3153 item
944 3101 1082 3171 inscriptio
1095 3100 1187 3154 Latina
1199 3104 1323 3172 paradoxi
1336 3106 1415 3159 tertii.

359 3191 448 3243 Prima
475 3187 572 3261 pagina
601 3207 682 3241 sacua
710 3186 788 3241 babet
813 3188 1015 3259 inscriptionem
1040 3190 1130 3240 Marci
1158 3190 1242 3241 Tullii
1268 3192 1414 3260 Cicelronis

358 3281 514 3333 Parodana.
551 3276 668 3330 Libellus
688 3287 726 3330 est
745 3276 927 3347 duodeviginti
947 3276 1115 3347 paginarum.
1151 3278 1264 3331 Litterae
1283 3280 1415 3334 suntGo-

360 3369 443 3423 tbicae
485 3387 550 3440 quas
574 3366 674 3419 dicunt.
719 3366 859 3419 Lectiones
884 3352 953 3417 baud
983 3384 1081 3435 paucas
1110 3364 1189 3418 babet
1216 3368 1413 3421 memorabiles.

357 3456 479 3527 lusigniri
500 3475 558 3508 eam
578 3454 671 3509 litteris
692 3453 809 3525 Hdtbg„
834 3454 896 3525 qnia
917 3472 977 3505 eam
1003 3451 1088 3505 debeo
1107 3453 1287 3507 Bibliothecae
1308 3456 1413 3508 Acade-

357 3544 442 3597 micae
461 3542 686 3611 Heidelbergensi.

430 3635 452 3681 2.
488 3628 578 3681 Editio
596 3629 733 3692 Parisino,
751 3628 806 3680 sine
828 3648 915 3681 anno:
935 3632 1083 3701 quaternis:
1103 3631 1184 3685 seculi
1204 3632 1290 3702 quinti
1302 3632 1413 3685 decimi:

357 3728 394 3772 est
413 3714 554 3768 duodecim
574 3713 709 3768 loliorum.
746 3715 887 3787 inscriptio
906 3728 958 3771 est:
977 3719 1124 3770 Paradoxa
1143 3720 1283 3771 Ciceronis.
1301 3748 1335 3758 —
1369 3725 1410 3771 M.

358 3804 495 3856 Autlroine
514 3802 637 3857 Denidel.
674 3802 703 3855 ln
723 3803 789 3857 stne:
814 3805 930 3857 Parisiis
949 3806 1025 3875 impr.
1041 3825 1091 3874 per
1109 3808 1187 3860 autb.
1207 3807 1265 3860 den.
1291 3809 1320 3859 in
1338 3810 1408 3859 arti-

358 3890 407 3941 bus
426 3888 585 3960 magistrum
611 3900 674 3941 ante
694 3892 835 3962 collegium
855 3893 886 3943 de
905 3894 1028 3964 coquerel
1052 3895 1079 3945 in
1104 3895 1262 3966 intersignio
1281 3897 1410 3948 catlredre

356 3985 557 4027 commorantem
574 3986 602 4027 et
619 3996 704 4047 nuper
722 3997 825 4030 summa
844 3999 903 4031 cum
923 3980 1065 4052 diligentia
1084 3993 1203 4035 correcta
1221 3994 1249 4033 et
1269 3985 1412 4036 emendata

350 4063 473 4134 feliciter
490 4064 647 4132 expliciunt.

501 4152 554 4221 Qui
572 4172 624 4203 non
643 4155 777 4207 assuescit
797 4156 911 4219 virtuti,
930 4156 992 4207 dum
1011 4157 1176 4218 iuvenescit5

498 4241 527 4292 A
545 4240 620 4292 vitiis
639 4242 723 4292 nescit
742 4242 888 4308 discedere,
906 4245 1015 4314 quando
1034 4248 1155 4297 senescit.

356 4324 403 4379 Est
421 4325 486 4381 baec
503 4327 584 4381 editio
603 4327 666 4381 item
684 4328 754 4385 Bibl.
773 4329 855 4383 Acad.
875 4330 1044 4402 Heidelberg.
1081 4333 1177 4387 Notavi
1196 4353 1255 4388 eam
1276 4339 1412 4388 Pansa.

428 4417 453 4468 3.
490 4419 530 4471 M.
552 4420 582 4469 Τ.
604 4417 735 4468 Ciceronis
753 4420 910 4475 Paradoxa.
929 4417 1122 4489 παράδοξα.
1167 4426 1331 4492 Irnpressum
1349 4429 1412 4475 Da-

356 4504 458 4553 urntrie
475 4521 524 4571 per
542 4522 581 4555 me
599 4503 744 4557 Albertum
758 4505 905 4575 [loffraem
934 4511 1016 4561 Anno
1034 4509 1229 4562 incarnationis
1251 4511 1351 4561 clentini
1370 4514 1409 4563 M.
