3517 5450
357 710 431 784 218
686 732 857 780 ramnoxn
885 730 1079 779 srorconnu.

354 892 408 946 bile
427 890 491 962 quid
515 901 666 943 narrantem
687 890 750 944 lacit
768 890 867 943 Alsium
886 888 1032 953 Graevius,
1056 887 1240 959 duodeviginti
1260 889 1395 944 eiusnodi·

355 1001 399 1033 ces
416 978 514 1031 habere
534 983 588 1030 Cur
601 996 651 1049 ego
670 978 844 1030 stimulem
864 998 912 1032 me.
949 977 1002 1030 Sed
1021 975 1091 1030 salva
1109 996 1152 1030 res
1171 988 1218 1031 est.
1266 976 1336 1031 Suos
1359 978 1395 1031 br-

355 1068 418 1119 bere
438 1065 500 1131 vult,
520 1064 592 1137 quod
612 1084 677 1118 nos:
697 1084 793 1119 norem
813 1085 861 1118 cur
878 1085 928 1137 ego
945 1084 986 1116 me
1003 1065 1132 1120 simulem.
1180 1064 1222 1118 Ad
1250 1067 1393 1120 sententian

355 1154 388 1207 cl.
407 1153 463 1206 Cic.
485 1172 534 1223 pro
553 1151 624 1204 Mur.
645 1154 689 1219 29,
709 1156 760 1207 61:
788 1153 913 1224 quoniam
935 1170 989 1204 non
1012 1163 1053 1204 est
1072 1151 1146 1204 nobis
1163 1154 1232 1205 baec
1249 1156 1338 1207 oratio
1355 1157 1394 1205 lra-

357 1241 442 1293 benda
472 1251 523 1292 aut
550 1260 611 1291 oum
638 1241 764 1308 imperita
793 1239 983 1305 multitudine,
1017 1249 1068 1290 aut
1094 1240 1122 1292 in
1152 1240 1249 1312 aliquo
1276 1252 1394 1293 conventu

355 1329 502 1400 agrestium
512 1349 521 1391 ,¹
544 1329 571 1380 in
587 1328 641 1381 Pis.
660 1331 703 1394 28,
722 1331 771 1382 68:
792 1329 853 1379 Non
872 1327 948 1397 apud
962 1327 1098 1390 indoctos,
1125 1328 1186 1384 sed,
1215 1339 1250 1379 ut
1269 1347 1319 1400 ego
1336 1329 1393 1381 arbi-

355 1428 427 1481 tror,
455 1418 485 1469 in
509 1417 643 1469 bominum
667 1415 909 1468 eruditissimorum
937 1424 964 1466 et
989 1414 1244 1467 humanissimorum
1269 1425 1344 1467 coetu
1364 1416 1392 1467 ln

355 1524 430 1575 quur.
466 1504 527 1557 Mr.

426 1592 576 1665 quibus-
594 1611 646 1644 non
664 1593 759 1659 sunt]
796 1590 842 1644 Est
860 1591 916 1642 sint
935 1591 963 1644 in
982 1590 1050 1644 Edd.
1068 1591 1139 1644 Vict.
1157 1590 1230 1643 Rob.
1247 1589 1338 1662 Stepb.
1353 1588 1391 1642 Ca·

356 1701 423 1735 mer.
459 1679 538 1748 Quae
557 1679 785 1744 accommodatio,
812 1680 1026 1751 repugnantibus
1052 1678 1126 1732 libris
1149 1679 1258 1750 scriptis
1276 1680 1391 1741 omnibus,

356 1770 388 1823 ad
407 1767 609 1822 antecedentem
629 1768 829 1822 coniunctirum
849 1769 961 1839 loquar,
979 1767 1061 1820 nimia
1080 1777 1127 1820 est.
1164 1766 1225 1820 ΜΡ.

426 1859 450 1910 si
469 1857 535 1928 quid
551 1859 579 1907 in
606 1857 649 1908 liis
667 1857 767 1908 studiis
792 1873 887 1925 operae
909 1856 1058 1925 posuerim,
1080 1853 1262 1923 perdidissei]
1306 1853 1356 1905 Pro
1374 1851 1391 1902 si

356 1945 423 2016 quid
439 1943 517 1999 babet
535 1944 608 2015 quod
625 1942 693 1997 cod.
710 1943 819 2009 Duisb.,
839 1943 863 1994 si
881 1944 1015 2014 quidem
1034 1940 1102 1996 Cod.
1122 1942 1201 1994 Drsd.
1223 1947 1251 1996 4.
1293 1941 1346 1993 Pro
1361 1941 1391 1991 lis

355 2042 393 2084 est
412 2033 464 2084 ltiis
483 2032 510 2084 in
530 2030 589 2084 Cra.
609 2035 653 2098 1.,
670 2033 732 2083 istis
750 2032 777 2084 in
797 2032 856 2084 cn.
867 2036 910 2092 23
926 2032 984 2100 opis
1001 2051 1052 2103 pro
1070 2033 1170 2101 operis,
1190 2031 1314 2103 neglecta
1332 2047 1392 2083 con·

356 2119 445 2191 peudii
466 2119 563 2190 figura,
584 2119 650 2172 cod.
668 2119 749 2173 Drsd.
767 2122 793 2173 b.
836 2116 910 2171 ldem
936 2120 1119 2188 perdidissem.
1146 2119 1208 2171 Mn.
1251 2119 1391 2189 „Frequens

355 2220 394 2262 est
411 2206 491 2260 dictio
510 2225 617 2276 operam
634 2209 663 2259 in
681 2208 776 2278 aliqua
801 2227 828 2260 rs
844 2207 954 2277 perdere
971 2207 989 2262 i.
1010 2227 1032 2261 e.
1051 2208 1148 2261 frustra
1166 2207 1195 2260 in
1216 2227 1247 2260 ea
1268 2207 1391 2267 laborasse,

356 2296 441 2350 multo
460 2295 552 2349 labore
570 2294 636 2348 nibil
654 2295 781 2348 effecisse.
817 2294 900 2363 Quod
920 2313 982 2348 vero
1000 2295 1103 2366 pergite
1127 2295 1231 2346 dictum
1255 2304 1298 2346 est
1314 2294 1391 2364 igitur,

357 2384 383 2443 in
404 2403 436 2437 eo
463 2382 617 2436 continetur
641 2383 798 2436 instauratio
823 2382 1030 2436 constructionis
1057 2402 1105 2453 per
1127 2381 1302 2454 parenthesin
1326 2383 1392 2434 inter·

357 2481 464 2541 ruptae,
486 2469 585 2542 quain
605 2470 796 2525 instauratione
821 2470 981 2542 plerumque
1006 2481 1118 2524 utuntur
1142 2470 1275 2541 particula
1294 2470 1390 2542 igitur.“

357 2559 464 2630 Wytt.
507 2557 607 2611 Similis
631 2559 808 2626 constructio,
835 2569 895 2631 post
919 2556 1087 2612 intervallum
1114 2557 1200 2612 multo
1227 2557 1344 2629 longius,
1364 2564 1394 2607 est

357 2647 453 2701 Tusce.
473 2646 493 2712 l,
512 2651 556 2714 28,
575 2651 624 2701 682
657 2651 706 2713 Ut,
732 2667 833 2720 quum
852 2648 1010 2700 uidemus
1033 2647 1144 2716 speciem
1167 2645 1288 2714 primum
1312 2643 1393 2717 canda·

359 2755 466 2807 remque
485 2737 566 2803 caeli,
587 2737 647 2787 dein
666 2766 701 2775 -
719 2766 754 2777 —
774 2736 909 2808 usquead
927 2734 1014 2807 §.to
1033 2733 1215 2806 undetriginta
1233 2734 1312 2787 lineis
1328 2735 1393 2785 inter·

360 2822 465 2894 positis,
491 2823 538 2876 ubi
563 2824 663 2895 pergit:
694 2825 761 2876 baec
791 2824 908 2895 igitur
934 2834 963 2874 et
988 2823 1046 2875 alia
1071 2823 1284 2875 innumerabilia
1312 2839 1394 2895 quun

359 2910 561 2975 cernimus,
577 2929 754 2980 possumusne
781 2910 920 2975 dubitare,
952 2911 1018 2981 quin
1042 2921 1092 2964 etc.
1137 2910 1204 2963 Post
1233 2911 1302 2978 viris
1325 2908 1395 2983 pergit

360 3001 418 3053 Cra.
432 3002 458 3052 1.
475 2998 611 3065 neminem,
630 2998 684 3052 nisi
700 2999 862 3069 sapientem,
880 3018 938 3051 esse
955 2988 1066 3051 liberum
1074 3019 1084 3060 ,·
1104 2997 1172 3052 cod.
1191 2998 1275 3055 Drsd.
1291 3004 1316 3054 5.
1332 2997 1395 3051 babet

360 3087 425 3138 viris
443 3105 509 3137 nan
527 3086 736 3156 sapientibus,
755 3106 784 3139 es
802 3105 879 3152 ¹more
898 3085 1085 3153 librariorum,
1114 3088 1210 3153 verba,
1228 3109 1299 3161 quae
1317 3104 1395 3159 parurn

361 3172 552 3244 intelligerent,
571 3174 696 3244 prosimis
714 3174 949 3242 accommodanti,
972 3194 1059 3229 veram
1078 3175 1131 3230 loci
1148 3178 1310 3230 sententiam
1327 3173 1397 3245 negli-

361 3259 449 3330 gendi.
486 3260 545 3314 Mr.
1042 3270 1047 3276 '

431 3350 588 3404 dictumest
605 3350 693 3422 igitur
710 3380 744 3391 -
762 3367 819 3405 esse
836 3354 974 3420 neminem]
994 3353 1125 3420 „Dictum
1142 3362 1199 3417 est,
1217 3352 1316 3424 inquit,
1332 3348 1397 3405 nimi·

360 3460 419 3493 rum
440 3458 495 3492 non
514 3458 529 3491 a
548 3438 644 3494 Stoicis
663 3440 760 3505 modo,
786 3440 831 3493 sed
859 3440 1040 3495 aSocraticis
1066 3440 1208 3507 omnibus,
1234 3452 1266 3495 ut
1286 3452 1325 3495 est
1339 3435 1397 3510 apul

359 3529 497 3592 Platonem
518 3539 543 3581 et
561 3526 800 3599 Xenophontem.“
817 3528 916 3582 Face.
954 3528 1123 3594 „Collocatio
1142 3528 1267 3583 vocabuli
1290 3528 1399 3580 neminen

358 3616 385 3669 in
406 3617 458 3669 fine
478 3616 556 3688 positi
575 3627 602 3670 et
626 3616 708 3669 moris
727 3626 765 3669 est
796 3615 901 3669 romani
931 3626 958 3669 et
983 3616 1093 3687 insignis
1117 3615 1282 3670 efficaciam
1307 3614 1397 3684 Wyu.

359 3705 486 3758 Similiter
505 3704 593 3756 amnia
614 3724 675 3758 cum
695 3704 718 3757 vi
738 3704 848 3775 ponitur
866 3705 895 3758 in
914 3704 983 3769 fine,
1001 3703 1035 3757 de
1053 3702 1143 3770 0111,
1156 3707 1202 3769 14,
1220 3707 1268 3757 42.
1287 3702 1398 3772 adquam

361 3792 509 3860 [iustitiam]
537 3792 679 3862 referenda
706 3803 772 3845 sunt
797 3794 896 3847 omnia.
936 3791 1038 3845 Laudat
1064 3791 1147 3863 Borg.
1167 3790 1255 3844 inlus
1277 3791 1342 3854 nisi,
1363 3784 1398 3859 qui

360 3880 402 3929 ito
421 3879 457 3932 sit
476 3878 603 3946 afflictus,
622 3898 679 3932 esse
696 3879 809 3933 liberum
826 3880 913 3933 nemi
920 3898 1008 3942 nem,·
1028 3880 1061 3932 de
1079 3879 1143 3933 Seu.
1161 3884 1196 3936 4:
1215 3880 1266 3933 illo
1283 3878 1398 3932 exstineto

357 3965 437 4036 fores
466 3965 539 4017 unde
557 3967 696 4029 discerem,
717 3969 882 4022 neminem
889 3989 899 4029 ‚·
919 3970 952 4022 de
969 3969 1036 4040 Rep.
1055 3968 1087 4035 ll,
1107 3973 1157 4023 25:
1181 3968 1211 4020 in
1232 3962 1397 4020 conservando

364 4054 461 4107 ciuium
478 4052 604 4106 libertate
623 4073 679 4107 esse
694 4058 835 4125 priuatum
853 4045 1027 4110 neminem.
1064 4056 1125 4111 Mr.

432 4141 506 4213 Quid
521 4151 563 4193 est
586 4143 655 4194 enim
679 4142 821 4213 libertas?]
865 4146 986 4210 „Probat
1012 4144 1127 4198 Ursinus
1151 4144 1225 4216 quod
1251 4144 1280 4197 in
1304 4140 1397 4209 antiquo

361 4251 409 4284 suo
430 4230 541 4303 legitur:
560 4230 634 4300 Quid
650 4242 691 4283 eet
708 4233 828 4303 igitur
847 4232 975 4299 libertas,
1000 4233 1076 4285 nisi
1088 4242 1217 4301 potestas
1236 4228 1351 4291 vivendi,
1373 4232 1395 4273 ul

362 4319 455 4375 nelis.“
475 4317 641 4390 Sylburg.
678 4318 744 4372 Cod.
763 4320 822 4374 Cra.
841 4328 883 4375 2:
902 4322 977 4392 Quid
990 4321 1058 4373 enim
1076 4330 1119 4373 est
1137 4318 1272 4372 libertas?
1300 4312 1395 4369 Dant

363 4405 411 4459 01.
431 4408 451 4461 l.
470 4408 593 4480 quidest
613 4418 728 4460 autem
748 4409 881 4462 libertas?
913 4412 1016 4464 Vocem
1034 4409 1103 4461 enim
1124 4407 1224 4462 omittit
1241 4406 1328 4466 Onu·
1358 4396 1395 4451 S*

364 4495 455 4565 quitur
471 4498 498 4550 in
519 4496 568 4551 Οι.
586 4492 709 4551 N.'Gud.
728 4498 759 4550 A.
776 4497 885 4553 Suerin.
905 4500 983 4553 Drsd.
1003 4502 1028 4552 1.
1047 4502 1074 4553 3.
1091 4503 1117 4553 b.
1138 4499 1211 4553 nisi
1232 4506 1357 4570 potestas,
1376 4498 1393 4540 ²¹
