3517 5450
701 726 743 771 ra
771 723 966 771 rintooxos
990 724 1018 787 v,
1047 723 1071 771 2.
1344 702 1418 778 359

361 887 468 940 lectent.
490 913 523 922 —
561 881 660 935 Multos
678 883 755 936 etiam
776 883 956 953 sagacissimos
975 885 1043 936 viros
1062 883 1126 936 haec
1146 885 1316 957 brachylogia
1338 887 1414 940 lelel·

361 975 403 1039 lit,
423 994 445 1024 v.
466 991 490 1026 c.
510 970 685 1035 liambinurn,
711 970 905 1041 llottingerum.
947 971 1146 1042 corruptissimi
1165 984 1253 1025 autem
1279 986 1341 1028 sunt
1360 974 1415 1028 Co-

360 1061 461 1113 dices.“
499 1058 578 1110 lluuc
597 1075 644 1110 nos
663 1057 800 1129 sequimur
818 1077 880 1111 cum
900 1057 948 1110 Ed.
969 1059 1073 1111 Teubn.
1116 1059 1175 1112 Non
1196 1081 1250 1131 quo
1267 1063 1413 1117 absolutam

361 1166 417 1199 rem
437 1165 493 1198 esse
513 1145 629 1209 credam,
648 1144 691 1197 sed
712 1164 745 1197 ne
764 1144 874 1215 aliquid,
896 1146 971 1200 cuius
989 1146 1021 1199 ad
1041 1165 1083 1199 me
1103 1147 1194 1200 notitia
1215 1150 1324 1214 venerit,
1344 1151 1414 1202 orni-

360 1237 421 1289 sisse
444 1233 548 1297 videar,
578 1231 645 1282 addo
665 1231 730 1283 duas
755 1233 937 1298 coniecturas,
963 1253 1076 1306 quarurn
1097 1253 1150 1286 una
1177 1246 1214 1287 est
1233 1235 1322 1288 llerm.
1342 1236 1414 1290 Lie-

360 1320 488 1384 baldti,
518 1319 742 1388 Numburgensis‚
777 1321 821 1390 qui
855 1321 883 1373 in
903 1321 1056 1393 Specimine
1082 1321 1276 1375 Historicorum
1306 1324 1411 1378 Rarum.

359 1407 533 1478 reliquiarum
558 1406 647 1460 denuo
673 1405 859 1474 collectarum,
889 1409 960 1462 edito
986 1429 1058 1462 anno
1087 1411 1156 1463 1835
1184 1407 1266 1474 (llalis
1293 1409 1365 1474 Sar.)
1385 1413 1411 1465 in

360 1494 475 1548 thesibus
495 1494 671 1548 controversis
688 1494 720 1546 N.
740 1495 807 1548 xtV.
841 1495 913 1550 lrunc
937 1498 1038 1568 posuit:
1071 1495 1128 1552 Cic.
1154 1498 1250 1551 Parad.
1272 1499 1304 1565 V,
1323 1504 1348 1566 2,
1368 1504 1411 1555 to.

359 1595 504 1653 transpone
524 1601 642 1636 mecum:
667 1584 760 1654 Atque
778 1591 809 1632 nt
828 1583 857 1634 in
875 1602 973 1655 magna
987 1585 1102 1655 familia
1120 1595 1186 1637 sunt
1205 1584 1254 1635 alii
1272 1584 1411 1652 lautiores,

359 1681 389 1721 ut
410 1670 462 1721 sibi
481 1670 606 1720 videntur
624 1670 806 1722 atrienses
824 1689 864 1721 ac
884 1672 1047 1740 topiarii,
1067 1673 1145 1729 servi,
1164 1672 1212 1723 sed
1219 1682 1309 1725 tamen
1327 1675 1410 1726 servi:

356 1757 419 1825 pari
438 1767 487 1809 etc.
525 1755 641 1808 ttreram
661 1754 775 1809 exhibuit
794 1756 888 1808 eodem
909 1777 981 1809 anno
1000 1758 1032 1810 T.
1052 1758 1186 1823 Badeo,
1207 1762 1234 1812 in
1254 1761 1337 1827 libro,
1366 1763 1411 1834 qui

358 1844 513 1898 inscribitur
533 1847 607 1894 Neue
625 1842 734 1895 Jalrrblr.
754 1844 778 1912 f
808 1843 906 1897 Pnttot.
935 1864 962 1897 u,
982 1845 1104 1916 Paedag.
1130 1867 1154 1901 ν.
1182 1848 1310 1913 Seebode,
1338 1849 1412 1900 Jahn

359 1951 384 1984 n.
413 1931 511 1988 Klotz,
541 1931 571 1983 ll.
590 1929 685 2002 Suppl.
713 1930 761 1982 lid.
788 1932 813 1984 3.
834 1930 888 1982 lllt.
923 1930 949 1982 in
976 1933 1225 1997 Commentatione,
1258 1954 1338 2005 quam
1368 1935 1410 1986 in-

358 2018 475 2090 scripsit:
500 2020 614 2069 Studien
640 2019 703 2068 iiber
728 2019 825 2071 Cicero.
867 2018 913 2072 Est
940 2019 975 2070 ibi
1002 2040 1028 2090 p.
1046 2024 1115 2074 357:
1145 2020 1282 2088 „Orellius
1301 2021 1408 2091 recepit,

357 2107 430 2179 quod
450 2105 553 2158 exhibet
570 2105 659 2158 Codex
679 2107 709 2156 C.
730 2105 873 2176 Stephani,
893 2105 1041 2178 delevitque
1061 2109 1139 2161 verba
1159 2108 1290 2160 atrienses
1315 2126 1347 2159 ae
1366 2118 1407 2159 to-

353 2197 452 2264 piarii,
472 2195 532 2264 quia
553 2192 578 2245 hi
599 2195 705 2265 quidam
726 2193 810 2246 infimi
831 2195 918 2265 potius
936 2195 1041 2266 generis
1058 2195 1141 2262 servi,
1161 2195 1286 2248 lautiores
1303 2194 1352 2248 sibi
1372 2194 1409 2245 si·
1434 2242 1437 2246 ,

356 2282 413 2334 deri
433 2300 487 2333 non
508 2281 651 2352 potuerint.
687 2281 753 2332 Mihi
773 2301 834 2334 vero
852 2284 995 2335 verborum
1015 2284 1053 2334 sic
1069 2286 1132 2352 pari
1149 2283 1303 2336 coniunctio
1321 2302 1408 2354 nepsa-

356 2371 477 2434 aoloylas
495 2369 609 2420 orationi
629 2369 727 2420 inlerre
748 2370 857 2424 ridetur.
901 2373 1042 2423 Alsienses
1061 2384 1150 2426 autem
1173 2390 1261 2423 servos
1286 2370 1410 2424 lautiores

356 2477 554 2529 nonnunquam
586 2457 633 2509 silsi
655 2458 720 2508 visos
745 2477 800 2510 esse
828 2458 907 2511 docet
933 2458 1007 2512 locus
1030 2458 1115 2512 Plauti
1142 2459 1246 2511 Asinar.
1264 2458 1295 2525 ll,
1315 2463 1339 2522 2,
1360 2462 1407 2512 84:

355 2545 499 2615 Extemplo
513 2545 620 2615 faciam
636 2545 764 2615 facetum
782 2565 820 2595 rne
839 2557 923 2617 atque
943 2547 1061 2618 magni
1061 2548 1087 2618 s
1089 2547 1189 2609 icum,
1208 2547 1277 2597 Dico
1295 2565 1334 2596 me
1351 2566 1407 2599 esse

356 2633 559 2683 atriensem.
605 2633 634 2684 Ei
659 2645 746 2686 autem
771 2633 892 2703 adiungit
911 2633 979 2687 Plio.
1005 2633 1055 2705 Ep.
1074 2633 1117 2686 ΙΙΙ.
1137 2637 1179 2699 ll),
1198 2637 1223 2689 3.
1253 2635 1407 2704 topiarium.

356 2720 450 2789 Quare
483 2722 601 2774 existimo
632 2719 717 2784 illam,
753 2742 832 2794 quam
864 2722 999 2795 amplexus
1027 2734 1065 2776 est
1098 2721 1231 2789 Orellius,
1266 2722 1408 2776 lectionem

355 2811 388 2862 iis
415 2809 522 2875 deberi,
557 2811 602 2881 qui
634 2810 836 2866 olsenderentur
863 2812 957 2864 omissa
991 2810 1164 2882 comparandi
1194 2810 1321 2881 particula
1346 2821 1407 2864 ante

355 2899 486 2949 atrienses
506 2916 539 2947 aa
562 2899 680 2966 topiarii.
729 2897 781 2950 Sed
801 2899 897 2952 desunt
920 2918 966 2951 eae
985 2898 1131 2969 particulae
1156 2909 1181 2951 et
1205 2899 1266 2952 alibi
1292 2911 1317 2953 et
1335 2898 1407 2971 apud

356 2985 495 3039 Horatium
515 2984 596 3055 Epist.
617 2986 647 3052 ΙΙ,
669 2989 693 3049 3,
714 2989 756 3040 34.
776 2990 838 3041 tat·

428 3124 482 3175 lam
502 3124 555 3176 duo
576 3127 652 3177 nobis
673 3137 770 3178 restant
792 3125 926 3179 iacienda:
957 3126 1087 3196 primum,
1106 3144 1167 3179 curn
1187 3125 1214 3176 in
1234 3123 1407 3177 annotatione

354 3213 486 3265 Codicum
508 3213 656 3267 satietatem
678 3216 856 3284 posuerimus,
878 3225 906 3266 ut
924 3233 997 3267 nunc
1015 3213 1168 3267 Editionum
1186 3212 1255 3265 haud
1275 3212 1406 3265 minorem

354 3301 529 3352 diversitatem
549 3320 712 3366 enarremus,
732 3320 845 3371 quarum
867 3301 1012 3353 nonnullae
1031 3319 1093 3354 curn
1115 3299 1188 3352 nullo
1209 3299 1285 3369 plane
1306 3298 1405 3353 Codice

353 3390 413 3442 MS.
432 3390 607 3442 conseniuuts
638 3387 733 3440 deinde
753 3399 797 3453 ut,
823 3398 954 3459 quantum
974 3387 1030 3438 lieri
1049 3388 1160 3457 poterit,
1190 3386 1354 3451 brevissime,
1373 3386 1405 3438 de

354 3479 471 3529 rirorurn
492 3478 645 3529 criticorum
665 3476 825 3528 coniecturis
844 3474 881 3526 vel
909 3474 1067 3529 lectionibus
1085 3485 1203 3527 nostram
1229 3473 1405 3546 qualemcun-

355 3587 407 3637 que
427 3567 582 3619 sententiam
603 3566 730 3618 dicamus.

425 3721 528 3773 liabent
545 3720 610 3772 Edd.
632 3722 698 3773 Ven.
717 3723 795 3774 1191.
815 3719 894 3775 lldlb.
912 3721 974 3774 Par.
991 3722 1069 3773 1512.
1088 3717 1171 3788 Lugd.
1190 3718 1254 3770 Dav.

425 3830 518 3898 Atque
537 3839 566 3877 ut
586 3828 614 3877 in
632 3844 732 3897 ariagne
744 3826 770 3897 f
772 3825 883 3876 emilia
903 3824 979 3877 stul
986 3836 1099 3876 torum
1117 3832 1181 3874 sunt
1196 3822 1246 3873 alii
1263 3821 1403 3884 lautiores,

353 3927 383 3967 nt
405 3914 455 3966 sibi
473 3915 605 3969 videntur,
624 3916 708 3964 servi:
728 3914 758 3964 si
776 3924 865 3965 tamen
876 3914 947 3964 serni
965 3914 1095 3963 atrienses
1114 3920 1196 3961 acta
1215 3910 1295 3979 pari
1312 3908 1404 3961 stul—

351 4003 381 4051 ti
388 4002 464 4052 tiae
483 4020 564 4052 suae
583 4011 662 4052 sunt:
682 4019 748 4071 quos
766 4002 860 4071 signa,
880 4019 946 4071 quos
967 3998 1079 4051 tabulae
1099 4011 1148 4054 cet.
1168 3999 1217 4051 Ed.
1239 3999 1296 4051 Asc.
1317 3999 1404 4049 llll:

352 4092 446 4161 Atque
465 4090 543 4140 utin
561 4106 660 4158 nragrra
673 4087 788 4158 fansilia
812 4088 1010 4140 stultorum
1034 4098 1099 4138 sunt
1125 4088 1174 4138 alii
1201 4087 1270 4137 lant.
1295 4093 1328 4133 ut
1353 4081 1404 4133 siln'

353 4176 420 4240 vin,
449 4176 546 4227 servi
565 4176 755 4239 atrienses,
787 4176 848 4227 sed
871 4186 961 4226 tamen
980 4177 1049 4226 serni
1068 4186 1151 4226 artu
1171 4174 1252 4242 pari
1273 4170 1405 4222 stulti-

352 4263 424 4312 tiae
443 4280 523 4327 suae,
542 4282 607 4333 quos
625 4264 703 4334 signa
722 4275 769 4316 etc.

422 4402 488 4454 Edd.
510 4403 577 4457 Ven.
592 4404 669 4455 1514.
690 4403 755 4473 Arg.
776 4405 869 4473 Atque
889 4410 919 4452 ut
939 4402 967 4452 in
986 4416 1085 4470 magna
1099 4399 1188 4469 sarm,
1207 4393 1283 4447 stul
1291 4403 1401 4445 toturn

351 4500 414 4541 sunt
436 4491 484 4540 alii
511 4489 655 4555 lautiores,
683 4508 742 4541 nec
769 4488 818 4541 sibi
846 4488 970 4540 videntur
998 4484 1224 4538 atriensibns
1248 4482 1401 4551 impares.
