3517 5450
465 700 539 775 298
799 725 973 773 aaranoxa
1000 717 1219 774 amicorum·

464 889 616 951 Romanae,
634 904 714 957 quam
735 884 767 937 ad
787 884 983 954 magistratus.“
1001 882 1033 935 ll.
1051 883 1157 937 Wott.
1196 883 1258 937 Frc.
1287 884 1362 957 Sylr.
1388 887 1505 943 delectum

458 976 578 1030 militum
601 973 773 1045 intelligebat.
810 964 948 1023 Dilectum
967 990 1022 1024 esse
1041 971 1120 1024 etiam
1139 968 1167 1024 in
1185 971 1245 1024 MS.
1263 971 1417 1027 Pitbocano
1434 994 1508 1028 anuo

465 1066 525 1118 tavit
543 1063 653 1128 Graes„
673 1060 717 1113 sed
738 1080 788 1132 pro
808 1060 876 1113 varia
897 1060 958 1113 lect.
976 1058 1140 1129 adscriptum
1160 1059 1313 1113 delectum.
1353 1060 1414 1131 lpse
1426 1060 1509 1115 Graes.

463 1151 544 1204 edidit
562 1150 688 1200 dilectum
713 1148 881 1219 addiditque:
926 1146 973 1213 „Si
1002 1147 1041 1200 sic
1069 1146 1175 1217 scripsit
1201 1149 1314 1216 Cicero,
1353 1149 1421 1202 nibil
1447 1149 1507 1202 aliud

462 1238 606 1311 significat,
633 1256 712 1310 quarn
732 1237 760 1289 in
779 1236 876 1290 dilectu
896 1235 1035 1299 babendo,
1063 1234 1090 1287 in
1110 1235 1223 1289 decretis
1241 1236 1375 1290 faciendis
1393 1237 1459 1290 nibil
1475 1256 1507 1289 ra·

462 1326 553 1391 luisse,
574 1325 622 1378 nisi
642 1324 799 1397 pecuniam,
829 1335 857 1378 ut
881 1323 899 1376 ii
929 1322 1043 1376 militum
1063 1323 1182 1375 numeris
1210 1342 1266 1376 nou
1292 1324 1507 1385 adscriberentur,

462 1426 507 1468 aut
524 1412 665 1466 ordinibus
681 1412 862 1465 insererentur
879 1411 1093 1476 honestioribus,
1118 1411 1216 1482 quibus
1234 1422 1312 1464 erant
1333 1411 1458 1483 indigni,
1476 1425 1509 1467 ut·

462 1521 514 1574 que
533 1501 637 1554 decreta
656 1499 747 1571 iniqua
767 1500 794 1552 in
814 1518 909 1552 eorum
928 1500 1041 1570 gratiam
1061 1498 1307 1569 interponerentur,
1330 1502 1377 1571 qui
1398 1501 1507 1572 plusob

462 1588 581 1641 tulissent
600 1588 759 1659 pecuniae.“
778 1615 813 1625 --
849 1589 992 1639 Delectum
1010 1589 1028 1641 i.
1047 1607 1070 1641 e.
1089 1587 1110 1639 si
1129 1586 1225 1641 milites
1246 1588 1328 1659 legit,
1347 1600 1373 1642 et
1393 1610 1454 1655 eos,
1472 1591 1505 1661 qni

462 1674 609 1728 secundum
624 1675 709 1746 legem
720 1674 854 1727 debebant
866 1675 994 1739 militare;
1014 1674 1121 1728 dimittit
1132 1688 1240 1747 accepta
1251 1678 1400 1747 pecunia.“
1413 1680 1506 1749 Wytt

462 1761 543 1832 Rorg.
563 1763 693 1814 delectum
712 1783 768 1815 non
786 1762 819 1814 de
839 1762 967 1816 militibus
984 1763 1201 1829 conscribendis,
1222 1750 1272 1816 'sed
1301 1764 1336 1817 de
1355 1765 1460 1837 delectu
1474 1767 1507 1818 iu·

461 1849 551 1905 dicum
571 1850 759 1920 accipiendum
779 1861 883 1915 censet,
911 1855 972 1921 quia
991 1869 1081 1905 sermo
1107 1851 1139 1903 sit
1157 1851 1190 1904 de
1211 1852 1344 1922 pecuniae
1365 1853 1389 1904 ri
1409 1854 1437 1906 in
1457 1872 1505 1907 cor-

462 1937 617 2007 rumpendis
635 1936 751 1990 iudiciis:
769 1936 913 2009 laudatque
934 1937 1002 1990 Pbil.
1021 1939 1055 2003 V,
1074 1942 1104 1992 δι
1135 1939 1260 1991 Dilectus
1278 1949 1374 1991 autem
1394 1950 1422 1991 st
1440 1949 1506 1992 nota-

460 2025 499 2076 tio
516 2025 673 2089 iudicum
691 2025 773 2076 stium
791 2025 820 2076 in
838 2025 939 2078 nostris
958 2023 1062 2078 civibus
1079 2023 1173 2077 baberi
1190 2025 1265 2079 solet.
1303 2027 1364 2098 Ego
1385 2029 1414 2081 in
1437 2029 1505 2098 wyt-

460 2110 592 2167 tenbacbii
612 2111 784 2182 explicatione
802 2113 952 2184 acquiesco.
987 2111 1121 2183 Borgersii
1141 2114 1271 2166 rationem
1291 2117 1314 2168 si
1334 2116 1458 2171 voluisset
1472 2117 1505 2168 in·

461 2199 541 2272 telligi
563 2201 673 2265 Cicero,
691 2201 748 2254 voci
768 2201 898 2252 delectum
917 2199 1017 2272 aliquid
1036 2200 1185 2255 addidisset.
1231 2204 1361 2254 Ceterum
1389 2204 1505 2253 delectum

460 2298 486 2340 et
506 2289 630 2340 dilectum
658 2286 802 2359 aliquando
828 2289 991 2343 distinximus
1018 2288 1050 2342 ad
1081 2289 1137 2345 Cic.
1161 2289 1194 2342 de
1219 2289 1286 2360 Rep.
1307 2288 1328 2354 l,
1346 2293 1393 2344 34.
1414 2311 1439 2361 p.
1454 2294 1504 2344 141.

461 2374 537 2426 Adde
556 2374 700 2428 Forcellin.
724 2374 757 2430 Τ.
778 2376 808 2428 ll.
828 2395 854 2446 p.
871 2378 915 2430 33.
942 2376 984 2430 ed.
1006 2375 1099 2430 Germ.
1131 2387 1156 2430 et
1181 2376 1290 2447 Zumpt.
1320 2378 1354 2431 ad
1376 2382 1432 2432 Cic.
1456 2379 1503 2431 Dii.

460 2463 487 2514 in
506 2462 605 2518 Caecil.
624 2467 651 2528 4,
670 2466 714 2516 15.
732 2484 757 2534 p.
777 2465 810 2516 13
829 2483 868 2534 sq.
888 2493 922 2503 —
963 2462 1017 2516 Sed
1046 2463 1143 2534 legitur
1169 2464 1302 2515 delectum
1321 2475 1355 2516 et
1383 2467 1503 2518 decretum

460 2554 486 2605 in
507 2550 572 2606 on.
591 2551 621 2604 Ε.
641 2570 670 2614 ψ.
690 2551 772 2605 Drsd.
789 2557 814 2604 2.
832 2556 874 2615 4.;
905 2552 931 2603 in
952 2551 1024 2604 Gud.
1043 2552 1076 2604 A.
1092 2552 1218 2610 electum,
1237 2551 1265 2604 in
1287 2553 1385 2606 Duisb.
1399 2565 1425 2608 et
1442 2552 1504 2607 021.

461 2639 600 2706 dilectum,
620 2642 760 2692 decretum.
799 2640 878 2695 Prior
897 2660 944 2692 vor
966 2639 1062 2692 omissa
1080 2640 1163 2692 estin
1183 2638 1251 2694 Cod.
1271 2640 1383 2695 Suerin.
1421 2641 1474 2694 Mr.

532 2783 663 2848 alienam,
681 2803 759 2835 suam
777 2784 966 2851 sententium,]
1004 2783 1070 2852 „Sic
1088 2803 1183 2837 omnes
1204 2782 1265 2835 mei.
1303 2782 1386 2836 Unus
1404 2783 1505 2833 alienon

461 2879 529 2923 sent.
568 2868 639 2923 Alias
657 2871 773 2922 alienum
791 2890 941 2942 suumque
960 2882 1029 2927 sent.
1047 2902 1082 2910 —
1119 2871 1263 2924 Alienum:
1283 2864 1374 2925 Crassi
1397 2872 1504 2943 gratiam,

459 2957 631 3024 auctoritate,
669 2958 809 3029 largitione
839 2960 974 3030 corruptis
1005 2960 1137 3013 iudicibus
1169 2970 1195 3012 et
1223 2960 1419 3013 senatoribus.“
1447 2958 1505 3011 illd.

459 3046 550 3099 Man.
596 3046 662 3098 Cod.
687 3044 746 3097 Cra.
776 3048 893 3098 alienam
921 3058 956 3099 et
985 3067 1063 3100 auum
1096 3059 1165 3101 seut.
1184 3077 1216 3086 -
1255 3047 1298 3100 Ad
1332 3070 1356 3101 v.
1387 3050 1506 3100 decretam

460 3135 547 3208 Wyu.
566 3134 643 3188 bacca
664 3133 789 3201 „Ulcitur
808 3135 941 3187 ‹lactetum
961 3136 1104 3208 praetoris,
1130 3135 1237 3199 iudicis,
1261 3135 1434 3205 magistratus
1456 3154 1506 3188 sen-

460 3223 541 3277 tentia
560 3224 587 3276 in
608 3243 685 3277 causa
705 3222 860 3276 decidenda.
898 3224 958 3277 Vid.
978 3224 1095 3278 Brisson.
1114 3224 1147 3277 de
1166 3224 1268 3276 Verbb.
1288 3223 1409 3295 Signil.“
1438 3221 1506 3291 [tdd.

460 3311 584 3366 Dirtsen.
603 3312 619 3364 l.
647 3333 669 3365 c.
690 3333 712 3366 v.
731 3313 876 3373 decretum,
907 3334 932 3385 p.
951 3319 1013 3369 251.
1031 3334 1054 3367 a.
1074 3307 1121 3381 b.]'
1155 3314 1314 3378 „Sententia
1344 3312 1454 3385 proprie
1474 3309 1506 3360 di-

460 3403 529 3456 citur
554 3403 696 3455 senatoris:
729 3403 811 3473 igitur
835 3406 945 3456 Crassus
971 3404 998 3457 in
1019 3415 1111 3456 senatu
1136 3401 1225 3458 vendit
1253 3423 1308 3455 non
1338 3403 1422 3457 modo
1442 3421 1505 3456 suam

459 3493 633 3557 sententiam,
665 3492 709 3545 sed
729 3492 808 3545 etiam
835 3490 963 3559 alienam,
990 3491 1009 3544 i.
1031 3512 1054 3545 e.
1081 3485 1189 3562 accepta
1209 3491 1336 3563 pecunia
1366 3492 1506 3562 corrumpit

463 3584 542 3636 etiam
564 3581 629 3633 alios
642 3583 805 3633 senatores.“
842 3581 915 3633 ldem
927 3580 961 3634 ad
978 3581 1089 3652 forum:
1109 3592 1158 3647 „ut
1170 3592 1278 3653 praetor
1298 3590 1324 3633 et
1344 3580 1463 3643 iudex“;
1479 3577 1505 3631 ad

460 3675 577 3723 ‹tomumt
596 3680 645 3737 „ut
663 3680 738 3741 pater
756 3668 869 3723 familias
887 3690 949 3724 suos
963 3670 1000 3723 rel
1021 3670 1110 3742 prodit
1121 3668 1159 3722 rel
1174 3668 1207 3722 ad
1223 3670 1419 3723 contumeliam
1439 3685 1507 3741 prae·

460 3761 545 3824 bet“;
563 3759 595 3811 ad
617 3778 715 3816 vocem,
734 3758 886 3810 silentium:
913 3778 988 3825 „non
1008 3758 1089 3811 modo
1109 3758 1250 3829 pecuniam
1270 3758 1390 3831 accipis,
1421 3771 1449 3814 ut
1466 3776 1506 3829 pro

460 3847 550 3919 aliquo
571 3865 661 3898 vocem
688 3845 789 3899 emittas
808 3836 924 3917 cumque
942 3843 1084 3912 delendas,
1109 3846 1153 3899 sed
1179 3846 1275 3913 etiam,
1307 3859 1337 3901 ut
1369 3861 1468 3913 taceas,
1490 3845 1505 3895 sl

460 3955 528 4006 opus
546 3934 603 3986 sit.“
623 3962 656 3972 —
694 3934 806 4007 „Neque
827 3934 938 3988 domum
959 3933 1074 3988 vendidit
1093 3939 1181 4006 neque
1203 3934 1307 4001 foruna,
1334 3937 1382 3989 sed
1402 3936 1506 3988 domist

460 4024 567 4096 publice
587 4022 676 4074 omnia
698 4024 826 4094 pecuniae
846 4044 924 4077 causa
944 4024 1006 4077 lecit
1025 4023 1160 4077 Crassus.“
1185 4022 1216 4075 ll.
1235 4022 1344 4076 Wolf.
1390 4024 1462 4076 ldem
1479 4019 1504 4073 ad

460 4132 480 4164 v.
503 4130 604 4173 vocem,
624 4111 774 4177 silentium,
796 4132 869 4165 cum.
885 4112 1009 4184 quidam,
1035 4112 1184 4177 annotavit,
1213 4111 1286 4182 apud
1306 4112 1505 4167 Demosthenen

460 4197 620 4268 gloriaretur
645 4218 670 4249 se
690 4199 798 4251 dicendo
822 4199 950 4271 talentum
971 4222 1024 4254 csse
1043 4201 1191 4266 lucratum,
1222 4202 1397 4273 respondisse
1421 4205 1504 4257 senar:

460 4297 485 4338 at
504 4306 554 4358 ego
574 4288 694 4359 quinque
715 4289 834 4343 tacendo.
872 4289 930 4342 Mr.

534 4435 633 4479 vocem,
651 4418 814 4483 silentiunm]
852 4416 954 4468 Laudat
972 4414 1053 4484 Borg.
1075 4413 1165 4467 locum
1183 4414 1357 4470 simillimum
1377 4416 1503 4479 Pbil.l,b:

462 4504 517 4553 aliu
544 4514 584 4556 cst
609 4524 693 4556 accan
718 4526 821 4569 eoruiu,
853 4524 964 4578 pirorum
994 4504 1121 4555 silenti
1129 4526 1143 4554 o
1166 4502 1294 4574 ignosco:
1330 4509 1391 4561 aliu
1424 4524 1503 4566 corun,
