3517 5450
404 690 453 766 28
650 697 656 711 '
730 719 902 768 rrnrnoxr
929 718 1123 770 srercouurr.

380 888 486 965 ruit,
512 886 586 969 plus
611 885 699 968 apud
725 905 778 953 me
804 883 948 979 [tamen]
974 885 1054 956 'vera
1080 890 1166 955 ratio
1189 890 1330 968 valebit,
1355 906 1451 971 quam

403 1028 493 1109 vulgi
517 1028 651 1110 opinio:
681 1047 789 1110 neque
819 1047 883 1112 ego
909 1047 1057 1111 unquam
1081 1031 1171 1095 bena
1193 1029 1376 1112 perdidisse
1404 1029 1450 1093 di-

402 1186 493 1247 cam,
523 1170 552 1232 si
587 1170 643 1250 qui
672 1188 772 1252 pecus
802 1173 859 1237 aui
883 1171 1121 1254 supellectitem
1147 1173 1312 1236 amiserit:
1346 1190 1448 1254 neque

402 1321 470 1367 nun
497 1321 596 1386 saepe
621 1305 767 1371 laudabo
792 1307 975 1389 sapientem
1001 1307 1104 1386 iilum,
1130 1306 1290 1386 Biantem,
1318 1312 1355 1374 ut
1380 1310 1447 1392 opi·

402 1457 481 1519 nor,
513 1442 568 1522 qui
595 1445 790 1507 numeratur
815 1443 850 1506 in
875 1444 1020 1523 septem:
1060 1442 1154 1524 cujus
1182 1459 1285 1523 quum
1313 1443 1444 1524 patriam

401 1577 543 1642 Prienen
578 1579 717 1659 cepisset
753 1577 874 1656 bostis,
908 1577 1076 1658 ceterique
1115 1577 1161 1641 ita
1204 1578 1374 1658 ingerent,
1417 1582 1444 1641 ut

402 1713 506 1778 multa
530 1712 572 1776 de
597 1713 665 1776 suis
689 1714 790 1778 rebus
823 1730 937 1778 seeum
970 1717 1196 1795 asportarent,
1229 1731 1333 1796 quum
1370 1717 1443 1778 esset

402 1848 590 1913 admonitus
616 1867 638 1914 a
658 1849 813 1930 quodam,
839 1853 876 1914 ut
891 1850 981 1915 idem
995 1850 1067 1932 ipse
1084 1849 1226 1914 iaceret:
1251 1845 1337 1937 Ego
1356 1869 1441 1929 varo,

404 1985 518 2065 inquit,
541 1980 671 2070 facio:
696 2005 784 2050 nam
806 1981 931 2050 brunia
956 2003 1100 2050 meeum
1121 1993 1233 2073 portu
1252 2006 1347 2051 meu.
1396 1986 1440 2050 lde

402 2124 487 2189 baec
512 2122 654 2187 ludibria
678 2120 832 2187 fortunae
858 2138 913 2193 ne
935 2137 997 2185 sua
1023 2119 1157 2200 quidem
1192 2120 1336 2202 putavit,
1371 2137 1439 2200 quae

403 2274 466 2323 nos
491 2260 697 2339 appeitamus
722 2258 821 2323 etiam
845 2257 947 2320 bona.
1000 2254 1088 2334 Quid
1114 2260 1164 2321 est
1198 2257 1316 2338 igitur,
1352 2277 1437 2340 quae

404 2397 456 2459 ret
480 2394 615 2475 aliquis,
641 2394 792 2460 bunum?
843 2393 879 2460 Si
913 2392 992 2474 quid
1018 2397 1107 2458 reete
1129 2394 1166 2458 iit
1198 2398 1231 2458 et
1259 2395 1396 2461 honeste
1415 2398 1437 2457 et

404 2548 480 2596 cum
495 2531 624 2611 virtute,
650 2531 684 2594 id
703 2532 790 2595 bene
807 2531 880 2596 fieri
899 2547 978 2594 vere
995 2529 1129 2595 dieitur:
1155 2533 1198 2610 at,
1220 2532 1313 2612 quod
1332 2536 1437 2597 reetun

404 2672 437 2735 et
461 2670 637 2735 honestum
663 2673 696 2734 et
720 2685 797 2734 oum
822 2668 941 2733 virtute
967 2672 1034 2747 est,
1058 2663 1093 2730 id
1118 2666 1227 2731 solum
1250 2667 1373 2749 opinor
1391 2670 1438 2734 be

355 2819 391 2865 11.
403 2822 493 2871 num.
544 2803 611 2870 Sed
634 2805 719 2870 baeu
744 2805 848 2871 videri
874 2807 1013 2887 possunt
1029 2803 1234 2883 obscuriora,
1257 2823 1360 2887 quum
1382 2810 1437 2872 len

405 2941 468 3006 tius
502 2939 723 3021 disputantur:
774 2941 842 3007 vita
880 2944 979 3024 atque
1017 2939 1114 3005 factis
1145 2941 1341 3009 illustranda
1380 2944 1438 3009 sunt

404 3093 612 3146 summorum
637 3076 786 3142 uirorum
805 3079 899 3156 baec,
926 3093 1012 3158 quae
1035 3077 1145 3141 verbis
1169 3078 1333 3161 subtilius,
1358 3095 1439 3163 quan

404 3218 482 3284 satis
510 3221 575 3297 est,
600 3218 759 3299 disputari
784 3219 946 3284 videntur.
1011 3216 1152 3295 Quaero.
1184 3220 1327 3289 anima
1352 3222 1439 3295 vebis

405 3371 484 3420 num
519 3355 622 3420 ullam
657 3356 896 3438 eogitatienem
928 3356 1083 3422 babuisse
1117 3355 1292 3421 videantur
1326 3358 1370 3438 ii,
1399 3356 1440 3440 qui

404 3492 490 3556 hane
514 3508 586 3555 rem
612 3492 779 3573 publicam
801 3498 869 3559 tam
894 3493 1066 3573 praedare
1089 3491 1260 3558 fundatam
1283 3496 1381 3561 nubis
1400 3510 1440 3559 re·

404 3626 579 3705 liquerunt,
606 3630 664 3691 aut
688 3629 763 3697 auri
788 3631 821 3692 et
847 3629 975 3709 argenti
990 3629 1035 3694 ad
1054 3628 1236 3706 avaritiam,
1263 3635 1322 3696 aut
1343 3646 1438 3697 amm·

335 3773 339 3779 ·
405 3762 544 3826 nitatum
563 3761 612 3827 ud
637 3762 906 3844 delectationem,
928 3768 986 3830 aut
1010 3764 1219 3846 supellectilis
1246 3764 1290 3830 ad
1315 3766 1440 3839 delicias,

406 3902 464 3963 aut
498 3899 671 3980 epularum
712 3899 754 3967 ad
797 3902 1007 3984 voluptates?
1074 3900 1191 3965 Punite
1225 3905 1304 3966 ante
1343 3904 1439 3969 oeulos

405 4054 673 4119 unumquemque
699 4056 824 4119 regum.
879 4038 988 4111 *Vultis
1012 4055 1035 4103 a
1058 4038 1225 4105 Romulo?
1259 4041 1359 4106 vuitis
1383 4039 1440 4122 peti

404 4173 544 4239 liberam
566 4175 740 4254 civitatem,
765 4175 808 4241 ab
831 4175 871 4239 iis
896 4175 987 4256 ipsis,
1011 4176 1067 4256 qui
1086 4176 1313 4243 liberaverunt
1338 4170 1439 4265 [eundi

407 4306 534 4385 Quibus
560 4310 695 4376 tandem
721 4312 875 4392 gradibus
899 4313 1059 4379 Romulus
1085 4313 1232 4380 escendit
1256 4316 1293 4380 in
1308 4312 1441 4382 caeluni

407 4444 506 4525 iisne,
534 4465 619 4528 quae
645 4447 699 4511 isti
720 4449 809 4515 buna
832 4453 1020 4533 appellant?
1047 4469 1090 4518 an
1116 4452 1215 4516 rebus
1240 4453 1342 4531 gestis
1362 4455 1441 4533 atqu
