3517 5450
373 703 422 778 32
708 731 881 780 rensuum
910 730 1104 782 sroroornu.

372 910 437 944 num
462 909 513 962 pro
536 888 632 942 bonum
648 908 723 952 esse,·
766 889 869 944 nullam
892 902 982 946 autam
1007 890 1107 945 bibent
1136 891 1246 945 latinam
1274 893 1422 965 inscriptio·

328 1020 333 1029 .
372 999 452 1045 nem,
477 989 585 1051 praeter
608 988 676 1045 tres,
695 996 762 1049 quas
778 978 908 1047 diximus,
936 979 988 1034 Ed.
1011 998 1067 1052 pre.
1094 979 1171 1051 Mog.
1189 982 1269 1036 1465.
1313 981 1422 1034 suffridi

371 1068 445 1122 Petri
464 1079 490 1120 et
507 1066 618 1119 liuberi.
654 1066 748 1138 Neque
766 1067 876 1122 latinam
897 1087 986 1141 neque
1008 1086 1135 1140 graecam
1154 1068 1256 1123 habeut
1273 1067 1341 1121 Oxx.
1355 1070 1421 1135 t.o.;

372 1157 444 1211 solus
464 1154 576 1209 01.N.:
605 1154 685 1223 Quod
700 1154 790 1206 enim
808 1156 948 1208 borsetum
965 1157 1002 1208 sit
1021 1155 1189 1208 dicebant
1212 1157 1244 1207 id
1267 1156 1356 1209 solum
1381 1156 1420 1208 bo-

373 1264 438 1298 nnm
455 1262 530 1309 esset*
544 1243 653 1296 Aecens.
663 1245 750 1306 152οι
769 1245 848 1313 Quod
865 1243 951 1296 solum
962 1245 1102 1295 honestum
1120 1242 1231 1296 bonum:
1250 1243 1333 1296 Face.
1341 1241 1417 1298 EM

371 1336 448 1404 (nam
467 1331 554 1404 prima
572 1329 693 1397 exbibet,
711 1329 784 1401 quod
801 1349 851 1383 nos
869 1329 1000 1398 edimus):
1018 1330 1098 1401 Quod
1114 1330 1322 1393 honestumne,
1340 1330 1369 1380 id
1380 1348 1419 1382 so-

370 1423 425 1474 lum
435 1419 530 1473 bonum
545 1437 578 1471 es
586 1429 606 1473 t.
625 1416 732 1472 Latinas
742 1417 930 1490 inscriptiones
938 1438 1001 1473 cum
1012 1417 1061 1472 Or.
1071 1418 1177 1474 uncinis
1188 1417 1356 1472 inclusimus.
1368 1417 1417 1470 Mr.

443 1511 560 1566 Vereor,
583 1526 616 1559 ns
635 1507 689 1575 rut]
715 1504 802 1561 Codd.
828 1506 895 1562 Ou.
918 1507 950 1562 E.
969 1507 989 1562 l.
1015 1507 1048 1560 N.
1071 1525 1099 1572 ψ.
1125 1507 1161 1561 U.
1197 1505 1257 1562 Cre.
1276 1510 1303 1561 1.
1321 1510 1347 1563 3.
1368 1507 1416 1562 duo

369 1594 497 1662 Gruteri,
514 1594 595 1648 Drsd.
614 1599 639 1648 2.
655 1598 682 1648 4.
701 1598 727 1648 i.
765 1593 845 1648 Brail.
865 1594 937 1649 Gud.
954 1594 986 1650 B.
1004 1593 1036 1650 C.
1053 1595 1161 1649 Sueriu.
1175 1595 1245 1649 Edd.
1261 1599 1331 1653 Veu.
1346 1598 1415 1651 1481.

369 1688 450 1742 1492.
469 1682 519 1739 Ed.
537 1683 617 1737 lidlb.
634 1704 654 1737 s.
672 1682 691 1736 l.
708 1692 734 1737 et
752 1702 776 1738 n.
797 1685 866 1736 Ven.
879 1687 961 1738 1514.
981 1685 1069 1756 bugd.
1080 1696 1107 1740 et
1117 1686 1230 1741 Darent
1240 1689 1321 1743 1515.
1340 1686 1413 1741 Paris

368 1777 449 1829 tout.
468 1773 533 1844 Arg.
551 1774 632 1828 1515.
651 1771 750 1824 babent
768 1789 860 1824 vereor
876 1781 1001 1828 tamea.
1035 1772 1157 1844 Pergunt
1174 1772 1241 1828 On.
1260 1773 1294 1828 Ε.
1311 1773 1332 1827 1.
1350 1773 1380 1826 N.
1388 1789 1411 1834 s.

369 1883 402 1916 ne
421 1863 580 1933 cuiquam.
617 1859 689 1913 Tum
704 1857 768 1914 (irs.
787 1865 813 1913 2.
831 1859 913 1915 Drsd.
931 1864 958 1914 2.
977 1872 1114 1928 nostrum,
1135 1882 1187 1934 pro
1205 1873 1335 1915 restrum.
1361 1859 1409 1914 ΜΓ.

367 1950 469 2019 „Liber
485 1947 586 2002 Metelli
604 1959 631 2002 et
647 1947 704 2001 Pal.
722 1967 763 2018 pr.
788 1951 886 2002 Vereor
904 1959 1031 2012 tamen,
1048 1969 1081 2002 ne
1098 1951 1155 2014 cni,
1189 1950 1263 2022 quod
1293 1969 1349 2004 non
1365 1949 1409 2002 dis·

367 2039 450 2112 plicet
468 2036 631 2090 Gulielmius
657 2047 786 2109 tauquam
813 2037 929 2109 abrupte
954 2052 1040 2110 usque
1065 2038 1125 2092 heic
1143 2037 1261 2110 incipiat.
1312 2037 1407 2091 Moris

368 2129 465 2183 eodem
484 2127 640 2180 adnotatum
659 2134 732 2191 erat,
752 2125 825 2177 alins
842 2125 1015 2183 anticorum,
1034 2126 1107 2198 quod
1122 2126 1193 2180 idem
1211 2126 1312 2198 reperit
1329 2127 1356 2179 iu
1368 2143 1405 2178 suo

366 2214 517 2280 Suliridus,
537 2213 688 2285 probatque
703 2212 768 2266 item
788 2210 964 2281 Gulielmius,
984 2214 1113 2285 quoniam
1124 2214 1160 2270 ita
1173 2234 1268 2269 omues
1286 2211 1404 2286 peregrini

367 2303 574 2356 nominarentur
591 2299 748 2355 Romanis.“
766 2298 948 2354 Gruterus.
985 2301 1029 2356 De
1045 2304 1191 2370 sententia,
1217 2303 1295 2357 cuius
1317 2303 1344 2356 iu
1366 2302 1403 2354 lus

366 2390 546 2463 disputatione
564 2387 662 2443 Cicero
680 2387 800 2443 defendit
818 2388 970 2457 veritatem,
988 2390 1111 2462 pluribus
1126 2391 1199 2445 idem
1215 2390 1284 2445 locis
1300 2389 1402 2463 loquitur

367 2502 389 2535 v.
409 2481 489 2536 cDe
507 2478 566 2533 Oli.
585 2480 611 2543 8,
630 2479 675 2532 13.
702 2475 896 2542 Tuscc.b,15
922 2487 948 2532 et
965 2480 1009 2534 30.
1027 2479 1060 2535 de
1077 2479 1202 2547 rinos,
1220 2482 1246 2533 8.
1277 2479 1313 2533 ib.
1331 2497 1353 2532 c.
1367 2479 1400 2530 11

364 2569 422 2623 Lib.
440 2572 469 2638 4,
487 2571 521 2623 16
539 2577 565 2620 et
582 2566 645 2621 263¹
661 2563 692 2618 M
699 2584 721 2619 r.

436 2660 479 2708 Ex
497 2655 646 2708 Stoicorum
664 2654 810 2724 bominum]
846 2654 915 2724 „Sic
933 2655 1097 2729 quindecim.
1138 2656 1218 2711 Unus
1240 2676 1275 2708 ex
1297 2661 1398 2708 Socra·

365 2750 514 2799 tinorum
533 2744 683 2801 bominum,
701 2763 771 2797 unus
788 2745 1030 2797 crastinorum
1046 2746 1197 2811 bominum,
1220 2764 1292 2799 unus
1306 2742 1397 2797 exoti-

363 2850 477 2888 corum
493 2831 635 2883 horminum.
671 2830 811 2886 Erotieurn
830 2844 921 2888 nutem
939 2844 992 2902 est,
1019 2833 1148 2905 quicquid
1167 2831 1340 2906 peregrinum
1364 2838 1397 2883 ed.

363 2920 466 2975 Nonius
484 2939 514 2972 er
531 2918 637 2973 Plauto.
679 2919 772 2974 Placet
796 2920 955 2975 Stoicorum.
1004 2920 1066 2975 Nou
1093 2920 1165 2974 enim
1188 2922 1223 2975 de
1247 2921 1396 2975 Graecorum

363 3010 502 3074 omnium,
521 3007 547 3061 id
566 3018 605 3061 est
623 3007 829 3079 peregrinorum
847 3007 1007 3075 bominum,
1035 3008 1260 3081 disputationibus
1281 3009 1342 3062 licet
1363 3023 1396 3059 ac·

362 3098 468 3169 cipere:
485 3095 558 3166 quod
577 3094 622 3149 alii
639 3094 813 3149 arbitrantur.
850 3094 904 3149 Sed
923 3095 976 3150 hoe
993 3095 1110 3168 disputat
1119 3095 1217 3151 Cicero
1234 3097 1396 3153 eStoicornu

363 3185 489 3240 duntaxat
512 3183 649 3237 sententia.
667 3193 749 3255 atque
769 3182 848 3238 etiam
863 3182 908 3237 illa
927 3184 984 3255 ipsa
1002 3195 1125 3254 tantum,
1155 3205 1225 3257 quae
1248 3204 1302 3240 nec
1318 3180 1396 3238 Stoicis

361 3273 425 3347 ipsis
448 3272 565 3345 probare
591 3270 748 3325 facillimum
767 3281 818 3338 est,
845 3270 920 3343 quod
948 3290 1030 3343 supra
1062 3272 1155 3326 dixit.“
1180 3272 1255 3344 Atld.
1283 3271 1395 3325 Mauut

361 3362 507 3421 „Homines
524 3359 611 3413 rarius
627 3359 726 3413 dicitur
742 3358 776 3412 de
794 3359 888 3425 sectis,
908 3378 990 3430 quam
1008 3360 1228 3414 deuotionibus:
1253 3360 1332 3415 seluti
1353 3360 1395 3413 uo·

295 3465 297 3469 “
360 3449 433 3502 mani
451 3446 587 3513 homines,
607 3444 854 3501 Graeci'bomines.
894 3446 930 3500 Et
952 3457 1042 3502 autem
1062 3446 1249 3514 Graecisms,
1276 3446 1394 3511 φιλόσοφος

359 3531 441 3607 nirq'pe
468 3546 495 3591 at
522 3535 611 3588 miuus
636 3534 708 3606 apud
736 3534 845 3588 eosdem
868 3534 998 3605 frequens
1021 3545 1061 3589 est
1086 3531 1225 3597 φιλόσοφος
1242 3531 1394 3605 deponet

360 3624 398 3674 W
404 3634 468 3694 ytt.
992 3659 994 3663 f

441 3714 484 3762 Ex
514 3709 663 3762 Stoicorum
689 3710 835 3778 somnum]
863 3708 937 3773 Cod.
960 3709 1033 3765 Gud.
1055 3709 1088 3765 B.
1117 3709 1197 3765 habet
1225 3711 1391 3785 antiquorum,

358 3796 438 3852 Drsd.
458 3802 482 3852 2.
501 3796 688 3850 historicorum
705 3797 785 3868 (sic),
812 3797 917 3853 Duisba
931 3800 1111 3864 ereticorum,
1137 3798 1182 3853 cui
1199 3800 1260 3855 voci
1277 3800 1305 3853 in
1324 3814 1392 3868 mart,

358 3885 521 3958 adscriptum
547 3896 598 3939 est:
628 3887 830 3957 peregrinorum
859 3886 899 3940 rel
927 3886 1066 3941 odibilium
1097 3886 1245 3959 [cogitabat
1266 3887 1391 3960 glossator.

357 3974 455 4029 doctus
468 3973 585 4040 scilicet,
603 3972 637 4026 de
655 3990 719 4028 roos
735 3975 900 4043 nasorum:
918 3974 953 4029 nl.
969 3993 1003 4026 ex
1020 3978 1187 4046 Stoycorum.
1234 3974 1391 4034 Marttmdn

356 4069 386 4121 in
410 4062 486 4117 Notis
503 4060 537 4116 ad
555 4060 684 4128 Statium,
704 4061 776 4133 sylv.
793 4062 828 4129 V,
847 4067 873 4117 2.
893 4083 919 4135 p.
932 4066 996 4117 213.
1014 4064 1055 4134 (ρ.
1070 4066 1134 4120 dil.
1152 4062 1194 4117 ed.
1211 4063 1339 4134 Dresd.)‚
1353 4076 1391 4135 μω

355 4152 506 4205 Stoicorum
523 4150 658 4203 bominum
693 4150 813 4223 scripsit,
840 4150 921 4224 plane
937 4150 1083 4223 legendum
1101 4152 1296 4205 otiosorum
1320 4149 1390 4204 tomi-

355 4258 433 4304 nnm,
459 4237 543 4292 literis
558 4236 740 4309 transpositis,
765 4256 817 4292 nec
839 4257 904 4293 sero
923 4258 1089 4311 quemquam
1113 4238 1286 4296 obedientem
1307 4237 1389 4295 babuit

355 4328 414 4379 Vox
431 4326 566 4379 boninum
590 4326 663 4380 abest
690 4324 793 4379 aCod.
815 4326 874 4381 Bas.
891 4326 1050 4381 Proximum
1074 4344 1127 4381 non
1152 4328 1250 4384 excidit
1280 4322 1389 4383 iu'Cotl

355 4410 407 4465 Or.
425 4431 449 4465 n.
484 4412 556 4466 Tum
575 4412 656 4479 Drsd,
674 4416 700 4466 4.
720 4422 748 4466 et
764 4416 789 4467 5.
808 4413 953 4470 babentes
971 4434 1028 4468 meo
1045 4433 1229 4469 consensu.
1266 4417 1325 4472 ΜΡ.

426 4500 602 4571 Depromptn]
622 4499 671 4569 „in
688 4500 800 4573 antiquo
819 4501 887 4557 Cod.
905 4502 1012 4556 invenio
1029 4503 1159 4575 scriptum
1179 4506 1331 4577 disputata,
1346 4516 1388 4557 uon
