3517 5450
356 713 405 788 20
678 737 850 785 rtatnoxs
875 731 1075 783 orotcoauu.

358 904 383 953 2.
403 900 428 954 3.
445 901 470 952 4.
490 900 516 952 5.
553 896 660 950 Suerin.
681 896 777 949 Duisb.
795 894 862 947 Edd.
883 892 944 948 Asc.
966 895 1047 947 tutt.
1068 892 1134 945 Ven.
1145 893 1226 946 1514
1262 889 1415 962 Arqtstt.

328 1011 331 1017 ·
358 986 508 1058 eademque
526 986 555 1038 in
575 985 643 1038 Edd.
662 986 731 1038 Ven.
749 985 828 1037 1⁴94.
854 980 961 1034 calamo
984 978 1166 1050 superscripta
1196 988 1271 1041 sunt,
1298 977 1328 1030 in
1353 997 1415 1031 con·

359 1075 433 1128 textis
450 1072 531 1127 hahet
549 1072 599 1127 Ed.
618 1072 702 1126 Paris.
720 1091 740 1124 s.
760 1090 782 1124 a.
821 1070 850 1122 ln
871 1067 931 1123 Gru.
950 1072 975 1121 2.
1001 1068 1192 1139 scriptumest
1217 1085 1349 1138 eosque
1373 1067 1414 1118 lo

361 1177 418 1213 cos
437 1160 533 1229 scripsi
550 1159 692 1225 libentius,
719 1159 748 1211 in
767 1156 825 1210 Cre.
843 1158 868 1212 ³.
896 1155 1036 1208 liberius.
1083 1154 1175 1226 Pergit
1198 1151 1269 1207 Cod.
1293 1153 1375 1208 Drsd.
1391 1158 1411 1208 1.

360 1268 429 1321 quoe
442 1248 595 1317 paradoxo,
611 1246 693 1300 Drsd.
704 1248 730 1300 t.
751 1262 821 1317 quae
840 1244 940 1296 dosa.
958 1272 993 1283 ·-
1011 1240 1081 1296 Cod.
1099 1240 1172 1295 Gud.
1190 1241 1224 1294 Α.
1242 1241 1352 1296 inverso
1372 1261 1412 1294 or·

360 1337 424 1391 dine
441 1335 521 1389 hahet
537 1333 665 1386 libentius
682 1335 787 1402 scripsi.
825 1332 880 1385 Pro
899 1329 1048 1401 appellant,
1064 1328 1179 1402 exceptis
1191 1328 1308 1396 duobus,
1327 1348 1413 1382 onmes

360 1424 475 1479 Manutii
495 1423 594 1477 hahent
612 1438 681 1493 quae
699 1420 958 1490 appellantur,
982 1417 1103 1489 itemque
1121 1415 1193 1470 Gud.
1213 1416 1245 1470 Β.
1263 1415 1331 1470 On.
1350 1416 1370 1470 l.
1386 1415 1412 1468 N.

362 1511 394 1564 U.
412 1510 471 1564 Cra.
489 1515 514 1564 1.
534 1509 641 1563 Suerin.
660 1507 769 1578 Erlang.
797 1506 839 1576 (in
858 1524 914 1577 quo
932 1505 1066 1560 antecedit
1089 1523 1144 1576 quo
1163 1504 1229 1557 mitt
1254 1504 1315 1556 ista
1334 1523 1411 1574 para·

361 1599 442 1662 doxa,
461 1597 559 1652 omisso
578 1595 661 1668 quae)
679 1594 749 1648 Edd.
768 1592 840 1647 Crat.
848 1594 942 1664 Magn.
959 1593 1064 1648 Manut.
1077 1593 1172 1648 Lamh.
1183 1591 1254 1646 flul).
1269 1603 1297 1646 et
1314 1604 1411 1646 nostrae

362 1695 424 1738 ante
443 1683 521 1738 Gmt.
547 1694 646 1738 veteres
666 1701 776 1748 omnes,
803 1680 920 1752 exceptis
946 1680 1031 1735 Paris.
1049 1701 1071 1735 s.
1090 1700 1119 1735 ε.-
1131 1691 1159 1736 et
1184 1680 1316 1736 Darentr.
1341 1684 1410 1736 tttt.

364 1770 413 1825 Os.
432 1793 457 1842 η.
476 1771 555 1825 hahet
574 1771 721 1841 appellent,
743 1768 794 1824 Οι.
813 1788 844 1834 ψ.
862 1770 962 1824 omittit
977 1770 1058 1824 rerba
1084 1787 1154 1841 quos
1177 1769 1332 1839 appellant.
1373 1767 1409 1821 lo-

363 1859 453 1930 tellige
473 1858 564 1911 Stoici.
600 1857 661 1911 ΜΡ.

432 1946 582 2012 Socratica]
602 1945 639 1999 lta
662 1944 690 1998 in
709 1942 839 1998 Academ.
855 1948 881 1999 4.
900 1949 1014 2016 eapll.
1047 1947 1117 1996 Sunt
1131 1943 1273 1997 Socratica
1291 1943 1408 2015 pleraque

363 2033 534 2087 admirabilia
567 2033 728 2099 Stoicorum,
759 2051 828 2105 quae
846 2033 986 2104 παράδοξα
1006 2033 1191 2085 nominantur.
1235 2029 1366 2085 Exierunt
1386 2049 1408 2083 ei

363 2122 451 2177 schola
470 2119 604 2187 Socratis,
622 2121 668 2192 qui
686 2121 714 2173 io
734 2121 815 2174 rebus
833 2121 960 2175 omnibus
987 2138 1044 2174 non
1069 2119 1142 2192 vulgi
1165 2119 1344 2191 opinionem,
1371 2117 1407 2172 sed

363 2209 500 2263 veritatem
519 2218 546 2260 et
562 2205 728 2261 honestatem
748 2209 939 2280 sequebantur.
958 2208 1056 2263 Face.
1093 2207 1185 2277 „Quid
1202 2206 1247 2261 atii
1268 2204 1407 2278 philosophi

364 2297 397 2350 de
418 2295 556 2366 paradoxis
571 2294 716 2359 senserint,
744 2294 866 2349 docuisse
885 2294 1005 2367 hipsium
1023 2295 1182 2350 Mannduct.
1203 2294 1237 2349 ad
1256 2293 1343 2348 Stolo.
1360 2291 1406 2364 phi·

365 2382 413 2437 los.
430 2383 477 2436 Ill.
497 2381 599 2435 dissert.
618 2383 665 2434 2.“
702 2381 821 2436 Graec.

439 2469 574 2522 Videntur
591 2487 647 2520 esse
665 2470 829 2538 Socratica‚]
851 2470 917 2537 „i.e.
939 2471 1089 2544 popularia,
1108 2471 1171 2544 quia
1189 2470 1326 2538 Socrates,
1344 2471 1406 2543 quic·

366 2557 430 2631 quid
448 2555 555 2622 docuit,
573 2555 740 2628 populariter
758 2557 860 2614 docuit.
893 2559 972 2614 Hanc
990 2561 1026 2614 ob
1045 2579 1170 2628 causam,
1188 2560 1224 2613 ait
1241 2557 1357 2620 Cicero,
1381 2572 1404 2607 0⁰

366 2645 500 2700 lubentius
518 2643 583 2698 haec
601 2644 755 2700 Stoicorum
779 2645 914 2716 paradoxa
932 2648 1097 2720 conscripsi,
1124 2659 1151 2702 et
1176 2647 1239 2719 quia
1265 2645 1404 2701 Socratae

366 2735 463 2788 rationi
482 2733 586 2812 deditus
605 2752 679 2798 sum,
712 2744 738 2786 et
756 2735 819 2805 quia
838 2732 964 2794 Socrates
981 2737 1075 2790 eadem
1095 2747 1121 2791 et
1139 2736 1229 2790 statuit
1252 2746 1281 2789 et
1305 2732 1403 2806 popule·

365 2823 431 2876 riter
449 2821 586 2886 tractarit,
611 2832 640 2874 ut
658 2840 690 2874 eo
710 2820 814 2875 facilius
831 2821 897 2875 mihi
915 2823 949 2878 sit
971 2824 1066 2878 eadem
1091 2824 1155 2879 item
1183 2821 1352 2894 populariter
1372 2820 1403 2870 in·

367 2910 534 2982 terpretari.“
570 2909 676 2980 Wytt.

436 3000 561 3070 Accipies
578 3001 666 3070 igitur
683 3001 732 3053 hoc
747 3019 863 3071 parvum
881 3003 1063 3073 opusculum,]
1089 3004 1125 3071 ,‚i.
1142 3024 1166 3057 e.
1191 3002 1272 3056 velim
1297 2999 1401 3072 accipias,

367 3107 424 3144 non
442 3086 594 3159 repudies.“
619 3089 660 3140 W
666 3099 727 3160 ytt.
763 3089 889 3162 Excerpsi
908 3090 1189 3163 hsnchttenhachii
1206 3090 1401 3146 annotationem,

368 3175 429 3247 quia
447 3174 476 3227 in
496 3173 564 3228 Cod.
583 3186 675 3229 nostro
694 3175 752 3229 Cru.
771 3180 796 3232 3.
814 3189 852 3233 est
869 3180 1002 3249 asapius,
1032 3179 1105 3252 quod
1130 3180 1243 3233 debetur
1262 3172 1400 3234 correctori,

367 3263 419 3316 vim
438 3262 522 3317 luturi
539 3282 595 3315 non
611 3263 799 3336 intelligentis,
813 3266 854 3320 rel
869 3268 1019 3339 interpreti.
1054 3268 1129 3322 ldem
1149 3286 1210 3321 cum
1229 3265 1305 3320 Gud.
1322 3262 1353 3319 C.
1366 3261 1401 3314 ht·

368 3352 412 3405 het
425 3368 488 3422 ergo
507 3369 557 3422 pro
575 3350 670 3422 igitur.
718 3351 866 3426 Utriusque
885 3356 957 3411 vocis
974 3356 1135 3427 compendio
1153 3353 1282 3408 similiora
1297 3363 1358 3408 sunt
1370 3349 1400 3402 iu·

365 3452 407 3493 ter
424 3458 466 3505 se,
495 3456 575 3510 quam
596 3438 723 3493 vocabula
742 3440 809 3513 ipsa.
851 3443 938 3498 Habet
954 3444 1027 3497 idem
1049 3443 1129 3497 Drsd
1149 3447 1174 3498 5.
1210 3426 1242 3494 ln
1258 3439 1318 3494 Cn.
1335 3443 1359 3492 1.
1374 3440 1401 3487 est

365 3548 415 3599 go,
433 3527 506 3599 quod
525 3528 613 3598 ipsum
632 3539 670 3581 est
688 3530 881 3600 compendium
901 3534 1061 3604 rocis'ergo.
1096 3531 1128 3584 ln
1147 3529 1208 3583 Cn.
1224 3533 1252 3583 2.
1270 3528 1342 3582 deest
1358 3524 1399 3576 lwt-

368 3612 435 3667 cod.
454 3613 535 3667 Bern.
553 3613 632 3680 hahet
649 3618 808 3683 opusculum
833 3638 959 3689 parvum.
1002 3619 1089 3674 Codd.
1108 3616 1167 3671 Cro.
1185 3620 1211 3670 1.
1241 3626 1268 3670 et
1293 3612 1369 3668 Ded.
1382 3610 1399 3662 5·

369 3699 575 3771 lugubratum‚·
595 3701 683 3773 pergit
701 3702 773 3758 Gud.
786 3704 819 3762 Α.
837 3707 894 3758 iarn
910 3708 965 3759 his.
1000 3705 1067 3760 cod.
1086 3704 1182 3759 Duish.
1200 3703 1244 3755 lu's
1262 3704 1318 3755 iarn
1334 3706 1400 3753 coatt-

367 3796 438 3849 noct,
464 3786 646 3842 lucubratum.
690 3790 762 3845 Gud.
781 3793 814 3847 A.
840 3794 1079 3849 contractionibus
1086 3815 1096 3855 ‚-
1124 3792 1175 3846 0¹.
1190 3808 1221 3854 u.
1246 3784 1399 3843 lucubravit

368 3874 436 3929 Cod.
455 3873 515 3931 Cro.
533 3878 559 3931 3.
578 3877 630 3931 tiis
644 3898 694 3949 pro
711 3882 763 3936 liis.
800 3882 860 3938 Mn.

437 3967 499 4016 Jorn
519 3967 740 4021 contractioribus
756 3971 907 4039 noctibus:]
926 3971 1058 4040 „Aestivis
1074 3968 1221 4024 videlicet.“
1240 3967 1265 4019 X
1271 3975 1331 4038 yet.
1347 3962 1398 4014 Bel
1442 4013 1444 4018 .

367 4052 405 4119 ,‚i.
423 4070 447 4105 e.
464 4050 504 4103 his
516 4053 638 4107 noctibus
649 4053 701 4107 iam
713 4058 895 4127 brevioribus,
914 4080 1005 4115 mense
1017 4059 1116 4113 Martio
1130 4055 1168 4110 vel
1180 4053 1299 4126 Apritit‘
1315 4052 1399 4120 Wptt
1441 4092 1443 4095 -

439 4143 572 4209 majorum
591 4142 756 4213 vigiliarum]
787 4140 971 4209 „Tusculanas
996 4147 1181 4221 quaestiones,
1213 4141 1298 4195 libros
1315 4139 1346 4191 de
1366 4130 1398 4185 Fi·

368 4227 447 4281 nibus
465 4238 491 4281 et
509 4227 543 4279 de
560 4226 660 4282 Natura
679 4231 801 4285 Deorum
819 4234 970 4307 intelligit.“
1006 4237 1029 4288 F
1036 4254 1104 4289 aco.

438 4316 575 4368 Malorum
593 4315 748 4387 vigiliarum
771 4326 881 4391 titurius]
908 4324 1106 4393 „Quaestiones
1129 4316 1296 4373 Tusculanas
1320 4304 1397 4365 intelli·

356 4399 519 4469 *gitl'Fru
538 4400 628 4473 sytv.
673 4403 755 4471 Quod
782 4408 952 4466 Fasciolatus
980 4412 1100 4483 scripsit,
1126 4409 1154 4462 in
1173 4426 1206 4459 eo
1224 4403 1343 4476 sequitur
1364 4391 1398 4447 ΑΙ·

367 4485 431 4538 dum
449 4486 602 4544 Manutium
622 4502 647 4545 et
671 4491 859 4551 Audomarum
877 4498 1016 4555 Talaeum.
1060 4495 1230 4569 Borgersius:
1264 4480 1396 4560 „tnrettigit
