3517 5450
691 733 732 777 su
762 731 957 780 ransuoxon
979 734 1022 795 iv,
1048 731 1071 780 1.
1336 712 1411 787 339

354 900 486 947 insanum
506 911 585 945 asse
605 893 809 945 rationibus
828 895 999 957 arincam,
1028 895 1087 962 (seu
1107 895 1262 963 aduiucam,
1287 918 1333 951 seu
1352 901 1411 952 viu·

354 987 426 1046 cam)
446 981 612 1033 necessariis.
661 978 851 1038 Coniecturam
872 1001 958 1034 meam
988 981 1113 1035 adiuvant
1131 984 1209 1037 rerba
1237 987 1308 1052 eius,
1338 990 1409 1060 quod

354 1070 476 1142 proxima
494 1067 630 1139 sequitur,
658 1068 783 1139 paradoxi
802 1081 932 1124 extrema:
962 1089 1020 1122 cum
1045 1089 1105 1122 erem
1124 1091 1157 1123 nc
1176 1073 1288 1126 liberum
1306 1078 1411 1148 quidam

353 1178 411 1211 essa
430 1160 502 1210 ratic
521 1167 549 1209 ct
569 1157 671 1208 veritas
690 1156 751 1226 ipsa
770 1157 922 1213 convincat.
960 1157 1014 1210 lam
1035 1158 1107 1228 quud
1127 1159 1279 1213 rationibus
1298 1180 1349 1233 pro
1368 1181 1411 1215 re-

355 1246 406 1297 bus
425 1246 466 1298 edi
486 1244 563 1311 iussi,
583 1263 638 1297 non
658 1243 751 1296 videor
771 1244 851 1298 nimis
869 1244 950 1314 longe
968 1245 1102 1300 discedere
1120 1266 1135 1299 a
1154 1247 1284 1319 scriptura
1296 1263 1410 1321 recepta.

353 1336 423 1387 Nam
443 1333 521 1387 radus
539 1334 640 1387 lactum
660 1334 770 1386 tortasse
789 1345 873 1386 estex
892 1324 998 1387 rdibus:
1023 1327 1113 1388 rdibus
1139 1348 1227 1390 autem
1247 1358 1276 1391 ex
1295 1343 1408 1394 rationi-

354 1423 414 1474 bus.
451 1422 481 1476 si
500 1423 560 1494 quis
577 1433 666 1475 tamen
687 1419 764 1473 rebus
783 1422 899 1476 retinere
926 1422 1009 1488 volet,
1029 1443 1084 1476 non
1106 1425 1290 1496 repugnabo.“
1315 1429 1408 1482 Lam·

355 1511 469 1562 binus.

428 1598 477 1664 „ln
492 1596 550 1652 MS.
569 1608 608 1651 est
625 1597 781 1661 advincam,
801 1617 851 1669 pro
871 1617 926 1670 quo
951 1599 1052 1654 amicus
1078 1619 1152 1653 meus
1176 1603 1323 1672 reponebat
1347 1624 1408 1656 con-

353 1689 490 1738 vincam.“
525 1685 616 1738 Fulr.
635 1685 788 1738 Ursinus.

427 1775 507 1842 „Non
527 1773 649 1847 displicet
667 1774 723 1826 eius
741 1773 910 1838 coniectura,
939 1777 984 1847 qui
1003 1776 1153 1829 rationibus
1178 1777 1320 1849 legendum
1344 1801 1408 1835 cen·

352 1876 408 1931 set,
430 1884 480 1936 pro
497 1862 583 1918 rebus.
626 1863 681 1915 Pro
699 1861 823 1914 addicam
841 1862 905 1916 item
924 1863 967 1915 alii
987 1863 1079 1934 legunt
1104 1864 1238 1916 adducam
1263 1867 1279 1918 i.
1299 1888 1322 1921 e.
1341 1889 1407 1922 con-

353 1953 473 2018 vincam,
493 1952 532 2006 vel
552 1951 680 2016 efficiam,
701 1961 730 2004 ut
748 1950 804 2021 ipse
822 1950 929 2004 fatearis
947 1963 971 2004 te
990 1951 1113 2005 insanire.
1150 1950 1204 2004 Sed
1223 1953 1308 2024 placet
1328 1955 1408 2008 Lam-

353 2043 412 2096 bini
432 2042 528 2096 editio:
546 2037 709 2092 dationibus
728 2039 833 2090 vincam
851 2039 1037 2094 necessariis.“
1055 2038 1087 2090 ll.
1108 2038 1268 2092 Wolsius.

426 2128 536 2198 „Rebus
564 2127 697 2178 adducam
721 2127 886 2179 necessariis·
931 2125 977 2180 Sic
994 2126 1123 2192 Palatini,
1149 2125 1273 2182 Gilanius
1291 2131 1408 2201 prodidit

351 2222 380 2274 in
401 2219 460 2272 MS.
473 2236 523 2272 suo
540 2215 619 2269 luisse
640 2213 788 2267 adviucam.
827 2215 974 2269 Videantur
993 2214 1120 2282 Victorii,
1138 2215 1276 2283 Lambini,
1295 2218 1407 2272 Suflridi

352 2308 472 2381 Aldique
501 2301 611 2376 Nepotis
635 2312 730 2368 notae,
763 2299 907 2356 lectionum
935 2302 1127 2356 diversitatibus
1154 2304 1220 2357 mire
1252 2309 1408 2360 scatentes“

353 2396 537 2450 Gruterus.
1033 2441 1038 2453 ,

426 2483 540 2553 „Quum
559 2480 688 2555 quicquid
717 2492 810 2535 notum
838 2490 877 2533 est
901 2478 1032 2533 Codicum
1058 2479 1219 2534 MSStorum
1249 2483 1406 2553 particulam

351 2575 393 2625 ad
409 2584 499 2627 sancte
517 2581 636 2635 servent,
658 2579 729 2622 certe
747 2578 883 2639 suspectas
900 2570 995 2622 merito
1015 2568 1118 2634 babeas,
1138 2569 1183 2639 qui
1202 2569 1230 2621 in
1249 2570 1407 2641 quibusdam

353 2681 412 2717 non
432 2681 487 2714 esse
506 2679 565 2713 eam
582 2658 717 2724 scribunt,
743 2676 811 2729 quaa
829 2667 883 2710 tam
910 2668 1036 2729 perpetue
1056 2667 1166 2728 apparet
1190 2656 1219 2709 in
1243 2655 1332 2724 libris,
1361 2661 1407 2731 qui

353 2752 388 2804 ab
407 2749 495 2821 dignis
513 2748 565 2801 lide
582 2747 692 2809 merant
716 2764 804 2817 nuper
822 2756 848 2798 et
866 2744 930 2797 olim
953 2745 1078 2815 inspecti:
1104 2745 1196 2818 utique
1223 2765 1278 2799 non
1308 2758 1407 2801 temere

353 2858 414 2895 cem
435 2836 586 2892 deleverim.
623 2833 732 2907 Opinar
750 2834 832 2906 igitur
850 2832 952 2887 dedisse
970 2833 1088 2886 Tullium
1108 2832 1187 2885 rebus
1204 2834 1343 2906 adigam
1361 2855 1407 2887 ne-

354 2927 488 2982 cessariis.
523 2924 606 2994 Quod
625 2924 658 2977 ad
677 2923 775 2976 lemma
792 2934 818 2977 et
836 2923 943 2977 titulum
962 2924 1070 2988 attinet,
1101 2922 1139 2974 rix
1158 2921 1267 2975 dixerim
1286 2924 1407 2977 attende·

352 3015 425 3069 ritae
443 3013 469 3066 id
489 3011 635 3076 Gruterus,
662 3029 746 3083 quum
765 3010 902 3076 Victoria,
924 3010 1018 3076 lunta,
1043 3011 1162 3082 Langia,
1192 3011 1237 3083 qui
1256 3010 1355 3067 babent
1380 3012 1407 3066 id

352 3101 457 3174 ipsum,
476 3100 549 3171 quod
567 3118 641 3153 nunc
660 3099 767 3171 praefixi
786 3092 839 3167 [irs
857 3103 908 3158 πᾶς
928 3097 1016 3170 ἄφρων
1034 3099 1165 3167 μαίνεται]
1184 3098 1224 3169 (et
1242 3111 1280 3154 est
1298 3120 1407 3172 quoque

353 3190 382 3242 in
403 3189 566 3242 membranis
582 3188 651 3260 patri
669 3187 739 3256 risis)
764 3188 864 3243 relictis
889 3189 1011 3242 maluerit
1031 3189 1068 3241 uti
1087 3188 1184 3241 altero:
1213 3181 1409 3248 irradiasset

353 3282 436 3349 μωροὶ
453 3279 618 3340 μαίνονταιέ*
654 3276 679 3328 G
689 3296 724 3329 ro
732 3296 751 3329 n
761 3297 778 3329 o
786 3278 813 3328 vi
822 3298 839 3330 u
848 3297 868 3330 s.

426 3363 544 3432 „Merito
562 3364 679 3435 Langius
698 3364 799 3435 respuit
816 3364 935 3436 priorem
949 3381 1024 3415 suam
1041 3363 1209 3436 sententiam.
1246 3362 1313 3414 Nam
1326 3366 1406 3416 verbo

354 3455 478 3506 addicam
495 3453 583 3506 nullus
597 3453 641 3507 bic
658 3453 733 3507 locus
753 3463 806 3519 est,
826 3463 855 3505 ut
873 3452 930 3523 ipse
949 3462 1038 3522 postea
1058 3450 1129 3503 vidit.
1173 3448 1242 3501 Cum
1265 3468 1328 3502 sero
1346 3452 1408 3501 vin-

354 3563 413 3595 cum
431 3542 563 3614 repererit
578 3542 605 3594 in
625 3539 784 3613 quibusdam
804 3539 877 3593 libris
895 3538 1046 3603 Manutius,
1065 3537 1093 3590 in
1112 3536 1169 3589 aliis
1182 3555 1248 3591 ‚cum
1267 3535 1332 3607 ipse,
1351 3547 1406 3589 tum

353 3631 493 3695 Gisanius,
511 3629 670 3694 Lambinus,
689 3628 812 3696 Ursinus,
829 3628 981 3691 aduiteram,
1000 3645 1050 3680 cur
1069 3644 1123 3678 non
1144 3624 1331 3697 amplectimur
1348 3644 1408 3678 cer-

353 3718 480 3772 tissimam
507 3728 534 3771 et
558 3717 718 3770 verissimam
744 3716 904 3788 scripturam
929 3715 1007 3767 rebus
1031 3715 1136 3766 vincam
1160 3713 1331 3778 necessariis,
1356 3713 1409 3766 boc

354 3816 393 3859 est
410 3806 532 3859 evincam
551 3805 655 3858 invictis
671 3806 848 3876 argumentis.
882 3805 952 3858 Nam
971 3823 1013 3856 res
1032 3822 1109 3875 saepe
1128 3812 1189 3854 sunt
1206 3800 1335 3868 rationes,
1364 3822 1408 3855 ar·

353 3906 491 3965 gumenta.
529 3893 647 3947 lulianus
665 3891 739 3946 l.C.:
771 3894 865 3946 Multa
884 3895 943 3945 iure
961 3891 1035 3943 civili
1053 3900 1147 3942 cantra
1166 3889 1296 3940 rationem
1315 3890 1408 3958 dispu-

352 3983 434 4033 tandi
450 4001 500 4051 pro
525 3983 649 4034 utilitate
674 3982 804 4034 communi
829 3993 937 4051 recepta
962 3998 1018 4032 asse
1044 3975 1282 4030 innumerabilibus
1308 3974 1409 4028 rebus

349 4061 463 4139 probari
477 4079 576 4138 potest.
615 4066 687 4122 Cael.
705 4068 798 4122 Aurel.
816 4070 869 4120 Sed
886 4070 980 4121 borum
996 4066 1121 4118 deliratio
1132 4064 1287 4135 manifestis
1305 4062 1408 4117 rebus

350 4155 495 4228 probatur.
521 4156 610 4230 Apul.
629 4156 693 4209 Met.
712 4160 771 4210 tu:
796 4156 901 4227 Quibus
919 4169 1010 4207 autem
1036 4153 1123 4207 verbis
1148 4160 1291 4203 accusatur
1315 4153 1409 4221 egerit,

353 4243 452 4317 quibus
474 4242 579 4297 rebus
599 4245 709 4298 diluerit
728 4264 789 4299 rem.
826 4244 897 4299 Hinc
915 4264 956 4297 res
975 4254 1000 4297 et
1018 4242 1091 4294 ratio
1113 4252 1240 4311 tanquam
1259 4257 1408 4309 synonyma

351 4334 504 4404 iunguntur
521 4332 663 4399 Ciceroni,
684 4344 712 4386 ut
733 4332 836 4386 dudum
855 4330 1001 4386 observarit
1019 4328 1159 4392 Gisanius,
1185 4325 1262 4379 Orat.
1282 4324 1408 4396 prolege

353 4420 450 4474 Menil.
486 4422 540 4473 Sed
557 4423 586 4472 in
607 4423 659 4472 ltac
677 4417 762 4473 causa
782 4422 892 4473 tametsi
909 4419 1068 4493 cognoscitis
1093 4414 1274 4466 auctoritates
1299 4421 1407 4464 contra.

354 4510 412 4562 rias
423 4509 638 4580 fortissimorum
657 4519 683 4561 et
703 4508 911 4561 clarissimarum
929 4510 1054 4570 virorum,
1073 4502 1182 4554 tametsi
1195 4498 1298 4553 omissis
1312 4509 1407 4552 aucto-

1100 4588 1174 4661 22*
