3517 5450
749 718 955 768 renouatus.
1352 693 1377 766 9

341 895 375 930 ras
390 876 553 951 scripsisset:
580 873 656 941 „Pal
679 893 720 948 pr.
744 885 770 932 et
792 876 976 932 Mauricianus
992 896 1046 932 non
1063 886 1172 931 recte:
1198 876 1268 932 sorte
1286 895 1378 930 verum

341 974 401 1034 putat
414 963 579 1019 Gulielmius
595 983 633 1018 ne
652 964 751 1034 recte“)
770 965 826 1018 imo
844 983 875 1019 es
893 984 988 1020 eorum
1005 965 1138 1037 scriptura
1155 964 1248 1020 debuit
1264 964 1379 1037 exsculpi

342 1069 397 1121 quos
419 1070 475 1104 non
501 1056 624 1106 certe.“
659 1051 717 1105 lmo
741 1070 805 1106 asro
828 1064 956 1106 neutrum
981 1052 1161 1125 probandum.
1196 1054 1279 1108 Recte
1302 1052 1379 1107 editi:

342 1148 397 1192 recte
418 1139 484 1192 item
504 1138 607 1194 Gernb.
633 1158 699 1192 sone
721 1151 782 1213 post
803 1141 951 1213 negativam
970 1141 1128 1212 particulam
1146 1140 1228 1196 levius
1245 1141 1381 1196 affirmare

343 1227 473 1294 contendit,
492 1226 605 1282 laudans
624 1227 934 1296 chinu02,18.e1tr.
951 1241 1013 1300 post
1032 1229 1100 1281 anim
1121 1229 1298 1300 Chrysippum
1314 1248 1381 1282 non

343 1331 410 1366 sons
427 1324 471 1367 est
490 1315 670 1385 disputatum,
690 1335 758 1388 quac
777 1328 816 1371 est
833 1318 982 1372 observatio
996 1315 1138 1371 Goerencii
1155 1315 1188 1370 ad
1203 1334 1266 1370 eum
1279 1316 1380 1384 locum,

344 1421 391 1456 eum
408 1422 464 1475 quo
484 1404 591 1458 confert
610 1402 666 1459 Cic.
686 1406 720 1459 dc
737 1405 798 1461 Dis.
816 1406 849 1473 ll,
868 1409 913 1473 31,
932 1409 981 1462 dl:
1009 1424 1063 1458 non
1085 1423 1168 1457 sone
1186 1397 1314 1457 ¹rnirubile
1331 1405 1381 1458 doc

345 1491 442 1562 quidam,
460 1492 495 1545 de
513 1491 564 1546 Or.
584 1492 627 1559 ΙΙΙ,
640 1496 685 1560 di,
698 1495 764 1547 212:
783 1493 853 1546 nitit
872 1512 946 1558 sone,
963 1493 996 1547 ad
1016 1492 1162 1559 Famamll,
1176 1495 1227 1546 li:
1245 1510 1380 1563 nusquam

345 1597 400 1633 suns.
435 1578 521 1634 Addit
537 1581 626 1651 wyn.
644 1581 672 1634 in
691 1580 797 1637 Scholia
819 1581 910 1637 locum
929 1583 1048 1636 Varron.
1064 1582 1097 1635 de
1120 1581 1160 1634 lie
1177 1580 1251 1633 Rust.
1268 1581 1318 1647 lll,
1336 1581 1380 1633 tn.

346 1666 387 1735 [ist
402 1666 440 1720 ibi
460 1687 487 1739 p.
507 1671 568 1724 138.
586 1668 629 1722 ed.
645 1668 705 1742 Bip.
742 1671 860 1743 Agellua
885 1689 951 1724 noa
974 1688 1061 1723 sons
1084 1671 1170 1723 maim
1185 1670 1279 1741 iugero
1297 1668 1380 1736 unm]

346 1764 363 1808 et
373 1754 497 1826 explicata
519 1773 587 1819 „non
602 1775 668 1809 sons
683 1756 800 1829 slliptice
818 1757 1023 1830 accipiendum,
1041 1768 1071 1812 ut
1088 1756 1163 1829 quasi
1180 1755 1300 1810 dicaturs
1315 1773 1381 1828 pro·

346 1840 407 1894 batur
424 1841 536 1914 quidem
551 1841 644 1898 stoica
663 1855 743 1913 secta,
760 1846 806 1900 sed
826 1858 916 1902 tamen
935 1866 991 1900 non
1009 1847 1039 1898 in
1055 1845 1154 1917 vulgus
1174 1826 1310 1916 probalur.
1346 1847 1381 1896 In

346 1929 427 2001 vulgus
450 1941 542 1984 autem
568 1942 607 1986 est
629 1951 679 2005 pro
698 1934 774 2004 apud
790 1935 899 2007 vulgus.
935 1933 983 1988 Sic
999 1931 1056 1988 Cio
1074 1932 1154 1986 Tusc.
1171 1933 1207 1998 ll,
1226 1935 1275 1986 ²6:
1302 1942 1335 1983 ut
1352 1932 1382 1984 in

346 2018 428 2090 vulgus
445 2019 631 2090 insipientium
653 2021 741 2090 opinio
759 2021 853 2074 valeat
871 2021 1040 2078 honestatis,
1064 2021 1100 2085 V,
1118 2022 1167 2074 86:
1191 2019 1251 2070 vide
1268 2036 1301 2070 ne
1316 2018 1382 2087 plus

347 2108 519 2161 conmendatio
536 2108 565 2160 in
583 2107 683 2180 vulgus
702 2138 736 2151 ·-
756 2109 894 2161 molestiae
916 2107 1036 2169 laudent,¹
1069 2106 1101 2160 ad
1121 2104 1174 2159 An
1191 2104 1225 2171 ll,
1244 2109 1293 2158 22:
1321 2107 1382 2156 Hoc

347 2195 407 2248 -in
424 2196 525 2268 vulgus
541 2206 655 2267 gratum
672 2215 729 2250 esse
744 2197 899 2251 sentimua.“
934 2193 1018 2268 Borg.
1037 2194 1111 2261 dicit,
1130 2212 1192 2248 curn
1209 2193 1276 2246 baec
1293 2211 1381 2265 oppo-

348 2293 430 2336 nantur
446 2283 669 2338 antecedentibus
686 2303 739 2338 non
757 2286 872 2337 multum
888 2286 1042 2355 dssnpnnt
1059 2282 1094 2335 ab
1111 2284 1232 2354 opinione
1247 2282 1383 2352 populari,

347 2368 410 2424 nelle
433 2389 462 2424 se
484 2369 574 2443 legere
592 2391 645 2425 non
666 2373 786 2443 plane,
809 2393 871 2429 cum
891 2393 944 2428 non
961 2392 1046 2426 sone
1063 2371 1146 2426 levius
1166 2370 1291 2424 affirmet.
1327 2369 1382 2424 Sed

348 2455 450 2513 silesius
468 2457 601 2526 affirmat,
626 2479 680 2513 non
697 2480 762 2514 sane
780 2472 818 2516 est
836 2480 893 2516 nnn
911 2480 1107 2533 usquequaque
1125 2459 1165 2514 vel
1184 2478 1240 2514 non
1259 2458 1382 2524 omnino,

349 2560 397 2615 ergo
412 2558 484 2600 recte
501 2545 588 2602 babet.
623 2548 725 2602 Proin
743 2551 844 2623 vulgus
860 2549 940 2605 habet
957 2551 986 2602 in
1004 2548 1111 2620 vulgo
1129 2546 1197 2602 Cod.
1214 2547 1266 2600 Os.
1281 2549 1301 2600 Ι.
1318 2566 1381 2601 cum

349 2630 414 2687 tribus
430 2633 597 2690 Manutiffls
614 2647 641 2690 et
659 2635 783 2704 suerin,
811 2638 885 2709 quod
907 2647 946 2691 est
965 2634 1126 2691 correctoris
1142 2654 1199 2688 non
1217 2634 1280 2688 satis
1300 2633 1381 2688 docti.

350 2717 378 2772 ΙΙ
397 2722 475 2777 verba
497 2734 527 2776 et
544 2726 679 2778 cosentit
696 2723 759 2781 Fre.
776 2723 848 2798 Sylv.
867 2726 934 2782 haec
956 2723 1105 2780 annotavit:
1134 2722 1237 2792 „Stoici
1255 2721 1333 2776 aliter
1352 2722 1382 2775 in

349 2806 426 2863 sabulis
443 2811 594 2883 disputant,
616 2811 691 2868 aliter
709 2814 784 2868 domi
804 2815 902 2870 visunt.
937 2814 976 2868 Μ.
994 2825 1083 2868 autem
1102 2810 1185 2878 Cato,
1203 2810 1286 2865 bomo
1304 2812 1382 2882 inge-

351 2895 507 2966 niosissimus,
533 2901 689 2955 auctoribus
704 2902 888 2959 eruditissimis
905 2902 1127 2975 praeceptoribus
1142 2899 1284 2967 inductus,
1309 2896 1382 2952 Stoi-

350 3002 424 3039 corum
442 2998 585 3060 praecepta
604 2990 733 3062 arripuit,
756 3012 845 3065 neque
863 2991 1016 3064 disputandi
1035 3009 1128 3056 causa,
1147 2999 1177 3042 ut
1195 3006 1292 3059 magna
1310 3005 1382 3057 pars,

350 3073 381 3126 sed
394 3075 427 3129 ita
446 3075 558 3143 vivendi,
578 3088 608 3130 ut
624 3078 660 3131 ait
673 3077 771 3134 Cicero
784 3100 835 3152 pro
849 3082 880 3135 L.
891 3077 1038 3136 Murena.“
1072 3078 1131 3147 [Est
1146 3077 1223 3131 locus
1239 3077 1381 3143 α30,61.]

351 3156 407 3215 lide
425 3160 482 3217 Cic.
501 3162 577 3217 Brut.
594 3168 644 3220 3⁰:
669 3185 752 3238 propr
767 3170 909 3242 perfectus
926 3171 956 3223 in
973 3170 1072 3223 Stoicis
1089 3178 1116 3221 et
1133 3166 1166 3219 de
1185 3165 1265 3218 Fiun.
1282 3166 1330 3232 lll,
1350 3171 1381 3219 ²:

351 3249 379 3301 Μ.
393 3254 516 3304 Gotonsm
534 3251 591 3305 aidi
615 3253 644 3306 in
668 3252 826 3309 bibliotheca
844 3258 993 3323 sedentem,
1019 3254 1215 3325 circumfusum
1232 3252 1382 3304 Stoicorum

351 3331 415 3390 libris.
449 3337 508 3392 Mr.

403 3426 528 3494 Haerssa]
553 3437 624 3481 secta
644 3428 745 3498 Stoica,
764 3450 834 3503 quae
854 3431 884 3484 in
901 3429 1047 3484 dialecticis
1065 3447 1175 3499 operam
1193 3429 1336 3496 consumit,
1357 3439 1383 3483 et

353 3521 415 3573 tenus
429 3512 537 3567 dicendi
555 3515 692 3587 sequitur,
718 3530 749 3573 ut
768 3519 852 3574 estin
874 3519 954 3574 tertio
972 3518 1006 3572 de
1023 3516 1155 3585 Oratore,
1183 3516 1331 3571 abhorrens
1348 3518 1381 3571 ab

353 3598 438 3654 tutibus
455 3601 544 3674 vulgi,
562 3604 725 3676 obscurum,
744 3609 841 3676 inane,
859 3608 991 3663 ieiunum.
1026 3607 1124 3662 Face.

404 3692 438 3741 Et
453 3690 482 3743 in
500 3709 535 3743 eo
551 3703 594 3745 est
607 3694 730 3764 haeresi]
749 3700 804 3761 „Et
822 3697 851 3749 in
868 3715 902 3749 co
919 3697 1065 3749 lenensi
1082 3705 1136 3748 sat
1153 3692 1222 3749 Cod.
1235 3693 1296 3749 Bas.
1314 3693 1384 3748 Edd.

354 3766 561 3850 Contingunt,
585 3780 691 3838 Manut.
716 3795 742 3839 et
769 3785 898 3841 Huberit‘
924 3784 1032 3838 Orell.
1068 3782 1119 3837 01.
1135 3781 1168 3837 E.
1185 3803 1237 3853 pro
1255 3801 1286 3834 eo
1304 3781 1384 3837 babet

354 3857 393 3915 'ilt-
422 3866 503 3921 Drsd.
521 3871 549 3922 4.
566 3872 592 3924 5.
616 3867 724 3926 Suesia.
748 3872 778 3924 in
800 3891 835 3925 eo
852 3873 959 3926 Ιιαονοοί
975 3882 1025 3928 est.
1061 3869 1128 3925 Cod.
1146 3869 1219 3924 Gud.
1236 3870 1266 3924 B.
1285 3870 1384 3924 omittit

354 3958 390 4015 est,
405 3972 465 4009 cum
484 3953 531 4009 Cr.
548 3959 575 4011 1.
592 3955 756 4013 Pitboeanus
772 3958 842 4015 cod.
859 3961 918 4032 (ap.
935 3959 1047 4029 Graes.)
1069 3958 1167 4013 omittit
1186 3960 1233 4021 in,·
1258 3957 1339 4011 Drsd.
1357 3960 1384 4010 1.

355 4037 473 4099 liabent
490 4054 517 4097 et
535 4056 579 4101 est
592 4047 625 4099 -in
643 4064 693 4109 eos
712 4047 795 4102 Drsd.
814 4052 839 4103 3.
857 4058 886 4100 et
903 4059 945 4101 sst
962 4066 1002 4100 eo
1020 4056 1118 4101 secto
1136 4046 1249 4110 haeresi,
1266 4054 1382 4115 recepta,

355 4131 603 4206 ulpaullosuperips
616 4135 710 4205 (plone
727 4153 781 4189 nun
798 4139 877 4205 sone)
898 4136 984 4208 glossa
998 4155 1061 4191 cum
1072 4134 1130 4207 ipsa
1141 4133 1281 4189 Ciceronis
1291 4152 1382 4186 manu.

356 4205 404 4269 Cum
425 4219 501 4275 libris
524 4221 559 4276 ab
584 4220 634 4284 Or.
659 4221 773 4278 laudatis
793 4224 904 4286 faciunt
919 4224 1035 4279 Aldinae
1052 4235 1160 4277 nostrae
1178 4225 1249 4277 tttt
1268 4232 1294 4275 et
1312 4224 1381 4274 1112

357 4296 400 4361 (ree
415 4326 474 4362 vero
494 4307 580 4378 1148)
597 4317 624 4364 el
641 4308 717 4381 sylb.
758 4309 841 4379 Quod
866 4330 948 4383 supra
973 4332 1010 4365 es·
1028 4330 1084 4364 uno
1111 4307 1179 4363 Cod.
1204 4319 1234 4361 ut
1258 4306 1381 4377 glossam,

359 4395 510 4465 tentavimus,
534 4408 624 4462 secto,
647 4398 728 4453 semel
747 4400 782 4453 ita
801 4399 899 4473 legitur
916 4401 988 4473 apud
1007 4399 1182 4463 Ciceronem,
1203 4406 1234 4449 ut
1250 4394 1284 4448 ad
1302 4392 1382 4447 disci-

359 4469 432 4536 tinam
455 4485 494 4539 sel
519 4483 638 4541 scholam
663 4488 799 4559 quandam
825 4489 1037 4563 philosophicam
1063 4486 1196 4558 respicere
1222 4483 1262 4538 sel
1287 4483 1381 4538 referri
