3517 5450
392 678 467 753 264
722 699 894 747 runsooxs
922 698 1116 749 srorconuu.

390 876 469 938 liam
496 875 568 955 quis
602 872 719 946 habet;
757 871 898 952 pecunia
940 875 990 934 est
1025 888 1126 952 opns:
1160 870 1262 946 duas3
1301 873 1434 936 maiore:

390 1014 519 1094 plures;
543 1011 669 1075 maiore
696 1011 805 1078 etiam.
857 1009 899 1073 Et
924 1010 968 1087 si,
996 1012 1030 1072 ut
1056 1010 1147 1073 aiunt
1173 1009 1314 1086 Danao,
1351 1011 1435 1090 qnin-

391 1148 546 1233 quaginta
572 1148 636 1211 sint
658 1148 761 1222 filiae;
797 1151 847 1210 tot
880 1146 973 1209 dotes
1000 1163 1153 1225 magnam
1189 1150 1353 1226 quaerunt
1385 1163 1435 1226 pe·

390 1289 530 1353 cuniam.
585 1285 752 1364 Quantum
779 1288 866 1350 enim
894 1287 1012 1367 cuique
1040 1301 1123 1366 opus
1149 1288 1216 1363 est,
1250 1283 1294 1348 ad
1329 1283 1363 1347 id
1387 1301 1435 1346 ae·

280 1476 283 1482 .
390 1423 637 1499 commodatur,
667 1425 703 1486 nt
737 1428 813 1487 ante
839 1423 928 1499 dixi,
963 1421 1158 1486 divitiarum.
1183 1419 1316 1484 modus.
1380 1417 1435 1496 Qui

389 1559 488 1639 igitur
513 1575 580 1621 non
607 1557 691 1620 filias
716 1557 846 1637 plures,
882 1555 941 1620 sed
965 1554 1223 1618 innumerabiles
1248 1553 1435 1635 cupiditates

367 1696 507 1772 *habea
544 1713 629 1776 quae
655 1695 748 1759 brevi
782 1699 932 1774 tempore
970 1693 1133 1758 maximas
1166 1691 1283 1773 copias
1318 1691 1435 1756 exhau-

391 1829 456 1894 rire
482 1830 626 1911 possint;
663 1831 751 1894 huno
778 1846 844 1910 quo
870 1829 973 1894 modo
1000 1844 1064 1908 ego
1091 1827 1267 1909 appellabo
1302 1825 1436 1902 divitem,

391 1982 493 2047 quum
518 1966 589 2046 ipse
614 1982 711 2046 egere
736 1982 773 2029 se
799 1965 941 2030 sentiat?
994 1963 1088 2028 Multi
1116 1980 1158 2027 ex
1192 1969 1224 2026 le
1259 1963 1435 2036 audierunt,

391 2120 492 2186 quum
519 2103 655 2183 diceres,
682 2099 865 2169 nemiuem
891 2122 968 2167 esse
995 2098 1159 2181 divitem,
1184 2096 1260 2165 nisi
1288 2097 1353 2187 qui
1378 2119 1435 2164 ex-

391 2237 546 2304 ercitum
573 2236 676 2302 alere
704 2247 831 2326 posset
866 2235 944 2301 suis
962 2230 1181 2322 fridelinum
1215 2235 1307 2317 quod
1332 2251 1432 2316 popu·

390 2376 441 2440 lus
466 2375 635 2441 Romanus
663 2375 758 2439 tantis
786 2374 997 2455 vectigalibus
1022 2373 1218 2454 iampridem
1241 2373 1300 2437 vix
1327 2376 1434 2454 potest

390 2511 479 2592 Ergo
505 2515 570 2578 hoo
595 2513 768 2593 proposito
802 2529 971 2592 nunquam
1006 2512 1070 2575 eris
1097 2512 1188 2592 dives
1215 2516 1311 2590 ante,
1345 2527 1434 2593 quan

389 2652 448 2716 tibi
482 2670 524 2715 ex
557 2652 620 2716 tuis
652 2651 917 2733 possessionibus
949 2655 1077 2715 tantum
1112 2649 1298 2730 reficiatur,
1332 2655 1369 2715 ut
1399 2666 1434 2713 eo

390 2790 474 2853 tueri
499 2807 559 2853 sex
582 2790 729 2870 legiones
755 2793 786 2851 et
812 2805 934 2867 magna
955 2788 1101 2868 equitum
1128 2805 1168 2854 ac
1180 2788 1329 2869 peditum
1347 2790 1434 2855 auxi-

391 2929 436 2994 lia
460 2928 577 3009 possis.
643 2926 712 2990 lam
749 2925 862 2989 lateris
888 2926 1002 3005 igitur,
1039 2943 1106 2989 non
1132 2942 1205 2989 esse
1238 2930 1272 2989 te
1299 2927 1433 3004 divitem,

389 3065 441 3127 cui
468 3066 593 3126 tantum
619 3061 719 3137 desit,
746 3067 782 3125 ul
806 3063 941 3143 expleas
967 3050 1018 3139 id,
1053 3061 1142 3143 quod
1167 3067 1319 3143 exoptas.
1379 3066 1435 3127 lta·

390 3220 454 3283 que
474 3201 571 3264 istam
596 3203 839 3281 paupertatem,
865 3200 917 3263 vel
940 3171 1050 3279 potius
1077 3203 1258 3279 egestatem
1285 3217 1327 3264 ac
1351 3217 1435 3264 men·

354 3359 377 3404 u
390 3341 554 3405 dicitatem
584 3343 695 3416 tuam,
734 3356 903 3421 nunquam
938 3340 1079 3402 obscure
1113 3338 1226 3422 tulisti.
1293 3341 1380 3407 Nam
1408 3344 1435 3403 ut

389 3480 447 3579 iis,
481 3480 536 3558 qui
563 3480 700 3543 honeste
733 3495 803 3541 rem
843 3482 1005 3559 quaerunt
1040 3478 1234 3541 mercaturis
1276 3480 1434 3553 iaciendis,

391 3616 500 3696 operis
531 3615 664 3692 dandis,
706 3616 847 3696 puhlicis
880 3616 1068 3696 sumendis,
1109 3614 1325 3697 intelligimus
1360 3633 1432 3701 opus

357 3849 358 3852 Ἴ
391 3768 463 3816 esse
487 3756 656 3834 quaesito;
688 3755 753 3832 sie,
782 3758 837 3837 qui
860 3757 949 3821 videt
975 3749 1068 3821 domi
1093 3759 1169 3821 tuae
1195 3749 1324 3837 pariter⁵
1346 3774 1432 3823 aeon·

390 3892 536 3965 satorum
569 3896 667 3971 atque
700 3890 842 3955 iudicum
878 3894 1086 3957 consociatos
1119 3909 1255 3973 greges:
1290 3896 1349 3975 qui
1381 3909 1431 3957 no

390 4030 501 4090 centes
527 4031 560 4088 et
585 4027 783 4107 pecuniosos
818 4047 914 4107 reos,
952 4031 1069 4095 eodem
1104 4036 1136 4093 te
1169 4033 1329 4108 auctore,
1367 4047 1429 4095 eor·

389 4163 551 4244 ruptelam
577 4162 688 4226 iudicii
714 4164 905 4228 molientes:
929 4166 984 4246 qui
1006 4168 1078 4229 tuas
1103 4166 1300 4231 mercedum
1317 4167 1430 4250 pactio·

387 4318 445 4366 nes
470 4303 504 4364 iu
529 4300 738 4382 patrociniis,
775 4301 1026 4365 intercessiones
1060 4301 1281 4383 pecuniarum
1312 4305 1347 4367 in
1373 4302 1428 4367 coi·

388 4440 530 4506 tionibus
557 4439 825 4517 candidatorum,
861 4442 1068 4507 dimissiones
1101 4441 1302 4514 libertorum
1327 4446 1367 4511 ad
1390 4444 1428 4508 le·
