3517 5450
361 720 433 793 128
688 740 858 786 ranaooxr
888 739 1080 788 srorconuu.

358 923 408 974 pro
428 902 522 952 ineius.
561 900 632 951 Idem
652 918 712 952 cum
733 896 792 951 Cra.
812 904 836 952 2.
865 899 965 952 omittit
982 917 1117 970 unquam,
1144 900 1264 972 itemque
1283 901 1348 953 Gud.
1366 906 1388 953 Α.

357 993 387 1044 ln
408 991 514 1045 Suerin.
540 1001 566 1042 et
582 989 653 1042 Gud.
673 988 703 1040 B.
734 988 831 1058 legitur
856 999 897 1038 est
923 998 1066 1055 peccatum
1088 990 1116 1040 in
1143 1009 1190 1050 e0‚·
1222 990 1297 1060 prior
1321 993 1389 1061 pergit

358 1082 447 1152 quod
475 1098 526 1131 non
554 1079 632 1129 licuit
661 1077 710 1131 Ed.
735 1078 796 1130 Par.
825 1096 843 1128 s
863 1096 887 1127 a.
914 1077 979 1147 quin
1005 1079 1033 1127 in
1056 1097 1086 1128 eo
1105 1088 1145 1132 est
1165 1080 1189 1129 si
1208 1079 1246 1132 id.
1265 1090 1320 1131 tum
1337 1077 1387 1131 Cod.

357 1169 451 1222 Duisb.
470 1187 552 1219 unum
570 1167 638 1217 idem
656 1176 711 1228 est,
744 1165 841 1218 omisso
867 1173 904 1218 et.
949 1164 1041 1236 Pergit
1065 1164 1115 1218 Or.
1132 1165 1164 1217 E.
1181 1176 1214 1216 et
1233 1185 1312 1237 quae.
1350 1167 1389 1219 Pro

357 1265 506 1308 nascuntur
532 1265 569 1306 est
594 1263 744 1305 nascantur
770 1254 798 1305 in
828 1252 879 1307 Ox.
897 1271 928 1314 ψ.
956 1253 1023 1306 Edd.
1051 1273 1124 1323 pre,
1157 1274 1201 1325 ap.
1225 1254 1310 1307 Meus.
1335 1252 1387 1306 Crat.

358 1345 426 1399 Vict.
446 1342 539 1413 Magn.
557 1341 631 1394 blan.
650 1342 745 1395 nostris
764 1343 828 1396 Das.
854 1344 923 1396 Ven.
944 1345 1023 1395 1492.
1043 1346 1122 1397 1514.
1140 1342 1225 1414 bugd.
1251 1343 1312 1395 Par.
1331 1345 1388 1395 tata.

356 1438 434 1488 1512.
470 1431 549 1484 Ildlb.
569 1451 588 1482 s.
609 1431 625 1483 Ι.
645 1441 669 1483 et
688 1450 711 1483 a.
729 1428 795 1501 Arg.
822 1429 853 1482 H.
872 1429 959 1482 Wolf.
992 1429 1061 1483 Rob.
1080 1441 1106 1483 et
1125 1433 1185 1483 Car.
1206 1429 1300 1500 Stepb.
1319 1429 1387 1481 llerw.

356 1525 430 1574 Cam.
448 1519 520 1572 itud.
536 1519 595 1571 Tal.
614 1518 714 1572 Sturm.
733 1517 808 1589 Sylb.
828 1516 900 1569 Tum
919 1517 986 1570 Edd.
1003 1519 1064 1570 Par.
1084 1522 1161 1572 1507.
1181 1531 1207 1571 et
1231 1519 1316 1589 Lugd.
1337 1537 1389 1590 quo·

357 1611 395 1660 lia
415 1625 465 1679 pro
483 1607 618 1678 aequalia.
662 1606 728 1659 eod.
754 1605 827 1662 Gud.
846 1606 879 1658 Α.
906 1625 980 1658 esse
998 1617 1103 1675 oportet
1112 1627 1122 1666 ‚-
1154 1608 1213 1659 Cra.
1230 1609 1255 1658 1.
1286 1606 1387 1660 Dant

357 1696 407 1749 Ox.
426 1695 456 1748 Ε.
474 1694 509 1747 U.
536 1694 663 1767 aequalia
691 1705 728 1746 ut
751 1695 806 1746 sint
826 1703 946 1763 oportet,
979 1692 1077 1748 Crab.
1108 1713 1166 1765 aeq.
1196 1705 1281 1747 sunt
1306 1705 1388 1765 oporte

357 1784 439 1853 (oe).
474 1781 541 1835 nna
561 1793 599 1833 ..r
617 1782 672 1834 ...κ
698 1781 796 1836 habent
823 1782 903 1835 eram
931 1781 997 1834 eoa.
1016 1781 1075 1834 aas.
1095 1792 1120 1835 er
1148 1782 1196 1835 aa.
1215 1783 1309 1855 Magn.
1345 1742 1424 1849 uel

429 1873 507 1941 Quod
525 1872 549 1922 si
566 1872 684 1923 virtutes
701 1879 864 1940 parescunt
883 1871 954 1921 inter
969 1871 1025 1937 se,]
1074 1869 1175 1934 „Stoici
1202 1872 1309 1925 virtutes
1330 1888 1386 1942 pares

292 2007 294 2011 ,
357 1981 411 2015 esse
430 1960 561 2013 dicebant.
599 1960 791 2023 Mnesarchus,
823 1969 853 2012 ut
870 1959 907 2012 ait
926 1956 1022 2011 Cicero
1040 1958 1110 2010 libro
1129 1958 1162 2012 de
1180 1957 1297 2013 Oratore
1314 1959 1385 2026 l.[ll,

355 2052 427 2118 45.],
450 2050 497 2120 qui
515 2048 643 2100 virtutem
662 2065 743 2100 unam
761 2046 888 2110 baberet,
906 2063 994 2098 orrtnes
1012 2046 1123 2110 dobere,
1151 2066 1252 2118 eosque
1270 2048 1339 2117 ipsus
1353 2047 1384 2095 ir-

356 2149 398 2190 ter
417 2157 445 2190 se
462 2136 589 2207 aequales
606 2154 662 2186 esse
680 2145 708 2184 et
723 2153 805 2203 pares
824 2132 937 2186 dicebat.
976 2132 1154 2205 Chrysippus,
1173 2134 1325 2188 Stoicorum
1340 2151 1384 2205 gn·

357 2226 488 2288 sissimus,
508 2223 606 2274 librum
626 2241 710 2274 unum
730 2221 848 2292 scripsit,
867 2222 940 2293 quod
958 2223 1067 2274 virtutes
1086 2222 1210 2294 aequales
1227 2225 1296 2290 sint,
1321 2234 1345 2275 ut
1359 2231 1385 2274 ert

358 2312 430 2384 apud
448 2311 597 2381 Diogenem
617 2309 751 2362 Laertium
778 2310 847 2362 libro
866 2309 945 2364 Vll.“
964 2311 987 2362 F
994 2330 1036 2364 rc
1055 2310 1073 2362 S
1081 2311 1143 2381 ylv.
1182 2313 1241 2379 [Est
1268 2313 1336 2366 locus
1354 2331 1378 2379 ap

357 2402 438 2471 Diog.
458 2400 544 2451 La'ert.
564 2397 619 2463 Vll,
640 2401 745 2462 8,125.
781 2396 833 2449 Sed
853 2398 886 2450 de
906 2397 957 2451 boc
976 2396 1119 2469 Chrysippi
1138 2399 1247 2454 decreto
1266 2401 1315 2453 vid.
1330 2397 1383 2451 RN.

357 2486 391 2541 G.
402 2487 511 2558 Bagueti
530 2486 563 2538 de
581 2483 723 2556 Chrysippi
744 2485 811 2548 Vita,
831 2484 962 2538 Doctrina
980 2498 1005 2540 et
1023 2486 1151 2558 Reliquiis
1164 2490 1270 2540 comm.
1289 2486 1384 2560 praemio

358 2596 417 2629 orn.
436 2573 554 2628 Lovanii.
573 2576 651 2627 1822.
670 2578 696 2627 4.
720 2593 746 2643 p.
766 2577 818 2627 25¹1
837 2593 876 2644 sq.
897 2574 961 2646 ibiq.
980 2575 1079 2642 laudd.]
1124 2576 1259 2641 „Videtur
1283 2575 1330 2630 boc
1350 2594 1385 2647 pt·

357 2684 416 2718 rum
437 2663 601 2717 considerate
624 2661 651 2712 in
677 2660 766 2714 Stoica
794 2661 972 2733 disputatione
997 2662 1159 2730 adhibitum,
1186 2677 1298 2735 propter
1314 2662 1385 2717 discri-

357 2774 436 2819 men,
466 2752 539 2823 quod
565 2750 664 2820 alioqui
690 2760 810 2804 statuunt
837 2755 908 2804 inter
931 2749 967 2803 ed
983 2748 1135 2820 καθήκοντα
1154 2758 1199 2803 καὶ
1216 2750 1250 2804 cd
1270 2750 1385 2821 receptici-

356 2860 436 2901 ματα.
481 2838 654 2909 Quamquam
682 2834 716 2889 τὰ
744 2836 899 2909 καθήκοντα
917 2839 1000 2894 Stoici
1033 2840 1107 2911 quasi
1134 2840 1253 2893 medium
1281 2841 1384 2913 quiddam

357 2929 428 2981 inter
446 2926 568 2980 virtutem
588 2937 613 2979 et
631 2924 721 2978 sitium
746 2938 911 2993 statuerunt,
940 2928 1050 3000 solaque
1075 2926 1274 2998 κατορθώματα
1299 2928 1384 2982 nomine

357 3014 458 3068 virtutis
476 3013 609 3066 honestari
626 3013 774 3067 voluerunt.
825 3014 960 3069 Videntur
984 3013 1125 3068 autem‘in
1156 3014 1208 3069 boc
1232 3016 1384 3087 pronuntiato

357 3103 488 3156 subtiliter
504 3102 536 3154 ad
556 3101 667 3153 modum
686 3114 816 3172 spectasse
835 3102 919 3173 ipsam
939 3103 1025 3155 ideam
1045 3103 1156 3168 virtutis,
1175 3103 1386 3173 perfectissimam·

359 3210 411 3262 que
430 3191 560 3242 formam:
588 3209 657 3260 quae
676 3209 738 3243 cnm
757 3190 891 3244 humanae
911 3190 1084 3244 imbecillitati
1103 3200 1197 3261 negata
1218 3191 1266 3258 sit,
1293 3191 1313 3243 is
1333 3188 1386 3261 opti·

357 3299 416 3332 mus
435 3279 561 3345 babetur,
591 3279 636 3349 qui
663 3278 695 3331 ab
711 3278 755 3331 illa
783 3282 840 3347 ἰδέᾳ
859 3280 970 3332 minime
988 3278 1068 3351 longe
1093 3278 1237 3332 recesserit.
1289 3272 1385 3332 Conced

358 3387 422 3439 ergo
443 3356 542 3438 potest,
562 3367 692 3437 perlectas
712 3367 819 3420 virtutes
834 3366 953 3420 eiusdem
972 3368 1069 3437 speciei
1088 3385 1143 3419 esse
1156 3385 1242 3437 pares.
1279 3365 1328 3420 Sed
1339 3362 1384 3436 quie

355 3458 426 3509 inter
443 3455 565 3508 bomines
583 3455 669 3509 aliam¹
682 3456 803 3508 virtutem
822 3452 872 3508 alia
893 3474 946 3508 esse
965 3456 1110 3520 maiorem,
1137 3454 1162 3506 id
1175 3463 1234 3520 est,
1255 3456 1338 3508 minus
1351 3452 1385 3505 ab

356 3562 445 3595 errare
465 3563 478 3595 a
497 3562 595 3613 scopo,
625 3542 744 3613 exempla
763 3543 876 3609 docent,
896 3544 989 3597 eadem
1006 3543 1127 3603 vitiorum
1147 3562 1259 3615 quoque
1277 3545 1338 3597 ratio
1352 3549 1384 3593 est

356 3631 461 3684 Deinde
481 3632 569 3702 primo
588 3630 657 3683 libro
676 3631 708 3683 de
727 3630 832 3684 Officiis
850 3631 946 3685 Cicero
972 3633 1028 3702 ipse
1055 3630 1159 3695 docuit,
1187 3630 1311 3685 iustitiam
1328 3624 1384 3681 lorti

356 3719 441 3772 tudini
461 3730 486 3772 et
507 3718 678 3789 prudentiae,
706 3720 863 3773 modestiam
890 3720 942 3789 (vel
962 3718 1187 3787 moderationem)
1219 3718 1270 3789 ipsi
1296 3715 1384 3771 instita

357 3824 412 3857 esse
430 3805 642 3876 praeferendam.
680 3806 761 3875 Quod
781 3809 801 3860 si
820 3809 855 3862 ita
875 3820 931 3875 est,
959 3809 1040 3862 virtus
1068 3806 1119 3860 alia
1139 3806 1226 3858 maior
1249 3818 1296 3860 aut
1316 3804 1383 3857 minor

357 3892 407 3944 erit
424 3889 490 3958 alid,
508 3893 590 3964 ipsius
607 3894 723 3947 auctoris
742 3895 923 3963 confessione,
942 3898 988 3968 qui
1008 3915 1064 3948 non
1083 3895 1140 3947 sine
1157 3913 1237 3947 causa
1261 3896 1288 3948 in
1307 3908 1383 3966 proce*

357 3980 412 4031 mio
440 3980 550 4047 latetur,
583 4002 610 4034 se
635 3982 771 4036 ludentem
800 3984 865 4037 baec
896 3986 925 4037 in
961 3985 1035 4037 locos
1069 4001 1229 4036 communes
1257 3979 1382 4037 conieciss-

356 4068 462 4137 Quibus
479 4069 566 4122 verbis
584 4090 694 4123 monere
712 4071 840 4125 lectorem
867 4071 979 4125 voluisse
1003 4071 1120 4135 videtur,
1153 4089 1188 4122 ne
1210 4089 1304 4123 omnes
1325 4065 1382 4120 buit!

357 4157 437 4210 libelli
454 4158 595 4211 sententias
613 4158 721 4212 oracula
741 4178 796 4212 esse
812 4170 932 4230 putaret,
958 4159 1003 4212 sed
1021 4176 1098 4211 suum
1131 4157 1187 4228 ipse
1212 4146 1382 4210 iudiciumad·

356 4244 484 4298 biberet.“
504 4245 535 4299 Η.
554 4244 657 4298 Wolf.
702 4246 855 4312 „Plutareb
877 4247 910 4299 de
935 4246 1051 4301 Stoicor.
1076 4256 1195 4299 contrar.
1223 4243 1289 4316 μήτε
1312 4231 1381 4312 desti*

357 4328 449 4399 α’ρετῆς
469 4328 643 4402 ὑπερέχουσαν
660 4328 738 4399 εἶναι,
756 4333 821 4403 μήτε
840 4336 1006 4405 κατόρθωσιν
1027 4333 1223 4401 κατορθώσεως.
1260 4319 1380 4387 &senil

358 4416 453 4471 clarius
471 4430 497 4473 et
516 4419 650 4473 elficacius
667 4420 717 4491 Ep.
730 4424 779 4476 θῦε
798 4424 875 4475 Nihil
892 4424 1009 4477 invenies
1027 4422 1127 4475 rectius
1146 4432 1234 4475 recto:
1253 4440 1304 4475 non
1314 4410 1380 4487 eregit

359 4525 437 4577 qtrcm
463 4527 523 4559 vero
551 4510 656 4574 verius,
685 4520 832 4579 temperato
856 4513 1041 4582 terrrperatius.
1095 4509 1186 4561 Omnis
1211 4510 1240 4562 in
1264 4507 1332 4561 tuedo
1348 4497 1378 4551 ill
