3517 5450
693 722 734 765 ιι)
763 719 959 767 rintnoxon
986 721 1030 781 vr,
1049 714 1074 765 3.
1330 699 1403 772 365

724 882 936 943 EXCURSUS
959 884 1029 941 Xll.

580 1020 655 1094 nn
688 1019 1032 1096 ramnoxon
1060 1022 1128 1114 ιι,
1160 1022 1197 1095 5.

353 1238 389 1247 -
416 1223 482 1262 nrm
509 1196 802 1274 rrrodofructns
830 1197 911 1261 ille
932 1208 999 1261 est
1021 1196 1077 1260 ad
1098 1207 1311 1283 sumptus,
1349 1198 1409 1262 red

635 1299 744 1362 etiam
765 1298 814 1361 od
828 1297 938 1374 fenus
961 1299 1123 1386 exiguus.

424 1457 471 1511 sie
490 1456 576 1524 edidi,
595 1469 624 1511 ιιι
644 1476 724 1510 nemo
744 1469 804 1511 ante
825 1477 881 1524 me,
912 1478 962 1512 nce
981 1469 1069 1511 tamen
1090 1461 1148 1511 mei
1168 1457 1336 1526 coniectura,
1363 1460 1407 1512 sed

351 1546 467 1599 lectione
486 1566 515 1598 er
536 1545 666 1598 librorum
694 1546 819 1600 varietate
848 1546 943 1600 collata
968 1557 994 1599 et
1013 1546 1087 1618 quasi
1107 1547 1269 1618 composita,
1296 1546 1349 1610 ita,
1380 1557 1409 1599 ιιι

353 1653 440 1704 neque
460 1632 511 1684 rim
532 1633 659 1686 inferrem
678 1632 753 1686 libris
772 1634 914 1699 omnibus,
934 1645 964 1687 ut
982 1634 1044 1688 lecit
1064 1634 1222 1699 Lambinus,
1242 1634 1287 1705 qui
1307 1633 1409 1704 primus

353 1721 476 1775 omnium
493 1741 582 1775 reram
605 1721 656 1774 loci
676 1723 834 1774 sententiam
854 1721 932 1786 vidit,
964 1741 1052 1792 neque
1077 1741 1120 1774 me
1147 1733 1173 1774 et
1196 1720 1310 1774 lectores
1327 1719 1410 1790 expli-

353 1807 438 1860 candi
458 1809 636 1880 plurimorum
656 1821 682 1862 et
700 1809 861 1881 scriptorum
881 1820 907 1862 et
926 1810 1058 1862 editorum
1078 1809 1210 1861 librorum
1226 1808 1339 1862 lectione
1350 1821 1407 1861 tor-

354 1918 493 1969 emerem.-
519 1897 572 1950 Sed
599 1909 627 1952 ut
646 1898 695 1969 ipsi
714 1897 831 1952 iudicare
850 1898 951 1969 possint
970 1898 1097 1964 lectores,
1117 1897 1230 1968 agedum
1250 1897 1283 1949 de
1301 1896 1411 1968 singulis

359 1987 486 2057 deinceps
511 1986 654 2039 rideamus.

427 2093 488 2142 Non
508 2091 581 2142 morlo
600 2091 825 2162 adfruetum
844 2093 889 2143 itte
908 2103 949 2144 est
968 2102 1145 2160 sumptus:
1178 2090 1255 2158 [haec
1275 2102 1312 2145 est
1330 2091 1408 2145 lectio

354 2179 422 2230 Edd.
451 2189 568 2230 veterum
590 2190 615 2233 et
635 2179 736 2252 aliquot
764 2183 962 2245 recentiorum,
988 2180 1037 2233 Ed.
1057 2200 1099 2250 ap.
1118 2179 1219 2245 Meus,
1245 2178 1322 2232 Hdlb.
1341 2181 1411 2232 Ven.

355 2271 435 2321 1492.
462 2271 540 2321 1514.
568 2269 627 2320 Asc.
648 2270 726 2322 1511.
754 2268 813 2320 Par.
833 2272 913 2321 taut.
933 2271 1011 2322 1512.
1038 2269 1116 2321 1543.
1148 2269 1214 2337 Arg.
1238 2266 1321 2337 Lugd.
1351 2265 1410 2319 Atd.

355 2358 436 2408 1548.
457 2353 528 2408 Crat.
554 2354 643 2408 Herw.
669 2353 745 2408 Cam.
768 2356 838 2409 Vict.
868 2355 946 2410 Boul.
972 2355 1074 2408 Sturm.
1101 2354 1178 2409 Grut.
1199 2354 1294 2409 Graev.
1323 2354 1409 2408 Gron.

356 2443 465 2497 Schrer.
487 2445 567 2495 Verb.
586 2442 657 2496 Oliv.
677 2443 718 2496 De
737 2442 823 2498 Codd.
843 2444 913 2497 insra
933 2444 1089 2511 ridebimus]
1110 2443 1266 2508 „Sententia
1286 2454 1339 2497 est:
1363 2441 1409 2494 llle

357 2542 483 2600 sumptus
501 2530 653 2585 sexcentirm
672 2531 832 2600 sestertium,
860 2534 906 2606 qui
931 2534 958 2585 in
979 2532 1053 2585 tectis
1072 2531 1183 2596 auratis,
1209 2530 1271 2583 solis
1290 2550 1410 2584 marmo-

356 2619 407 2670 reis
426 2618 537 2690 aliisque
557 2619 635 2671 rebus
653 2619 811 2685 insumitur,
835 2621 942 2692 exiguus
968 2630 1005 2672 est
1030 2619 1068 2669 orl
1090 2621 1190 2669 victum
1215 2628 1241 2670 et
1264 2618 1303 2668 ad
1314 2621 1411 2687 fenus,

357 2706 430 2759 unde
450 2705 554 2760 lucrum
582 2706 682 2779 percipi
703 2708 796 2779 possit:
826 2707 843 2761 i.
860 2728 881 2761 e.
907 2708 971 2761 tanti
1000 2706 1100 2761 reditus
1125 2705 1197 2779 parvi
1224 2718 1285 2759 sunt
1311 2705 1411 2761 homini

358 2797 546 2866 sumptuoso.“
582 2796 625 2847 Fr
634 2814 655 2849 c.
675 2794 718 2866 sy
729 2795 735 2847 l
746 2815 758 2846 r
769 2796 799 2849 iu
809 2817 828 2848 s.

429 2898 524 2952 Hier.
541 2897 711 2966 wolfius,
736 2900 796 2971 (qui
824 2901 851 2954 in
870 2901 995 2955 lemmate
1021 2901 1201 2954 annotationis
1226 2900 1338 2953 eandem
1365 2901 1412 2953 ha-

358 2989 403 3041 bet
420 2987 562 3039 lectionem
583 3006 664 3059 quam
682 2988 744 3041 Fre.
763 2987 881 3060 Sylvius,
911 2990 938 3042 in
964 2989 1091 3043 contextis
1118 2988 1166 3042 ita:
1195 3009 1247 3039 non
1277 2988 1414 3041 modoad

358 3086 531 3145 sumptum
550 3075 611 3125 tlte
627 3076 784 3147 fructus
802 3088 858 3129 est
877 3079 941 3146 etc.)
966 3076 1045 3131 haec:
1078 3077 1215 3145 „Quidam
1237 3078 1275 3129 vir
1294 3097 1349 3129 non
1369 3076 1413 3129 in-

358 3164 453 3216 doctus
472 3162 508 3215 sic
526 3161 637 3233 explicat
655 3162 726 3217 hunc
746 3163 850 3217 locum:
872 3204 888 3233 „
897 3165 1045 3237 „Sumptus
1065 3167 1194 3237 pecuniae
1213 3166 1252 3219 his
1269 3167 1349 3238 rebus
1361 3167 1412 3218 im-

358 3268 471 3322 pensae,
493 3269 546 3301 non
567 3261 669 3303 tantum
689 3252 776 3304 reddit
793 3253 921 3317 domino,
948 3264 1079 3324 quantum
1104 3255 1226 3308 redderet
1246 3256 1373 3326 pecunia,
1393 3255 1412 3306 si

358 3339 446 3390 fenori
466 3338 649 3392 oblocaretnr:
677 3349 779 3392 tantum
807 3340 894 3406 abest,
925 3351 953 3392 ut
981 3340 1115 3406 fructum,
1146 3339 1231 3411 qualis
1256 3361 1284 3392 ex
1305 3342 1414 3410 praedio

359 3426 461 3495 percipi
481 3426 560 3488 solet,
580 3426 723 3480 reddat.““
774 3426 908 3479 Hactenus
932 3426 987 3479 illei
1031 3426 1084 3480 Sed
1111 3447 1160 3498 ego
1178 3429 1247 3481 hanc
1275 3447 1328 3481 esse
1350 3438 1414 3500 puto

360 3513 499 3565 Ciceronis
516 3515 687 3567 sententiam:
719 3515 818 3569 reditus
836 3515 896 3568 illos
916 3515 983 3568 adeo
1012 3534 1066 3567 non
1086 3516 1209 3570 sufficere
1233 3516 1266 3568 ad
1287 3514 1414 3569 tuendam

360 3619 417 3652 rem
439 3600 595 3653 familiarem
615 3614 640 3655 et
659 3611 781 3673 sumptus
800 3605 962 3657 necessarios
980 3603 1145 3671 tolerandos,
1175 3615 1203 3656 ut
1221 3624 1255 3655 ne
1273 3603 1305 3655 ael
1324 3623 1416 3656 usuras

360 3687 470 3759 quidem
491 3688 669 3742 dissolvendas
689 3692 721 3744 sit
739 3692 807 3745 satis.
855 3692 984 3763 Exemplo
1003 3693 1035 3744 sit
1053 3691 1085 3743 T.
1103 3691 1208 3744 Annius
1226 3690 1307 3757 llllilo,
1338 3690 1416 3744 Cice·

361 3777 436 3831 ronis
455 3776 551 3844 cliens,
572 3778 617 3849 qui
637 3790 746 3831 auctore
764 3778 852 3831 Plinio
874 3779 918 3846 [ll.¹
937 3779 968 3831 N.
987 3779 1106 3845 XXXVl,
1125 3782 1176 3844 15,
1196 3777 1267 3832 Sect.
1286 3779 1414 3845 xtttV‚2.

362 3886 388 3936 p.
406 3869 468 3918 742.
489 3865 529 3921 ed.
549 3866 659 3935 llarrl.],
691 3877 794 3919 tantum
820 3866 887 3918 aeris
913 3866 991 3918 alieni
1021 3866 1149 3919 contraxit
1176 3866 1371 3937 magnificentia
1391 3877 1416 3919 et

361 3954 422 4006 luxu
442 3974 506 4021 suo,
526 3966 555 4007 ut
574 3973 703 4006 numerus
722 3955 778 4006 eius
796 3954 857 4005 iniri
878 3972 932 4005 non
952 3964 1046 4023 posset.
1092 3955 1172 4021 [Eum
1198 3972 1246 4024 ego
1263 3955 1335 4004 inter
1353 3971 1417 4021 pro-

361 4043 435 4113 digio
455 4043 567 4094 humani
584 4043 667 4094 anirni
686 4043 769 4107 duco,
787 4028 880 4095 scribit
898 4042 1044 4110 Plinius].“

431 4147 474 4199 lo.
494 4147 691 4200 llllorisotus
710 4146 799 4216 (cuius
816 4146 866 4199 Ed.
879 4146 986 4217 prodiit
1004 4166 1026 4197 a.
1049 4147 1141 4215 1541.)
1168 4144 1219 4198 hoc
1243 4143 1340 4195 lemma
1366 4162 1414 4195 an·

361 4235 491 4288 notationi
512 4255 574 4288 suae
595 4235 760 4306 praeposuit:
789 4235 1021 4303 adsumptum
1040 4234 1086 4284 itte
1103 4243 1144 4285 est
1157 4233 1324 4303 fructus,
1350 4230 1413 4282 scri·

361 4325 480 4395 psitque:
500 4323 579 4389 „Non
601 4342 707 4393 possum
727 4341 782 4375 non
799 4322 899 4389 mirari,
919 4322 1008 4375 locum
1029 4319 1100 4373 hunc
1119 4318 1245 4372 hactenus
1264 4328 1317 4369 tarn
1337 4316 1416 4369 fuisse

362 4429 523 4478 perversum.
560 4411 589 4462 ln
610 4409 735 4462 omnibus
753 4410 824 4462 enim
844 4420 937 4463 exstat:
965 4428 1017 4459 non
1035 4407 1110 4459 modo
1129 4406 1173 4457 orl
1184 4406 1350 4476 fructum
1369 4405 1415 4455 itte

360 4507 401 4546 est
420 4507 597 4565 sumptus,
616 4496 760 4547 sedetiam
780 4507 828 4548 etc.
879 4498 915 4549 Ar
935 4494 1030 4549 Cicero
1057 4514 1110 4547 non
1131 4493 1252 4563 intelligit
1277 4505 1412 4565 sumptum
