3517 5450
593 724 788 773 rsnsnoxou
814 727 858 774 vr.
885 727 955 776 car.
974 728 1009 776 u.
1246 703 1320 779 265

274 893 433 959 narandas
469 892 734 977 diripiendasque
769 894 975 975 provincias:
1017 896 1072 978 qui
1109 897 1322 978 expulsiones

273 1029 473 1108 vicinorum,
514 1030 570 1110 qui
608 1029 782 1094 latrocinia
806 1029 840 1093 in
868 1031 973 1110 agris,
1013 1033 1068 1112 qui
1099 1051 1175 1097 oum
1209 1033 1323 1111 servis,

272 1183 344 1230 cum
373 1168 516 1245 libertis,
553 1185 627 1232 cum
662 1168 834 1233 clientibus
869 1169 1061 1248 societates,
1097 1171 1155 1252 qui
1178 1184 1322 1252 'posses-

269 1308 383 1372 siones
412 1323 554 1385 vacuas,
604 1307 659 1388 qui
699 1306 956 1389 proscriptiones
992 1308 1223 1389 locupletium,
1265 1310 1321 1391 qui

268 1443 390 1510 caedas
414 1443 688 1524 municipiorum,
715 1445 773 1526 qui
796 1444 889 1511 illam
915 1444 1040 1510 Sullani
1054 1448 1212 1528 temporis
1232 1465 1322 1513 mes·

269 1597 339 1646 sem
365 1577 577 1658 recordetur,
613 1579 669 1660 qui
707 1582 902 1645 testamenta
927 1581 1091 1659 subiecta,
1128 1582 1184 1663 qui
1209 1584 1322 1650 subla-

269 1722 319 1782 tos
345 1719 396 1780 tot
417 1715 579 1794 homines,
607 1716 663 1797 qui
680 1717 822 1798 denique
846 1719 960 1783 omnia
983 1720 1122 1797 venalia,
1149 1721 1322 1799 delectum,

268 1854 455 1932 decretum,
479 1852 638 1931 alienam,
665 1871 759 1918 suam
786 1855 999 1934 sententiam,
1026 1855 1147 1934 iorum,
1174 1858 1321 1938 domum,
1440 1895 1443 1900 -

269 2007 403 2070 vocem,
430 1991 613 2065 silentium;
641 1991 713 2072 quis
741 1991 828 2055 buno
854 2009 923 2059 non
950 1995 1041 2073 putet
1066 1993 1233 2074 confiteri,
1258 1995 1320 2059 sibi
1399 2000 1405 2012 “

268 2129 419 2212 quaesito
446 2143 530 2208 opus
552 2127 649 2190 esse?
677 2127 730 2191 cui
755 2130 865 2191 autem
892 2127 1041 2208 quaesito
1062 2146 1146 2210 opus
1169 2130 1219 2208 sit,
1247 2132 1320 2213 quis

269 2285 416 2351 unquam
441 2267 529 2330 bunc
564 2282 642 2329 vere
669 2263 788 2329 dixerit
820 2264 978 2329 divitem?
1029 2265 1159 2330 Etenim
1189 2268 1320 2335 divitia-

269 2427 341 2474 rum
368 2407 494 2470 tructus
514 2406 549 2468 in
576 2405 672 2486 copia
698 2409 765 2469 est:
796 2405 927 2487 copiam
958 2409 1068 2470 autem
1094 2406 1240 2473 declarat
1264 2425 1320 2473 sa·

266 2502 361 2613 tielas
386 2560 497 2609 rerum
521 2546 619 2624 atque
633 2542 851 2640 abundantia3¹
878 2559 977 2622 quam
1003 2544 1039 2606 tu
1056 2544 1212 2624 quoniam
1235 2563 1322 2609 nun-

268 2698 368 2765 quam
393 2695 589 2760 assequere,
618 2694 788 2759 nunquam
823 2678 963 2744 omnino
989 2695 1024 2743 es
1055 2679 1183 2745 futurus
1218 2682 1319 2748 dives.

267 2823 380 2888 Meam
406 2823 517 2884 autem
544 2817 701 2898 quoniam
729 2816 904 2898 pecuniam
930 2818 1130 2895 contemnis,
1168 2823 1199 2883 et
1232 2826 1320 2887 recte

268 2954 326 3046 (est
359 2959 448 3023 enim
483 2957 525 3022 ad
558 2958 648 3037 vulgi
681 2958 872 3038 opinionem
907 2956 1101 3019 mediocris:
1143 2956 1186 3021 ad
1219 2961 1320 3037 tuam,

268 3098 376 3161 nulla:
415 3095 457 3159 ad
481 3110 605 3172 meam,
632 3095 763 3160 modica
772 3090 792 3183 ;)
832 3094 872 3159 de
899 3111 954 3159 me
979 3095 1101 3174 silebo,
1138 3096 1179 3160 de
1204 3115 1241 3162 re
1267 3099 1320 3162 lo-

269 3220 360 3319 quar.
414 3234 449 3299 Si
479 3208 644 3299 censenda
677 3234 773 3297 nobis
808 3235 906 3312 atque
942 3233 1145 3298 aestimanda
1177 3252 1231 3298 res
1269 3235 1319 3313 sit,

267 3377 376 3437 utrum
412 3372 545 3435 tandem
579 3371 682 3451 pluris
724 3369 934 3434 aestimemus
974 3369 1149 3448 pecuniam
1191 3368 1318 3449 Pyrrbi,

266 3524 365 3589 quam
391 3505 544 3571 Fabricio
571 3505 688 3581 dabat,
723 3522 765 3569 an
798 3502 1037 3568 continentiam
1062 3501 1224 3579 Fabricii,
1263 3504 1319 3585 qui

264 3644 356 3709 illam
383 3642 557 3724 pecuniam
583 3640 801 3723 repudiabat?
835 3643 946 3705 utrum
971 3658 1090 3706 aurum
1124 3639 1318 3717 Samnitum,

263 3799 305 3846 an
332 3795 530 3861 responsum
563 3769 618 3843 Μ’.
652 3777 765 3844 Curii?
796 3780 1011 3844 hereditatem
1043 3779 1077 3844 L.
1110 3779 1233 3858 Paulli,
1275 3762 1318 3843 an

262 3915 492 3982 liberalitatem
517 3916 682 3993 Africani,
709 3918 764 3996 qui
789 3917 859 3980 eius
886 3916 1076 3980 hereditatis
1104 3914 1145 3993 Ο.
1167 3917 1317 3981 Maximo

262 4056 356 4121 fratri
383 4056 511 4135 partem
541 4070 637 4117 suam
667 4052 853 4119 concessit?
905 4052 995 4118 llaec
1023 4054 1191 4134 profecto,
1230 4070 1315 4133 quae

261 4195 337 4256 sunt
380 4205 585 4254 summarum
626 4189 802 4265 virtutum,
847 4189 950 4270 pluris
988 4190 1193 4253 aestimanda
1230 4193 1316 4268 sunt,

261 4344 363 4408 qnam
388 4326 463 4403 illa,
503 4342 588 4406 quae
615 4332 690 4390 sunt
721 4325 891 4406 pecuniae.
945 4323 1027 4402 Quis
1051 4326 1150 4404 igitur
1176 4317 1214 4407 (si
1241 4326 1315 4403 qui-

260 4465 356 4543 dem,
381 4469 417 4529 ut
439 4461 597 4544 quisque,
623 4464 711 4545 quod
733 4462 865 4545 plurimi
891 4466 953 4541 sit,
980 4460 1163 4545 possideat,
1198 4465 1243 4528 ita
1267 4464 1319 4529 di-
