3517 5450
746 750 942 798 rsuiuorore
967 753 1001 797 u.
1326 732 1397 803 101

353 912 447 981 „Pergit
464 913 492 962 in
514 908 680 979 apostrophe
699 910 726 961 in
746 910 944 972 adversarium
965 929 1044 981 quem
1063 909 1140 979 tingit
1151 931 1205 963 esse
1222 912 1252 964 P.
1264 910 1399 975 Clodium,

352 1017 363 1048 a
379 1017 427 1068 quo
445 999 473 1051 in
491 995 605 1050 exilium
623 996 715 1068 pulsus
733 1000 820 1049 erat.“
866 997 908 1050 Ad
927 997 1035 1049 verbum
1056 999 1162 1051 confert
1188 999 1269 1070 Borg.
1290 1000 1345 1052 Cic.
1364 1002 1397 1053 de

352 1085 392 1139 Or.
408 1084 451 1150 lll,
470 1088 501 1137 t:
524 1086 574 1136 An
593 1095 622 1135 tu
643 1103 682 1134 me
701 1113 734 1124 -
755 1086 895 1137 existimas
912 1103 989 1153 posse
1008 1086 1166 1137 terreri?
1202 1086 1231 1137 ln
1252 1106 1328 1158 seqq.
1348 1107 1397 1158 pro

350 1174 401 1224 istis
416 1171 517 1224 habent
537 1172 619 1222 istius
643 1170 709 1225 Ori.
733 1171 765 1223 E.
783 1170 802 1223 Ι.
822 1189 846 1225 o.
866 1189 897 1232 ψ.
926 1174 983 1223 Cra.
1003 1174 1027 1223 1.
1057 1173 1137 1227 Drsd.
1164 1178 1190 1228 2.
1214 1178 1240 1227 4.
1274 1173 1347 1230 Gud.
1368 1176 1399 1226 Β.

349 1258 373 1310 lu
389 1258 465 1311 Drsd.
485 1262 511 1311 1.
530 1260 558 1312 3.
579 1262 604 1311 5.
621 1256 672 1313 Or.
691 1258 725 1310 U.
743 1278 768 1327 η.
786 1269 825 1312 est
843 1259 1011 1321 istiusmodi,
1038 1270 1065 1313 et
1082 1261 1120 1314 sic
1140 1260 1206 1313 Eud.
1232 1264 1304 1315 Crat.
1323 1262 1398 1319 Mau.

349 1346 431 1420 Magn.
450 1347 548 1400 Lamb.
567 1345 661 1399 colon.
679 1357 705 1400 et
723 1366 819 1400 omues
839 1358 947 1401 nostrae
965 1359 1065 1402 veteres
1090 1360 1151 1402 ante
1170 1348 1332 1406 Gnosium,
1354 1371 1399 1403 er·

349 1438 423 1507 ceptis
439 1436 512 1489 Vict.
530 1435 600 1488 Rob.
626 1434 718 1505 Steph.
737 1435 821 1491 Sullr.
847 1436 920 1489 Petri
944 1437 1063 1508 itemque
1090 1437 1140 1489 Ed.
1167 1456 1224 1507 prc.
1241 1441 1332 1492 1565:
1354 1441 1399 1491 sed

348 1524 376 1578 ita
393 1525 542 1588 differunt,
562 1534 590 1576 ut
608 1523 635 1575 in
654 1523 802 1593 prioribus,
822 1536 885 1578 aute
903 1524 1019 1591 Attum,
1038 1526 1186 1596 iungantur
1204 1525 1283 1578 rerba
1301 1526 1400 1578 istius-

349 1614 409 1664 modi
424 1642 459 1651 -
479 1612 576 1662 minis:
603 1611 630 1662 in
657 1611 848 1681 posterioribus
866 1622 956 1665 autem
976 1612 1055 1667 haec:
1081 1615 1106 1665 si
1133 1633 1209 1685 quem
1227 1616 1280 1665 eris
1300 1626 1398 1667 noctus

348 1701 476 1752 eiusrnudi.
515 1697 598 1751 Solus
615 1697 720 1751 Sueriu.
740 1698 820 1752 habet
838 1700 993 1751 huiusmodi
1011 1712 1095 1752 morte
1102 1724 1112 1762 ,·
1131 1702 1203 1756 solus
1220 1703 1284 1755 item
1303 1701 1398 1756 Duisb.

349 1797 402 1837 aut
418 1787 527 1849 mortis,
548 1786 645 1838 omisso
663 1787 732 1838 istis.
780 1788 876 1840 Verbis
895 1789 989 1838 mortis
1006 1798 1058 1838 aut
1077 1790 1153 1841 exilii
1172 1790 1334 1860 explicandis
1343 1792 1398 1862 sad-

349 1876 380 1929 dit
397 1876 458 1933 Atd.
476 1875 555 1928 Man.
573 1874 682 1927 nomina
702 1873 798 1945 Reguli
816 1887 841 1928 et
859 1873 948 1926 Marii.
987 1874 1027 1927 nd
1048 1896 1070 1928 v.
1089 1879 1114 1928 si
1134 1896 1211 1948 quem
1227 1881 1280 1929 eris
1299 1890 1398 1931 nactus

350 1964 430 2019 iaudat
449 1965 532 2035 Borg.
553 1963 609 2016 Cic.
627 1983 677 2035 pro
696 1962 752 2016 Mit.
772 1966 820 2017 12:
853 1963 889 2015 Ut
905 1963 1077 2032 praeclarum
1103 1963 1226 2016 videlicet
1247 1985 1345 2017 munus
1363 1994 1397 2003 -

351 2054 381 2102 ud
396 2054 529 2124 aliquem.
557 2051 591 2102 si⁴
610 2062 740 2103 nactus
758 2053 842 2114 eris,
871 2052 917 2122 qui
943 2059 991 2101 tuo
1016 2049 1130 2102 arbitrio
1150 2081 1185 2089 -
1202 2062 1322 2122 gereret,
1352 2054 1396 2104 de-

348 2140 414 2206 ferre
429 2159 522 2209 posses
531 2160 540 2199 ‚·
561 2150 587 2192 et
604 2139 638 2191 a'd
657 2139 795 2211 sequentia
815 2138 882 2191 Phil.
892 2136 938 2202 lll,
958 2141 990 2191 9:
1008 2139 1082 2206 Quid
1099 2149 1191 2189 autem
1206 2140 1351 2190 attinuerit
1362 2170 1398 2182 -

351 2238 472 2279 esenatu
494 2227 521 2279 vi
539 2236 568 2276 et
588 2227 692 2277 minis
710 2228 833 2278 mortis
852 2224 1005 2295 expellere?
1048 2226 1089 2278 Ad
1117 2245 1175 2279 rem
1195 2238 1220 2280 et
1237 2229 1396 2281 seutentiam

352 2312 577 2379 ciTuscc.1,43,
599 2316 666 2365 10²:
688 2318 821 2383 Cyrenaeo
842 2313 977 2366 Theodoro
996 2333 1055 2365 cum
1073 2316 1253 2385 Lysimachus
1273 2336 1320 2369 rex
1336 2338 1398 2369 cru-

352 2422 397 2455 cem
414 2405 580 2466 minaretur,
598 2402 680 2465 Istis,
699 2420 811 2472 quaeso,
835 2402 1012 2472 inquit‚.ista
1031 2402 1170 2454 horribilia
1188 2403 1313 2455 minitare
1328 2423 1399 2473 pur-

351 2493 451 2557 puratis
469 2490 545 2541 tuis:
576 2489 705 2540 'Ilieodori
731 2490 836 2560 quidem
861 2489 931 2541 niltil
948 2490 1074 2553 interest,
1102 2490 1208 2542 numine
1232 2511 1270 2543 an
1287 2491 1397 2544 sublime

351 2588 478 2643 putescat.
516 2577 558 2630 Ad
570 2595 651 2648 quem
669 2576 761 2630 locum
774 2577 824 2629 rid.
836 2577 934 2630 Davisii
946 2589 971 2630 et
984 2590 1101 2630 nostram
1112 2590 1205 2632 annot.
1218 2582 1304 2649 p-SM
1313 2600 1352 2652 sq.
1363 2610 1396 2620 -

353 2666 400 2730 „Er
418 2666 471 2719 hoc
489 2684 541 2737 ego
561 2665 622 2718 loco
641 2666 755 2736 colligo,
775 2665 912 2718 paradoxa
932 2678 991 2738 post
1009 2665 1171 2738 Philippicas
1197 2665 1276 2719 luisse
1299 2670 1396 2741 scripta

353 2769 457 2827 propter
475 2775 543 2826 quas
561 2755 694 2808 Antonius
713 2755 837 2808 Ciceroni
849 2756 943 2810 necem
964 2758 1082 2809 minatus
1091 2767 1138 2821 est,
1157 2767 1184 2810 et
1199 2757 1306 2809 taudem
1318 2760 1397 2811 etiam

353 2847 516 2898 occasionem
534 2855 628 2897 nactus
645 2843 762 2898 intulit.“
780 2845 804 2895 X
811 2854 876 2914 yst.
896 2845 1006 2899 Betui.
1043 2844 1125 2913 Quod
1143 2864 1205 2897 vero
1224 2845 1286 2898 dixit
1305 2847 1398 2898 mortis

354 2935 504 2994 autexilii,
533 2951 621 3002 neque
649 2932 753 2984 inverso
773 2934 873 3000 ‘ordine
894 2934 969 2984 exilii
988 2942 1039 2984 aut
1060 2934 1167 2996 mortis,
1194 2933 1222 2985 in
1251 2952 1283 2987 eo
1310 2932 1396 3003 figura

353 3019 475 3072 orationis
493 3037 556 3070 usus
575 3029 628 3082 est,
648 3037 716 3090 quae
736 3019 834 3073 dicitur
851 3023 952 3081 κλίμαξ.
990 3020 1047 3072 Civi
1067 3021 1138 3072 enirn
1149 3020 1273 3072 Romano
1292 3019 1397 3071 erilium

353 3119 432 3160 morte
451 3106 559 3176 gravius
576 3115 631 3170 est,
658 3116 687 3157 ut
716 3119 753 3160 est
773 3108 799 3160 in
819 3108 870 3164 Or.
891 3120 950 3181 post
971 3108 1026 3160 red.
1045 3107 1073 3159 in
1093 3127 1148 3159 serr.
1170 3110 1214 3172 14,
1234 3108 1286 3168 31;
1307 3107 1398 3178 etipse

354 3193 442 3248 Cicero
461 3195 489 3246 in
509 3192 558 3246 Or.
578 3212 629 3263 pro
648 3192 779 3259 Sest.'21,
799 3201 842 3250 tt.
892 3200 953 3249 Aut
969 3215 1035 3266 ego,
1055 3195 1132 3260 dixit,
1152 3196 1216 3246 illas
1234 3214 1276 3249 res
1295 3207 1399 3260 tantas,

353 3284 375 3335 t'n
391 3295 474 3335 tanto
493 3280 670 3350 improborum
685 3283 871 3353 multitudiue,
889 3280 974 3355 ¹quum
990 3282 1128 3356 gerebam,
1147 3301 1199 3334 non
1215 3285 1281 3333 milri
1299 3302 1396 3346 mars,

353 3387 398 3422 non
416 3369 589 3420 exsilium
608 3368 639 3420 ob
658 3370 747 3422 oculos
766 3368 965 3422 versabantur?
1001 3368 1059 3421 Mr.

416 3458 586 3522 istiusmodi,
604 3459 707 3525 mortis]
744 3457 786 3510 At.
806 3457 868 3508 istis
886 3458 979 3509 mortis
998 3467 1046 3509 etc.
1092 3455 1170 3523 Quae
1197 3454 1274 3509 lectio
1294 3455 1399 3509 Criticis

354 3546 543 3600 recentioribus
561 3546 647 3615 magis
664 3545 760 3616 placet.
795 3544 817 3595 F
824 3563 893 3598 acc.

417 3633 492 3685 Milri
511 3650 570 3683 vero
589 3633 716 3704 quicquid
731 3632 870 3697 acciderit)
888 3630 939 3686 Oi.
959 3653 983 3700 η.
1004 3632 1102 3685 omittit
1124 3651 1200 3682 vero:
1220 3633 1328 3704 quodsi
1349 3634 1399 3685 ab·

354 3732 413 3774 essu
430 3742 445 3773 a
468 3719 590 3789 pluribus
606 3719 691 3791 iisque
718 3719 874 3772 melioribus
901 3719 989 3784 libris,
1018 3738 1069 3790 ego
1097 3740 1207 3792 quoque
1236 3721 1397 3784 delevissem,

354 3825 408 3859 cum
429 3826 498 3859 sono
515 3806 658 3876 significari
678 3810 759 3878 possit
778 3809 907 3862 sententia
928 3809 1010 3878 priori
1030 3809 1161 3880 opposita.
1198 3810 1253 3862 Pro
1272 3811 1402 3882 quicquid

354 3893 377 3946 iu
397 3899 456 3948 Cra.
475 3900 500 3947 2.
519 3895 668 3965 scripturae
690 3897 883 3968 compendium
901 3910 954 3963 est,
983 3910 1011 3951 ut
1031 3899 1118 3968 legere
1138 3898 1221 3966 possis
1253 3900 1399 3971 quidquam
1441 3926 1445 3931 ·

355 3983 390 4036 vet
409 3984 534 4056 quidque.
572 3963 644 4035 lderis
664 3985 751 4055 pergit
769 3985 897 4037 acciderit
924 3986 1065 4055 ingrati
1091 3987 1120 4036 in
1149 3996 1254 4036 tanta
1281 3986 1400 4036 civitate.

355 4066 381 4122 ln
400 4074 460 4124 Cre.
477 4073 502 4122 1.
528 4072 612 4142 prima
637 4092 733 4126 manus
751 4074 856 4126 comisit
874 4076 917 4136 in,
942 4074 1024 4127 altera
1044 4074 1153 4127 addidit.
1196 4075 1317 4146 Pergunt
1334 4073 1400 4126 Orus.

358 4155 384 4210 E.
402 4159 437 4212 U.
458 4176 487 4220 ψ.
506 4163 564 4211 Cre.
585 4144 609 4211 1.
629 4165 653 4213 2.
673 4161 753 4215 Drsd.
773 4166 798 4216 5.
818 4179 879 4213 nac
897 4163 1035 4214 recusanti
1053 4163 1166 4233 quidem.
1204 4164 1262 4214 Mc.

422 4250 534 4316 ingrata
553 4248 687 4316 civitate,]
708 4253 867 4320 „ingratam
887 4250 1024 4301 civitatem
1037 4247 1269 4319 diceussiguisrcat
1290 4247 1400 4316 patriam

357 4328 473 4386 Romam.
510 4334 578 4386 Nam
590 4336 679 4388 civitas
697 4357 776 4408 saepe
796 4356 845 4407 pro
859 4339 942 4406 patria
963 4337 1081 4408 ponitur.
1118 4336 1182 4388 Erat
1193 4347 1282 4388 autem
1297 4337 1401 4404 ingrata

358 4422 474 4475 adversus
499 4425 671 4489 Ciceronem,
699 4426 771 4495 quod
801 4424 989 4487 commisisset,
1014 4436 1043 4476 ut
1069 4425 1132 4476 ciris
1153 4423 1270 4492 optimus
1293 4443 1307 4474 a
1333 4419 1403 4472 malo

360 4508 421 4573 cire,
440 4510 470 4560 P.
491 4510 599 4576 Clodio,
619 4512 644 4563 in
665 4513 781 4567 exsilium
802 4517 955 4582 ageretur.“
973 4511 1149 4581 Wyttenb.
1187 4510 1227 4562 Ad
1248 4510 1403 4562 sententiam
