3517 5450
654 726 849 775 esnsooxon
867 728 890 773 1.
932 728 1001 775 etr.
1020 730 1055 776 n.
1328 705 1377 778 59

343 880 481 935 Delectatio
500 892 541 936 est
559 883 635 956 quasi
655 885 739 953 actio,
763 885 873 936 deliciae
891 896 979 939 erstem
1001 886 1127 953 effectus,
1152 898 1178 942 et
1195 886 1273 941 simul
1292 887 1378 940 maio-

342 987 385 1022 rem
403 979 481 1022 notat
498 970 638 1040 associum,
656 983 685 1026 ut
704 973 845 1025 delectatio
864 974 968 1044 saepius
987 974 1058 1027 bona
1076 975 1276 1045 significatione,
1297 993 1378 1044 quam

343 1055 438 1107 deliciae
457 1062 634 1128 usurpetur.“
653 1089 687 1098 —
715 1061 770 1114 Pro
796 1059 950 1129 voluptates
975 1059 1041 1117 cod.
1061 1061 1132 1115 Gud.
1152 1062 1182 1116 C.
1207 1063 1378 1130 voluptatem.

342 1143 388 1197 ltd.
400 1143 478 1198 Man.
493 1145 562 1199 alios
579 1147 667 1218 legere
685 1148 749 1202 dicit
763 1159 827 1200 aut
849 1149 1007 1218 voluptatis.
1042 1148 1080 1200 Er
1095 1150 1192 1203 nostris
1205 1148 1301 1201 nullus.
1321 1150 1377 1202 ΜΓ.

396 1233 497 1283 Ponite
515 1244 580 1285 onte
599 1236 700 1302 oculos]
729 1234 796 1288 cod.
823 1234 873 1289 Or.
893 1253 917 1288 o.
942 1238 1039 1288 Ponite
1065 1237 1162 1290 votis
1189 1247 1254 1288 ante
1279 1236 1378 1289 oculos.

341 1315 406 1371 Rern.
426 1330 453 1373 et
470 1319 553 1375 Drsd.
572 1324 598 1374 1.
615 1325 707 1392 ponite
725 1334 790 1375 ante
808 1324 898 1377 oculos
917 1333 1066 1378 vestros.
1102 1324 1224 1396 Utraque
1241 1323 1321 1378 lectio
1341 1333 1379 1376 est

340 1405 488 1474 glossatoris.
525 1408 629 1464 Laudat
644 1410 678 1463 ad
696 1409 722 1465 h.
741 1410 759 1465 l.
778 1411 861 1482 Borg.
880 1408 937 1465 Cic.
956 1430 1006 1482 pro
1025 1412 1097 1483 Rege
1115 1411 1271 1466 Deiot.1ls=
1298 1415 1378 1464 Pro·

340 1511 411 1560 pone
437 1494 490 1545 tibi
518 1496 584 1548 duos
611 1516 725 1568 reges,
749 1509 776 1550 et
794 1498 824 1550 id
841 1499 929 1551 eninm
947 1500 1141 1568 contemplare,
1169 1501 1241 1573 quod
1265 1499 1379 1552 oculis

342 1592 492 1650 conpotes:
510 1583 636 1656 additque
649 1586 805 1656 promiscue
824 1586 948 1658 usurpari
962 1605 1065 1655 ponere,
1080 1605 1234 1657 proponere,
1250 1596 1379 1648 statuere,

343 1671 495 1721 nnslituere
514 1673 699 1738 renunculos,
725 1673 836 1728 laudans
852 1674 933 1728 Auct.
950 1675 983 1727 ad
1001 1674 1119 1728 Herenn.
1138 1675 1185 1741 Ν,
1203 1678 1250 1739 δθς
1277 1675 1310 1728 de
1327 1673 1379 1726 Or.

341 1750 413 1820 l‚t·t;
441 1756 515 1811 Part.
533 1756 610 1811 Orat.
629 1762 654 1813 6.
673 1779 722 1831 pro
741 1761 826 1815 Marc.
846 1765 871 1815 2.
891 1762 955 1832 ibiq.
972 1760 1038 1815 Ern.
1071 1762 1131 1815 Mr.

400 1844 495 1895 Vultis
522 1863 541 1895 a
567 1847 713 1915 Ronuelol]
743 1848 810 1901 Edd.
840 1851 943 1912 vultis,
972 1850 1144 1918 incipiam
1172 1870 1189 1902 α
1217 1851 1378 1904 Romulo?“

340 1928 445 1984 Graes.
465 1949 519 1985 sar.
539 1932 600 1986 lect.
638 1936 716 1999 „Vos
740 1936 866 2004 incipiam
890 1956 945 1990 non
965 1948 1003 1990 est
1021 1937 1049 1990 in
1067 1938 1123 1991 Pal.
1142 1958 1195 1992 sec.
1218 1950 1277 1995 tert.
1297 1951 1377 2005 sexto,

339 2016 383 2071 imo
400 2039 435 2072 ne
457 2019 566 2091 quidem
586 2021 615 2073 in
638 2022 669 2076 F.
687 2035 733 2077 aut
751 2023 789 2076 Μ.
809 2033 837 2076 et
858 2042 920 2076 sero
944 2023 1059 2076 editione
1083 2043 1130 2078 sua
1152 2025 1266 2078 excludit
1284 2026 1378 2078 Victo·

337 2105 389 2160 rius.
420 2109 453 2161 V.
474 2119 501 2160 et
518 2107 576 2162 Pal.
596 2128 635 2180 pr.
651 2110 707 2164 eius
725 2110 786 2164 loco
804 2111 902 2164 habeut
920 2113 1060 2183 incipere.‘·‘
1078 2111 1217 2166 Gruter.
1255 2112 1308 2165 Sed
1329 2132 1377 2165 ne·

336 2197 424 2267 quein
444 2197 624 2264 membranis,
650 2200 748 2269 quibus
767 2218 829 2253 usus
848 2210 939 2270 pater,
966 2219 995 2252 er
1015 2200 1112 2272 quibus
1135 2202 1213 2253 etiam
1232 2220 1293 2253 mox
1313 2219 1377 2270 pro-

334 2283 398 2337 duxit
414 2285 549 2342 escendit,
567 2285 613 2338 ubi
633 2286 712 2357 vulgo
731 2289 876 2340 ascendit.“
895 2287 1047 2341 Gronov.
1082 2288 1184 2355 „Recte
1202 2308 1266 2341 saue
1284 2288 1378 2341 Victo·

334 2373 382 2425 rius
401 2371 497 2426 delevit
515 2373 655 2442 incipiam,
674 2377 824 2429 secundum
845 2375 961 2447 optinios
979 2373 1100 2430 Codices.
1127 2395 1179 2430 nec
1197 2386 1265 2429 extat
1282 2394 1312 2428 ea
1331 2395 1378 2428 ror

334 2458 356 2511 in
372 2457 531 2512 Pithoeano.
570 2461 662 2513 Vultis
680 2480 697 2512 α
715 2462 849 2514 Romulo?
876 2481 912 2517 sc.
930 2462 1089 2533 exemplum.
1126 2463 1243 2531 Mirum,
1261 2463 1375 2517 hicnon

334 2547 444 2601 auditum
462 2547 618 2601 Victorium
634 2559 661 2603 et
680 2549 793 2616 codices,
815 2568 877 2603 curn
890 2549 924 2602 in
943 2550 1030 2604 statim
1049 2551 1221 2621 sequentibus
1238 2562 1309 2604 recte
1329 2570 1376 2604 co-

334 2635 414 2691 iieum
433 2635 516 2688 fidem
534 2636 640 2706 sequuti
659 2637 710 2691 sint
728 2637 861 2691 Gruterus
879 2637 980 2691 etalii:
1005 2637 1102 2706 Quid?
1122 2656 1140 2688 a
1159 2640 1250 2688 Nurno
1268 2637 1376 2704 Pompi-

334 2722 403 2777 tol“
422 2722 609 2777 Graevius.
647 2724 800 2797 „intelliges
829 2728 976 2796 exemplum
992 2736 1089 2796 petere.
1125 2726 1155 2778 ln
1174 2726 1249 2781 libris
1266 2724 1377 2797 quihus-

334 2810 386 2865 iem
404 2811 511 2883 scriptis
529 2822 556 2865 et
573 2811 649 2866 editis
666 2824 704 2866 est
721 2814 836 2883 incipere
859 2825 905 2867 aut
927 2813 1069 2882 incipiam:
1096 2833 1165 2885 quae
1189 2824 1250 2867 sunt
1274 2813 1376 2884 glossae

334 2918 380 2953 son
398 2899 518 2952 bonae.“
537 2897 611 2952 Ern.
648 2899 731 2965 „scit
746 2903 901 2971 exemplum.
936 2901 1062 2973 Plerique
1083 2902 1189 2965 Vultis,
1207 2903 1376 2971 incipiam

334 2988 492 3058 rRomulo‚·
515 2985 561 3038 sed
581 3005 672 3042 vocem
690 2990 834 3043 secundam
853 2991 978 3045 nesciunt
996 2988 1143 3057 Victorius,
1162 2989 1290 3042 Graevius
1308 2993 1376 3044 ete.“

334 3072 450 3128 ilives.
854 3125 856 3129 .

396 3163 490 3217 Vultis
509 3182 526 3212 a
543 3163 690 3231 Romulei]
710 3162 752 3217 ΑΙ.
772 3163 874 3218 addunt
892 3165 1027 3235 incipiam,
1045 3165 1079 3219 al.
1097 3165 1220 3234 incipere.
1257 3165 1335 3234 Apte,
1355 3163 1375 3215 si

334 3249 421 3303 rddere
438 3249 619 3304 necessarium
639 3262 713 3319 esset,
731 3251 803 3323 quod
823 3252 960 3324 eleganter
976 3252 1082 3307 reticeri
1099 3253 1195 3324 potuit,
1213 3262 1239 3304 et
1257 3252 1285 3303 in
1303 3258 1375 3322 opti-

334 3337 372 3392 nis
388 3338 530 3392 codicibus
547 3338 636 3391 deesse
655 3339 740 3393 critici
759 3340 937 3395 adverterunt.
973 3342 1070 3394 Face.

395 3428 490 3481 Vultis
508 3445 526 3476 a
544 3425 690 3494 Romulei]
714 3426 956 3493 „Subaudiendutn
969 3437 1014 3480 est
1031 3426 1205 3495 incipiamus,
1222 3426 1372 3477 ordiamur:

334 3533 439 3583 quorum
465 3512 539 3585 prius
563 3512 653 3566 multis
676 3515 705 3567 in
724 3513 810 3570 Codd.
835 3525 928 3569 exstat:
954 3532 1112 3586 perperams
1140 3523 1178 3566 est
1195 3512 1266 3564 eninr
1286 3512 1373 3566 brevi-

334 3602 459 3673 oquentia
481 3600 589 3670 optimis
608 3602 947 3675 quibusquescriptoribus
959 3604 1081 3656 usitata.“
1098 3601 1272 3671 Wytte'nb.
1309 3599 1374 3665 „Sic

334 3702 473 3761 οᾳιιαητιιν
495 3689 629 3743 omittitur
649 3690 717 3744 Phil.
737 3691 756 3757 l,
776 3695 824 3745 11:
848 3692 904 3745 Sed
926 3692 1005 3743 iidem
1028 3690 1070 3741 illi
1095 3693 1136 3741 ito
1162 3708 1277 3747 mecum,·
1306 3687 1374 3740 Phil.

334 3776 379 3841 ill,
398 3780 429 3829 li:
456 3776 519 3846 quis
537 3793 656 3847 unquam
675 3796 762 3831 omues
780 3779 891 3831 tribus?
916 3782 977 3852 quis
996 3806 1029 3819 -
1049 3776 1201 3829 militares?
1226 3776 1273 3829 ubi
1292 3776 1373 3829 omis-

335 3881 378 3917 urn
391 3875 445 3917 est:
464 3862 562 3918 babuit
578 3864 607 3915 in
620 3864 778 3933 potestate?
814 3864 856 3919 Gi.
873 3867 906 3920 ad
924 3878 1067 3936 utrumque
1083 3863 1173 3918 locum
1186 3862 1374 3916 Garatonius“

334 3950 419 4023 iorg.
457 3950 519 4004 Est:
540 3951 626 4003 vullis
645 3970 662 4002 a
678 3954 793 4006 Romulo
811 3958 821 4005 i
829 3957 968 4024 ncipere
984 3954 1013 4006 in
1032 3950 1119 4004 Codd.
1139 3952 1197 4003 Bas.
1217 3950 1283 4003 Oen.
1301 3949 1333 4003 E.
1352 3951 1371 4003 1.

334 4040 398 4110 1η.
416 4056 447 4103 ψ.
467 4038 526 4093 Cre.
546 4041 572 4092 1.
589 4037 661 4094 Gud.
677 4038 707 4093 C.
725 4040 805 4094 Drsd.
824 4045 850 4095 1.
866 4046 891 4099 3.
918 4041 967 4095 Ed.
986 4040 1046 4094 Asc.
1059 4042 1137 4093 1511.
1156 4050 1182 4091 et
1199 4038 1282 4091 Paris.
1301 4057 1320 4091 s.
1336 4057 1372 4101 a.;

334 4126 368 4182 ix.
388 4128 420 4181 E.
435 4136 498 4199 post
517 4125 603 4179 vullis
622 4126 749 4182 insertum
768 4129 850 4185 habet,
861 4130 957 4199 priuos
987 4127 1066 4182 Drsd.
1084 4131 1111 4181 5.
1135 4125 1227 4179 habet:
1252 4125 1337 4177 vultis
1354 4143 1371 4175 a

334 4215 455 4270 lemnio?
471 4214 598 4280 incipe.
635 4213 684 4267 Ed.
705 4226 754 4269 vet.
774 4235 816 4286 ap.
836 4215 948 4269 Meusel.
967 4215 1052 4267 vultis
1069 4214 1222 4281 incipere
1240 4210 1369 4269 Ilomulo‚·

334 4303 383 4359 ild.
404 4306 472 4356 Ven.
491 4303 573 4353 1487.
593 4302 769 4358 14921517.
794 4304 878 4357 Paris.
897 4306 976 4359 1501.
996 4305 1075 4356 151².
1098 4298 1184 4370 Lugd.
1203 4301 1282 4351 1515.
1305 4294 1370 4365 Arg.

334 4398 394 4450 515.
412 4390 496 4445 Hdlb.
513 4390 550 4457 (s.
568 4389 585 4440 l.
604 4399 630 4441 et
649 4389 686 4458 a.)
703 4402 729 4445 et
749 4393 791 4445 ed.
808 4412 864 4464 prc.
883 4392 957 4463 Mog.
975 4392 1055 4445 1465.
1073 4389 1158 4441 vultis
1176 4387 1334 4453 incipere
1353 4403 1370 4434 a

334 4478 446 4538 'omuloi
484 4475 552 4535 Sole
572 4487 661 4534 nostra
675 4478 742 4537 Rob.
758 4478 848 4551 Steph.
868 4501 929 4539 cuns
949 4478 1035 4536 Codd.
1054 4474 1163 4548 reliquis
1180 4484 1207 4529 et
1224 4472 1292 4531 Edd.
1309 4472 1371 4530 inde
