3517 5450
585 736 779 785 numnoxon
800 739 820 783 1.
862 736 933 784 oss.
953 737 1002 814 n.¹
1267 715 1315 787 75

337 895 434 964 esest]
468 893 554 948 Codd.
578 893 637 948 Cre.
654 898 680 948 1.
699 899 724 948 2.
751 895 845 947 Cotlrc·
881 897 925 950 De
952 895 1004 949 boc
1034 897 1133 947 Catone
1150 894 1317 964 (Censorio),

274 987 308 1057 qui
326 995 447 1038 mortuus
474 994 514 1037 est
537 1002 624 1037 annos
650 993 729 1036 natus
754 982 1030 1056 octogintaquinque
1057 982 1146 1054 primo
1164 1002 1237 1037 anno
1256 982 1318 1036 belli

272 1071 355 1124 Punici
372 1071 461 1138 tertii,
488 1070 573 1124 tribus
597 1070 676 1125 annis
693 1081 773 1136 ante,
802 1089 884 1142 quam
902 1072 1046 1125 Alricanus
1070 1070 1161 1124 minor
1179 1070 1320 1142 Cartbagi-

272 1178 321 1211 nem
346 1157 451 1224 delerit,
470 1159 521 1211 rid.
540 1157 626 1211 Orell.
642 1157 660 1211 l.
679 1176 702 1212 o.
724 1178 750 1228 p.
768 1148 936 1213 usuque.
982 1158 1146 1212 Wetselii
1171 1159 1317 1213 Excursum

272 1248 291 1298 in
315 1248 446 1300 Catonem
472 1256 499 1299 et
528 1244 649 1299 Caelium
674 1263 701 1316 p.
721 1248 887 1301 sao-269.
911 1246 1065 1318 ibidemque
1091 1245 1123 1299 de
1148 1245 1321 1317 Scipionibus

271 1354 290 1404 p.
306 1337 459 1389 269-185.
488 1332 549 1388 Mn.

295 1449 298 1453 ⁴
329 1421 573 1474 inurbanam
600 1420 757 1473 interiectus
784 1421 883 1492 CatoP]
921 1422 964 1476 Aa
988 1421 1147 1475 formulam:
1172 1422 1242 1474 inter
1268 1421 1317 1474 lio·

271 1528 317 1560 rum
341 1517 462 1560 aetatem
487 1507 658 1571 interiectus,
680 1507 786 1561 confert
810 1507 893 1581 Borg.
920 1510 978 1564 Cic.
996 1508 1073 1563 Brut.
1087 1513 1135 1565 64:
1162 1509 1320 1562 interiectus

269 1596 329 1648 inter
347 1596 418 1648 duas
437 1604 559 1646 aetates:
578 1605 604 1648 et
621 1593 691 1649 Phil.
709 1596 744 1659 X,
763 1598 794 1648 4:
815 1596 943 1667 fratrum
962 1595 1100 1649 aetatibus
1118 1596 1212 1649 mediis
1232 1596 1320 1646 inter-

269 1684 352 1738 iectus.
387 1682 432 1736 Ad
451 1701 509 1736 rem
528 1682 615 1754 Wytt.
633 1681 661 1735 iu
681 1681 798 1735 Scholia:
820 1684 888 1736 Cato
918 1683 941 1736 is
958 1683 1010 1752 (M.
1029 1682 1154 1750 Porcius)
1180 1681 1226 1754 qui
1251 1679 1319 1734 dici·

270 1780 304 1822 tur
322 1771 409 1823 maior
427 1770 493 1824 item
513 1770 663 1837 censorius,
689 1768 781 1824 floruit
800 1771 871 1824 inter
894 1770 995 1824 bellum
1011 1770 1146 1824 Punicum
1169 1768 1317 1823 secuudum

270 1869 289 1912 et
304 1857 425 1912 tertium:
452 1858 493 1910 vir
518 1855 589 1910 bello
607 1867 633 1910 et
651 1856 744 1911 litteris
761 1869 787 1911 et
806 1858 877 1911 idem
897 1857 986 1912 multis
1003 1857 1104 1911 artibus
1122 1855 1224 1910 clarus:
1245 1855 1320 1910 cuius

269 1967 291 2000 es
308 1946 398 2000 multis
409 1944 486 2000 libris
503 1963 573 2001 unus
585 1945 617 1996 de
626 1948 666 1997 Rs
680 1947 796 1999 Rustica
810 1949 958 2018 superest.“
993 1944 1046 1998 Sed
1059 1954 1160 1997 exstant
1171 1943 1319 2014 fragmento

269 2035 413 2090 orationum
438 2032 607 2104 aliorumque
625 2033 758 2086 librorum
777 2034 839 2087 satis
856 2033 948 2087 multa.
991 2031 1053 2084 Vid.
1071 2030 1110 2084 Μ.
1129 2030 1218 2084 Porcii
1238 2034 1319 2084 Cato·

269 2122 301 2174 nis
327 2122 362 2175 de
386 2121 427 2174 Re
454 2120 563 2174 Rustica
592 2119 668 2174 liber.
692 2120 870 2192 Fragmenta,
902 2139 970 2192 quae
994 2130 1142 2191 supersunt.
1185 2118 1321 2173 Ausonius

268 2209 363 2280 Popma
377 2208 526 2262 recensuit.
536 2207 558 2260 F
561 2212 817 2280 ranequerae,1b²⁰.
832 2212 856 2262 8.
865 2237 899 2247 —
918 2207 939 2262 l.
948 2208 981 2262 Η.
993 2227 1055 2262 van
1072 2205 1170 2260 Rolbi
1179 2226 1218 2261 us
1232 2207 1318 2260 Diatr.

269 2296 300 2352 lit.
319 2298 350 2351 in
368 2301 410 2350 M.
430 2296 521 2349 Porcii
540 2297 650 2348 Catonis
670 2296 788 2348 Censorii
805 2315 876 2368 quas
894 2305 1054 2368 supersunt,
1072 2295 1174 2364 scripta
1193 2304 1220 2344 et
1233 2295 1319 2366 stag·

270 2395 360 2436 menta.
388 2382 476 2452 Utraj.
502 2385 581 2437 1826.
604 2385 629 2436 8.
648 2411 682 2422 -
726 2386 768 2436 M.
790 2383 882 2435 Porcii
908 2384 1017 2436 Catonis
1041 2382 1102 2436 Vita
1136 2393 1163 2435 et
1192 2381 1319 2452 lragmm.
1344 2415 1347 2419 -

268 2470 334 2526 Fasc.
353 2469 375 2525 l.
394 2481 421 2524 et
438 2467 472 2523 ll.
491 2488 542 2534 scr.
561 2469 695 2523 Wilms.
714 2469 1015 2524 Dortmund.1843.4.
1039 2469 1115 2539 (suut
1139 2466 1316 2538 prolusiones,

269 2578 327 2629 quas
345 2559 454 2625 dicunt,
472 2556 664 2624 scholasticae.)
683 2587 717 2596 -
736 2556 885 2611 Oratorum
902 2557 1088 2609 Romanorum
1112 2555 1237 2624 fragmm.
1262 2555 1320 2609 col-

269 2643 311 2717 leg.
329 2658 412 2718 atque
426 2644 520 2699 illustr.
537 2644 571 2720 tl.
590 2643 692 2714 Meyer.
712 2663 737 2715 p.
757 2647 856 2699 8-92.
874 2643 926 2697 Ed.
940 2662 982 2715 pr.
1000 2642 1060 2696 Mn.

331 2733 427 2806 Quid?
458 2732 665 2787 innumerabiles
689 2734 749 2801 alii]
783 2732 869 2787 codd.
903 2735 961 2787 Cra.
983 2735 1009 2785 1.
1042 2730 1121 2785 Drsd.
1140 2734 1167 2785 5.
1195 2728 1267 2783 Gud.
1286 2730 1318 2782 C.

271 2822 329 2892 quid
347 2824 398 2875 alii
417 2821 631 2875 innumerabiles.
651 2820 718 2875 Cod.
737 2822 817 2878 Drsd.
831 2826 860 2876 4.
878 2805 1048 2873 abundonrus
1065 2818 1199 2887 exemplis.
1243 2816 1317 2872 Scri·

272 2910 333 2965 bitur
351 2909 542 2963 habundamus
558 2909 691 2967 incodd.
710 2909 782 2964 Gud.
801 2910 834 2963 A.
854 2911 911 2963 Cra.
930 2912 955 2961 1.
973 2912 1000 2961 2.
1017 2910 1044 2961 d.
1072 2905 1151 2959 Drsd.
1170 2908 1196 2957 1.
1215 2904 1316 2957 Laudat

272 2997 296 3049 ed
315 2998 340 3051 b.
360 2998 378 3051 l.
399 2998 562 3061 (dometicis
580 2998 707 3067 exemplis
724 2996 909 3062 abundamus)
935 2994 1037 3050 Gernb.
1061 2994 1152 3049 locum
1172 2992 1317 3064 praefatio·

272 3084 302 3137 nis
318 3085 401 3153 Livii,
423 3085 469 3139 ubi
487 3085 521 3140 de
539 3084 605 3157 reip.
624 3084 732 3139 historia
748 3086 863 3158 loquens
880 3084 1002 3156 scripsit:
1028 3082 1106 3135 nulla
1131 3099 1251 3151 unquam
1276 3098 1318 3131 res

271 3174 370 3239 publica
389 3193 438 3225 nec
456 3174 542 3226 maior
560 3191 607 3225 nec
633 3177 770 3239 sanctior,
796 3194 855 3227 nec
881 3172 981 3227 bonis
1008 3169 1176 3240 exemplis
1205 3168 1318 3219 ditior

268 3260 349 3327 suit.
368 3260 428 3316 Mt.

332 3347 429 3417 Quid?
459 3348 665 3402 innumerabiles
695 3350 745 3402 alii
776 3351 905 3420 (namque
929 3376 963 3387 -
987 3346 1170 3412 abundamus)
1199 3343 1318 3413 cogitas-

271 3453 335 3489 sene
354 3438 401 3504 —]
419 3436 552 3489 Dedimus
570 3438 608 3491 sic
626 3438 724 3509 partim
744 3456 774 3490 ex
792 3435 936 3507 Borgersii,
957 3433 1054 3505 partim
1073 3451 1103 3484 es
1114 3440 1205 3483 nostra
1224 3446 1318 3481 emen-

270 3523 380 3593 datione,
399 3544 462 3579 cum
480 3524 509 3579 in
529 3536 601 3580 tanta
613 3525 759 3580 lectionum
779 3524 912 3590 varietate,
927 3536 966 3576 ‘ne
975 3522 1063 3574 dicam
1087 3538 1121 3571 an
1140 3515 1318 3569 confusione?

270 3613 335 3667 nulla
361 3613 441 3685 plane
469 3612 635 3668 satisfecerit.
688 3613 769 3667 Posui
797 3614 879 3685 igitur
902 3609 1014 3681 Quid?
1038 3604 1319 3660 innumerabiles

269 3702 331 3752 alii
356 3703 435 3765 (nam
458 3702 610 3753 domesticis
633 3702 758 3771 exemplis
783 3700 968 3765 abundamus)
990 3698 1216 3771 cogitassene
1242 3693 1318 3765 quic-

268 3807 343 3857 quam
361 3790 391 3841 in
412 3790 469 3841 vita
487 3788 539 3842 sibi
556 3790 746 3858 expetendum,
764 3790 818 3841 nisi
837 3789 909 3861 quod
926 3772 1064 3848 laudabile
1081 3795 1174 3837 esset
1193 3792 1219 3833 et
1235 3800 1318 3851 prae-

267 3877 381 3942 clarum,
399 3875 546 3929 videntur?
580 3876 616 3930 Et
633 3877 672 3931 sic
690 3877 739 3931 Or.
754 3897 816 3932 cum
834 3878 933 3949 Borg.,
953 3874 1002 3929 nisi
1021 3871 1095 3945 quod
1113 3880 1227 3941 uterque
1244 3868 1319 3947 dedit

267 3965 405 4037 cogitasse.
449 3963 551 4018 Gernb.
572 3983 638 4020 cum
665 3965 730 4019 Ern.
759 3964 892 4019 ediderat:
926 3964 992 4034 quid
1017 3957 1222 4013 innumerabiles
1246 3952 1318 4007 alii?

266 4053 338 4115 (nam
357 4052 552 4105 domesticis-
572 4052 754 4122 abundamus)
773 4054 907 4126 cogitasse
922 4060 1107 4121 putamus,
1125 4046 1268 4117 quicquam
1281 4072 1316 4082 -

264 4140 453 4210 expetendum,
480 4140 533 4192 nisi
557 4142 630 4213 quod
651 4141 790 4194 laudabile
807 4158 884 4193 esse
900 4140 1007 4207 (rocem
1025 4154 1082 4188 esse
1106 4132 1212 4187 uncinis
1229 4128 1317 4182 inclu-

263 4232 293 4283 sit
306 4226 426 4296 Gernb.)
444 4237 472 4278 et
487 4229 658 4296 praeclarum
676 4227 890 4282 rideretur?
937 4225 991 4280 Sed
1017 4224 1152 4277 videamus
1182 4218 1215 4272 de
1233 4215 1316 4282 libris,

261 4318 332 4373 unde
359 4314 502 4387 apparebit
527 4335 577 4369 nos
599 4316 708 4388 quidem
734 4317 863 4370 violenter
894 4316 977 4385 egisse
1003 4311 1083 4367 nihile
1117 4312 1164 4361 An
1187 4314 1317 4373 putamus

261 4425 422 4479 quemquam
452 4406 546 4457 borum
571 4408 704 4478 cogitasse
730 4406 874 4477 quicquam
891 4405 920 4457 in
939 4404 997 4455 uita
1015 4400 1066 4453 stoi
1091 4393 1265 4464 expetendum
1282 4420 1316 4430 -

258 4496 305 4551 Sic
323 4496 386 4551 Ala.
406 4494 501 4562 Mam,
520 4494 594 4555 cuius
611 4494 676 4549 baec
696 4506 732 4549 est
751 4492 900 4548 annotatio:
926 4494 1078 4554 „Putamus
1096 4500 1142 4535 nos
1167 4479 1314 4551 quidquam
