3517 5450
673 712 869 791 rintooxon
895 719 915 762 r.
954 717 1022 762 uir.
1046 696 1100 763 mi
1362 699 1410 772 85

428 869 468 916 ito
488 868 600 918 etiam
619 869 765 923 laudabilis
785 873 908 940 inuritur]
946 875 982 927 lta
1003 876 1062 928 deti
1095 897 1155 929 cum
1175 877 1224 930 Or.
1244 899 1292 951 pro
1312 881 1353 931 ita
1378 894 1410 932 et

366 975 458 1010 nuno
478 953 547 1009 Coti.
566 954 671 1023 Guell.‚
690 977 751 1012 cum
772 979 799 1013 er
820 978 867 1013 usu
886 959 1039 1029 Ciceronis,
1065 973 1122 1015 tum
1143 966 1205 1039 quia
1225 986 1319 1020 vocum
1338 979 1365 1018 et
1384 981 1409 1022 et

364 1046 436 1095 etium
455 1045 618 1117 compendia
637 1059 698 1100 sunt
716 1046 742 1100 in
759 1045 847 1101 cond.
873 1048 908 1100 ita
928 1049 1036 1117 similia,
1065 1063 1093 1104 ut
1119 1055 1258 1125 utriusque
1288 1056 1410 1108 conlusio

363 1143 381 1185 et
398 1131 551 1203 legentibus
570 1146 594 1188 el
612 1135 787 1219 scribentibus
806 1137 836 1188 sit
854 1130 1075 1208 lrequentissima.
1123 1139 1154 1191 ln
1173 1141 1250 1195 l)rsd.
1272 1147 1296 1196 5.
1315 1143 1411 1215 legitur

362 1222 395 1270 ito
414 1220 566 1273 laudabilis
585 1225 711 1287 mraxime,
730 1226 757 1276 in
777 1224 855 1277 Drsd.
878 1229 903 1278 4.
922 1225 993 1279 Gud.
1016 1227 1045 1281 B.
1074 1229 1114 1278 ita
1140 1240 1167 1278 et
1191 1230 1339 1281 laudabilis
1356 1244 1408 1284 ert

361 1310 475 1387 inoxime.
529 1308 647 1382 Pergum
677 1310 763 1366 Codd.
792 1310 850 1364 Cn.
869 1315 895 1364 1.
922 1312 993 1366 Gud.
1021 1315 1052 1368 Α.
1078 1315 1108 1368 Β.
1140 1314 1206 1369 On.
1233 1315 1263 1369 E.
1283 1317 1300 1369 Ι.
1328 1339 1352 1385 η.
1380 1337 1408 1380 u.

361 1396 433 1450 Drsd.
453 1402 477 1450 2.
498 1401 523 1452 3.
543 1383 732 1471 nequeenim
759 1410 800 1450 est
827 1394 913 1450 ullum
933 1399 1042 1467 botrum,
1062 1401 1141 1455 Drsd.
1160 1406 1186 1457 4.
1213 1422 1296 1474 neque
1323 1406 1409 1456 enim

360 1486 439 1537 ullum
459 1476 557 1538 bonum
577 1497 637 1542 est.
675 1486 704 1539 ln
723 1508 797 1559 seqq.
817 1486 887 1541 Gud.
907 1490 938 1540 Α.
960 1491 990 1540 de
1010 1510 1062 1562 quo
1086 1491 1109 1542 is
1125 1490 1223 1542 hebeat
1249 1510 1300 1542 norr
1322 1493 1409 1560 possit

360 1577 462 1627 honeste
480 1574 603 1646 gloriari.
647 1572 719 1629 Gud.
739 1574 769 1628 B.
801 1576 831 1626 ds
848 1595 901 1647 quo
919 1594 972 1627 non
988 1577 1012 1628 is
1031 1579 1078 1648 qui
1101 1579 1131 1628 id
1149 1578 1247 1629 habent
1267 1598 1330 1630 non
1346 1596 1408 1647 pos-

359 1664 389 1714 sit
407 1666 470 1718 lron.
488 1664 612 1735 gloriari.
648 1663 754 1717 Suerin.
775 1666 806 1715 de
825 1683 877 1737 quo
893 1665 975 1714 item
994 1667 1017 1716 is
1036 1667 1083 1737 qui
1105 1667 1134 1716 id
1155 1667 1254 1716 hubent
1278 1684 1328 1718 non
1345 1686 1408 1734 pos-

358 1755 389 1804 sit
405 1755 469 1806 lton.
486 1751 557 1824 glor.
574 1746 653 1807 Drsd.
668 1738 697 1806 ¹1.
722 1752 753 1801 cte
772 1770 823 1824 quo
844 1751 868 1802 is
887 1778 922 1787 ·-
942 1751 1002 1804 tion.
1023 1770 1075 1805 non
1103 1755 1191 1823 possit
1207 1754 1275 1824 glor.
1304 1752 1363 1806 Crz.
1384 1757 1407 1806 1.

359 1842 384 1890 tle
402 1862 456 1913 quo
474 1842 499 1892 is
520 1869 553 1880 -
574 1860 625 1891 mm
646 1836 705 1892 lrorr.
721 1832 800 1911 pz'gt.
809 1836 830 1901 5
842 1836 899 1893 cta.
921 1838 945 1891 2.
962 1834 998 1889 'tle
1016 1860 1068 1912 quo
1086 1843 1110 1893 is
1125 1843 1176 1912 'qui
1193 1841 1273 1892 liobe!
1292 1841 1328 1897 td,
1347 1843 1407 1894 lion.

357 1947 403 1980 non
420 1928 508 1996 possit
525 1925 643 1999 gloriari
648 1930 660 1987 ';
679 1927 760 1981 Drsd.
779 1928 805 1980 4.
826 1926 862 1976 de'
876 1911 1025 1997 tuo²quts
1045 1958 1077 1969 -
1097 1948 1148 1981 mm
1163 1931 1408 2000 poss.·lron.·'·glo-

357 2010 534 2081 riori3‘Drsd.
554 2021 579 2071 5.
601 2017 631 2066 de
650 2037 702 2089 quo
719 2019 743 2068 is
762 2016 810 2088 qui
827 2013 926 2066 liobeol
955 2034 1007 2069 non
1034 2019 1120 2085 possit
1146 2019 1206 2071 horr.
1230 2018 1352 2089 gloriari.
1372 2046 1405 2056 ·—

356 2104 471 2168 „sensus
482 2104 667 2176 disputationis
683 2114 708 2158 et
721 2103 917 2159 notionumliic
928 2115 981 2159 est:
1001 2105 1070 2157 Nihil
1091 2107 1193 2157 bonum
1207 2116 1253 2169 est,
1273 2104 1322 2156 nisi
1334 2122 1405 2170 eum,

357 2193 443 2264 quiid
464 2192 594 2265 possidet,
615 2191 750 2245 meliorem
772 2192 845 2246 lacit:
877 2190 956 2264 atqui
976 2182 1096 2265 voluptas
1113 2213 1175 2246 non
1201 2193 1326 2246 meliores
1344 2193 1407 2245 lacit

357 2281 489 2344 homines;
510 2284 575 2354 ergo
594 2272 714 2353 voluptas
734 2302 787 2334 non
808 2292 845 2335 est
864 2284 977 2335 bonum.
1022 2282 1050 2334 Si
1071 2281 1191 2354 voluptas
1217 2299 1272 2334 non
1297 2292 1335 2334 est
1356 2282 1406 2334 bo-

357 2391 433 2438 num,
453 2370 573 2443 reliquae
594 2389 635 2422 res
654 2380 800 2443 corporeae
819 2370 984 2424 et⁸esternae
1004 2369 1092 2422 minus
1119 2371 1196 2423 etiam
1222 2378 1283 2421 sunt
1309 2369 1405 2435 bonae,

356 2471 376 2513 el
395 2460 452 2539 sola
473 2459 555 2511 virlu's
582 2450 683 2511 honum
704 2452 877 2512 iudicandum
905 2456 1068 2530 e'sl.¹'Al('1ui
1094 2459 1212 2530 reliquae
1239 2476 1280 2509 res
1305 2476 1404 2529 corpo-

356 2566 411 2600 reae
432 2559 458 2600 et
477 2558 600 2599 externae
620 2547 706 2599 minus
721 2546 798 2599 etiam
819 2556 880 2599 sunt
900 2547 997 2611 bonae,
1017 2564 1097 2617 quam
1113 2545 1248 2617 voluptas:
1267 2563 1332 2616 ergo
1349 2546 1403 2598 sola

356 2635 433 2690 virtus
452 2635 556 2687 bonum
576 2634 757 2687 iudicandum.
795 2634 948 2686 Stoicorum
972 2632 1037 2687 haec
1062 2645 1118 2685 erat
1139 2633 1220 2698 ratio,
1244 2652 1304 2684 uera
1335 2634 1404 2684 bona

355 2723 483 2778 eiusmodi
503 2744 572 2789 esse,
600 2711 755 2797 dequibus
773 2722 832 2796 quis
857 2721 965 2794 gloriari
985 2722 1077 2795 po'ssit:
1108 2721 1141 2774 de
1165 2719 1220 2774 sola
1245 2720 1406 2774 autem'vir·

356 2824 404 2868 lute
425 2811 563 2865 hominem
577 2831 651 2882 posse
671 2811 793 2883 gloriari:
813 2827 877 2883 ergo
897 2809 980 2863 solum
992 2811 1113 2863 rirlulem
1125 2828 1180 2862 esse
1198 2828 1258 2862 vere
1278 2809 1404 2861 bonam.¹‘

355 2895 535 2973 W'yttenb.

422 2988 499 3058 Quid
529 2997 619 3037 nrrtem
645 2995 684 3037 est
716 2986 810 3037 horum
836 2986 864 3035 in
898 2984 1069 3053 voluptale?]
1108 2986 1199 3052 „llaec
1224 2998 1262 3038 est
1287 2986 1404 3038 oralorin

354 3077 510 3149 disputatio,
536 3075 569 3127 in'
596 3081 649 3152 qua
673 3073 896 3145 interrogationes
922 3074 972 3125 rim
997 3072 1096 3127 habent
1122 3074 1335 3127 enuntiationum
1356 3092 1404 3125 ne-

353 3164 489 3237 gentium,
509 3159 584 3236 quilii
608 3159 729 3216 dicotur:¹
745 3155 807 3214 nihil
829 3160 926 3214 lroru'm
945 3172 982 3215 est
1002 3162 1027 3214 in
1047 3162 1195 3234 voluptate:
1214 3162 1333 3233 voluptas
1352 3180 1403 3213 nec

352 3255 490 3309 meliorem
518 3272 568 3305 nec
600 3249 801 3303 laudabiliorem
826 3252 911 3303 virum
941 3250 1048 3303 etfieirt‘
1071 3252 1247 3321 Wytlenb.
1266 3277 1300 3287 ·-
1335 3248 1402 3301 Cod.

352 3345 407 3397 Cre.
431 3348 455 3396 l.
477 3342 545 3413 quid
562 3329 765 3391 nuterrr'lmrum
784 3343 935 3409 ipsorum
954 3350 1012 3397 est;
1042 3338 1147 3389 Suerin.
1167 3336 1246 3389 Drsd.
1265 3340 1290 3387 4.
1309 3337 1403 3386 lorum

351 3445 406 3493 ειη
440 3430 513 3484 Gud.
534 3425 568 3482 Α.
585 3425 616 3479 Β.
643 3427 739 3500 'quoti
763 3436 853 3477 autem
871 3437 920 3479 est.
965 3425 1053 3476 Verba
1082 3426 1245 3475 melioremne
1264 3450 1297 3462 -
1316 3424 1403 3473 virum

351 3521 446 3573 desunt
471 3518 498 3570 in
527 3513 597 3567 Gud.
626 3515 657 3567 Α.
709 3514 763 3566 Pro
789 3514 956 3566 'melioremne
983 3513 1062 3565 Drsd.
1083 3516 1107 3564 l.
1139 3511 1217 3563 babet
1242 3510 1401 3563 melioresne.

351 3607 407 3662 Cra.
420 3610 446 3660 1.
465 3602 572 3658 Suerin.
589 3601 684 3655 Duisb.
703 3621 738 3653 an
758 3613 808 3674 pr'o
828 3601 887 3656 out'.
904 3603 975 3655 Tum
987 3605 1080 3656 Crnl.
1098 3599 1269 3650 laudabilem.
1287 3598 1402 3651 [ΜΗ.

351 3707 410 3747 out
432 3695 589 3766 quisquam,
614 3689 686 3743 Gud.
707 3690 739 3744 Α.
766 3702 817 3742 aut
836 3691 944 3762 aliquis.
981 3690 1040 3743 Crz.
1060 3694 1084 3743 2.
1112 3687 1182 3741 Gud.
1201 3690 1233 3741 A.
1261 3688 1402 3756 potiendis,

350 3781 456 3835 Suerin.
470 3779 622 3850 pollentius.
643 3781 700 3832 Mr.

419 3866 567 3922 Glorionrio
586 3885 640 3919 sese
658 3877 683 3916 et
701 3865 902 3935 praedicatione
920 3865 1034 3933 offrid]
1066 3866 1286 3930 ‚,Glorior1doee‚
1310 3864 1402 3917 decem

349 3970 372 4012 et
390 3970 504 4030 sepiem.
531 3955 638 4018 Gloria,
657 3958 753 4007 unus.“
773 3952 845 4006 ΑΜ.
865 3954 968 4006 Manu
978 3966 995 4007 t.

418 4044 643 4119 gloriatione
661 4037 689 4094 se
707 4053 734 4092 et
751 4043 952 4111 praedicatione
971 4043 1100 4094 extolli
1107 4042 1152 4109 t?]
1176 4041 1323 4110 „Nonnulli
1342 4041 1402 4093 libri

348 4138 447 4190 habent
465 4130 589 4203 effert?“
611 4131 762 4184 Lambin.
811 4130 965 4201 „Antiquus
991 4131 1058 4184 liber
1083 4130 1175 4183 habet:
1206 4129 1347 4200 gloriando
1374 4147 1402 4179 se

345 4226 429 4276 etiam
446 4219 647 4291 praedicatione
666 4217 768 4287 effert.“
787 4218 878 4273 Fulv.
904 4218 1062 4272 Ursinus.
1112 4218 1142 4270 ll.
1169 4218 1254 4269 Wolf.
1280 4217 1308 4267 in
1335 4235 1402 4268 con-

347 4314 422 4367 textis
441 4324 470 4364 ut
482 4308 637 4362 Lambinus.
675 4308 705 4359 ln
721 4306 843 4360 lemmate
864 4307 1045 4361 annotationis
1064 4307 1154 4359 habet:
1174 4304 1319 4357 Glorinndo
1334 4314 1401 4354 seer

340 4399 568 4474 praedicatione:
590 4396 734 4449 Annotatio
745 4405 833 4447 autem
848 4393 913 4448 haec
925 4407 976 4448 est:
994 4394 1080 4460 „Aliis
1097 4396 1185 4465 glorio
1203 4411 1260 4444 sese
1277 4402 1304 4443 et
1321 4412 1402 4461 proe-

343 4489 480 4541 dieatione
500 4482 591 4553 efferi.
627 4484 687 4537 Fre.
707 4482 811 4554 Sylvius
830 4485 867 4536 sic
893 4503 919 4536 se
943 4484 1071 4555 scriptum
1098 4482 1225 4553 reperisse
1249 4482 1276 4532 in
1302 4494 1402 4535 vetusto
