3517 5450
679 725 875 773 esuruoxon
899 728 928 772 v.
969 727 1038 774 cur.
1061 729 1082 775 ι.
1333 707 1407 782 215

354 905 428 939 uuus.
468 888 626 937 contemnat
647 885 762 953 [volebat
782 886 937 953 coruineau]
959 907 1035 945 unus.
1076 894 1212 961 Temperet
1229 911 1283 945 esse
1303 894 1330 946 in
1346 896 1407 967 q'ui·

355 973 463 1026 busdam
484 972 559 1026 tibris
577 983 698 1027 notatum
718 974 834 1026 invenio.
853 1003 887 1014 -
926 979 1068 1043 uotrcear,
1084 996 1177 1032 omnes
1195 981 1255 1032 mei.
1303 983 1406 1035 Arceut

354 1081 406 1114 esse
425 1061 453 1112 iu
472 1061 632 1131 quibusdam
652 1062 726 1115 libris
746 1073 866 1116 notatum
893 1063 1008 1117 invenio.
1028 1093 1061 1104 —-
1099 1069 1141 1118 Et
1160 1077 1275 1132 ceteras,
1299 1068 1405 1123 decem:

354 1149 518 1220 inquorum
540 1167 595 1201 uno
614 1149 764 1202 ειάιιίιιιηι.ιι
783 1149 856 1203 Atd.
875 1149 965 1204 Meu.
1107 1208 1111 1216 .
1351 1221 1353 1226 Ι

423 1246 483 1288 tum
502 1238 617 1306 incipiat
635 1238 697 1290 aliis
714 1239 869 1308 impetum]
895 1238 1004 1311 Legitur
1028 1240 1055 1293 in
1081 1241 1143 1296 Ere.
1163 1242 1230 1315 Eyb.
1260 1255 1345 1296 tunc
1363 1246 1407 1297 in-

354 1323 471 1393 cipiet,
490 1334 574 1376 tunc
592 1325 702 1394 incipit
721 1326 749 1379 in
768 1325 848 1378 Drsd.
862 1330 898 1391 5³,
924 1337 1009 1379 tunc
1026 1329 1140 1398 incipiet
1160 1330 1188 1382 in
1207 1329 1294 1387 codd.
1314 1330 1365 1384 Os.
1380 1353 1406 1401 η.

354 1415 411 1466 Cre.
431 1416 457 1465 1.
477 1424 503 1466 et
522 1411 629 1466 Suerin.
673 1415 779 1467 inverso
807 1413 903 1466 ordine
927 1413 1025 1486 legitur
1053 1417 1116 1469 uliis
1132 1418 1245 1487 incipiat
1269 1416 1297 1470 in
1322 1418 1408 1471 codd.

353 1501 433 1554 Drsd.
453 1503 480 1553 1.
498 1511 523 1554 et
542 1503 566 1554 3.
596 1511 621 1554 et
644 1500 712 1555 Edd.
737 1503 800 1555 Asc.
824 1505 904 1556 1511.
932 1513 959 1556 et
984 1502 1044 1557 Par.
1070 1524 1089 1556 s.
1109 1523 1132 1557 a.
1157 1505 1278 1576 Pergunt
1306 1503 1356 1557 Os.
1375 1505 1406 1558 E.

354 1589 433 1643 Drsd.
445 1593 470 1644 3.
490 1588 559 1642 Edd.
578 1590 637 1642 Par.
657 1609 677 1642 s.
695 1609 719 1644 a.
735 1600 762 1643 et
780 1589 840 1644 Asc.
852 1592 932 1644 1511.
952 1611 1035 1662 quum
1050 1602 1081 1642 et
1101 1593 1165 1661 ipse.
1195 1591 1232 1646 Ut
1251 1592 1276 1646 h.
1291 1592 1308 1645 Ι.
1329 1594 1407 1643 dede-

354 1697 399 1729 cus
418 1688 446 1730 et
464 1677 661 1746 turpitudinem
680 1678 744 1732 dicit
762 1677 968 1748 improbissimos
987 1679 1118 1743 domnos,
1141 1678 1179 1733 sic
1197 1677 1255 1733 Cat.
1282 1680 1344 1748 maj.
1364 1682 1407 1743 14,

353 1768 395 1818 tt.
414 1783 458 1816 res
480 1782 605 1816 venereas
624 1766 757 1817 domnum
775 1776 910 1837 agrestem
929 1765 1060 1837 appellet,
1086 1777 1113 1820 et
1131 1766 1159 1820 iu
1177 1766 1229 1822 boc
1246 1767 1305 1840 ipso
1323 1768 1408 1820 Para·

354 1851 421 1904 douo
444 1871 468 1904 c.
487 1853 514 1905 3.
540 1871 596 1921 prc.
614 1851 724 1925 honoris
744 1853 917 1924 cupiditatem
938 1856 1070 1906 dominum
1088 1838 1270 1924 imperiosam.
1295 1855 1354 1908 Mr.
1373 1885 1407 1894 -

354 1941 442 2007 „Vitia
461 1933 636 1992 dominorum
655 1941 740 1994 instar
758 1941 892 2012 imperant
912 1941 956 2005 iis,
977 1941 1023 2012 qui
1042 1942 1079 1994 eis
1095 1953 1156 1994 sunt
1174 1942 1264 1996 dediti.
1301 1941 1407 1994 Persius

360 2025 412 2080 Sat.
433 2028 465 2080 V.
487 2029 554 2094 [124
572 2029 642 2100 sqq.]
1348 2099 1353 2104 ⁸

469 2113 570 2182 „Liber
586 2120 661 2187 ego.“
673 2146 705 2155 -
730 2116 805 2168 Unde
825 2117 920 2168 dutum
939 2118 988 2169 itoc
1010 2118 1102 2182 sumis,
1123 2128 1165 2170 tot
1183 2117 1288 2169 subdite
1306 2115 1406 2169 rebus?

468 2205 518 2256 An
537 2203 705 2256 dominum
724 2205 851 2275 ignoras,
870 2204 923 2256 nisi
942 2224 1018 2277 quem
1036 2205 1157 2257 vindicta
1176 2202 1307 2256 relaxet?

469 2320 506 2331 ·-
542 2320 576 2330 -
614 2319 648 2329 -
686 2321 721 2330 -
757 2293 787 2343 Si
805 2293 881 2344 intus
898 2302 926 2343 et
945 2293 974 2343 in
991 2293 1076 2345 iecore
1094 2311 1176 2364 aegro

472 2382 634 2432 Nascuntur
655 2380 673 2429 d
679 2380 783 2431 omini
792 2414 799 2437 ‚
817 2381 932 2452 quintu
952 2381 1109 2450 impunitior
1127 2381 1193 2442 eris,

470 2469 566 2539 Atque
584 2455 642 2525 iric,
660 2486 737 2539 quem
757 2469 794 2518 ud
810 2470 932 2541 strigiles
948 2469 1054 2522 scutica
1073 2479 1099 2518 et
1118 2479 1207 2543 metus
1225 2469 1280 2541 egit
1293 2468 1405 2523 herilis?

353 2555 405 2609 sed
426 2555 485 2608 vide
505 2566 586 2609 totam
611 2554 745 2622 Satiram,
770 2556 797 2608 in
819 2575 870 2626 qua
891 2557 943 2610 hoc
962 2567 1151 2626 argumentum
1171 2557 1354 2627 persequitur,
1381 2567 1407 2610 et

352 2644 380 2698 in
399 2664 458 2699 eam
479 2644 512 2698 ls.
532 2642 751 2697 Ceseubouum.“
769 2640 890 2697 Graev.
927 2643 1061 2696 Scribitur
1081 2643 1108 2695 iu
1128 2643 1196 2698 cod.
1214 2643 1294 2697 Drsd.
1311 2647 1339 2697 4.
1359 2643 1419 2720 de-⁴

353 2734 500 2787 decorari
507 2755 517 2795 ,·
537 2735 564 2787 in
584 2732 656 2786 Gud.
675 2733 707 2784 Α.
726 2731 807 2784 Drsd.
827 2734 851 2784 1.
869 2735 895 2786 3.
914 2736 940 2786 5.
964 2732 1044 2785 Beru.
1063 2729 1152 2784 Gueif.
1171 2731 1233 2785 Ere.
1253 2730 1321 2802 Eyb.
1340 2742 1405 2782 aut

353 2821 531 2892 turpitudini.
568 2820 647 2873 Male.
684 2818 714 2872 lu
735 2820 801 2872 eod.
821 2820 902 2874 Beru.
919 2831 1008 2874 estet
1027 2819 1202 2887 turpitudini.
1238 2818 1292 2873 Sed
1309 2818 1407 2873 arctius

353 2909 442 2982 iungit
460 2910 558 2963 Cicero
582 2908 648 2963 haec
666 2907 742 2975 vitia,
772 2919 802 2961 ut
826 2908 855 2961 in
880 2910 959 2960 Verr.
984 2910 1044 2961 Act.
1066 2906 1098 2959 ll.
1124 2907 1154 2959 L.
1173 2904 1225 2973 111,
1237 2910 1264 2973 4,
1285 2911 1315 2961 ⁸:
1342 2918 1408 2959 sunt

352 2999 443 3049 omnia
462 3026 496 3035 -
515 3015 616 3049 summo
635 2996 758 3048 dedecore
776 3015 816 3048 ue
840 2997 1010 3066 turpitudine
1027 2994 1132 3056 oblitu5
1160 3014 1211 3067 pro
1237 2993 1345 3048 Ciuent·
1373 2999 1406 3048 4:

352 3086 408 3137 sine
428 3104 531 3137 summo
550 3085 672 3136 dedecore
691 3113 726 3125 -
746 3102 785 3136 ue
800 3085 980 3155 turpitudine.
1017 3084 1045 3135 M
1054 3104 1075 3137 r.

425 3172 558 3224 Dedecori
575 3191 607 3223 uc
626 3174 792 3241 turpitudini
798 3174 816 3240 ,]
854 3172 1029 3243 „Turpitudo
1047 3172 1195 3243 opponitur
1213 3173 1342 3228 honestati
1360 3174 1407 3227 ie.

353 3259 459 3325 virtuti,
479 3258 654 3331 pulcritudini
673 3259 783 3313 morati:
802 3260 916 3311 dedecus
935 3270 1024 3313 autem
1044 3270 1083 3313 est
1101 3260 1213 3314 effectus
1225 3262 1407 3333 turpitudinis,

353 3349 456 3402 sactum
476 3367 532 3401 nou
551 3348 738 3401 tantummodo
757 3345 874 3412 malum,
894 3345 1039 3399 sedetiam
1059 3345 1196 3400 moraliter
1213 3346 1344 3413 deforme,
1363 3350 1406 3401 in-

352 3436 512 3499 honestum,
530 3440 638 3507 turpe.“
655 3437 761 3507 Wyrt.
797 3434 853 3487 Pro
872 3434 981 3486 desierit
1000 3443 1040 3486 est
1051 3433 1175 3503 desigerit
1195 3432 1222 3485 iu
1234 3431 1301 3487 Cod.
1314 3433 1407 3488 Crud.

352 3526 400 3597 qui
421 3535 462 3577 est
478 3540 555 3577 error
572 3523 714 3577 surdastris
738 3520 911 3576 caecutientis
929 3539 1022 3573 errore
1045 3520 1073 3572 in
1093 3518 1193 3572 02:13.
1219 3520 1347 3591 scriptum
1368 3534 1406 3575 est

350 3621 448 3681 putere
466 3630 517 3681 pro
532 3629 637 3680 parere.
672 3608 801 3664 Codicem
826 3629 938 3682 quoque
963 3608 1140 3662 Pithoeanum
1165 3606 1264 3661 habere
1285 3620 1336 3661 unt
1357 3627 1407 3679 pro

350 3718 385 3752 uc
404 3699 490 3753 refert
506 3698 650 3765 Graevius,
670 3709 697 3752 et
714 3698 830 3752 eundem
850 3717 910 3750 mox
930 3708 988 3749 tum
1007 3715 1057 3768 pro
1077 3696 1148 3751 dum.
1167 3694 1226 3748 Mr.

425 3791 500 3839 Dum
520 3787 624 3858 quidem
643 3786 685 3839 tiis
704 3784 833 3854 obediet,]
851 3784 919 3838 cod.
939 3783 990 3837 01.
1008 3783 1040 3837 E.
1059 3782 1203 3836 obediverit
1209 3804 1219 3845 ,·
1238 3782 1407 3857 Οιι.η.σ.ψ.
1459 3852 1460 3855 ¹

352 3876 429 3931 Gud,
447 3876 480 3928 A.
501 3874 532 3927 B.
551 3875 645 3929 Duisb.
666 3874 746 3927 Drsd.
764 3882 789 3929 2:
808 3874 949 3947 obedierit,
968 3892 1049 3945 quarn
1068 3871 1227 3937 tectionem,
1256 3892 1311 3926 uon
1341 3891 1408 3944 pto·

352 3965 488 4031 bendum,
513 3975 648 4034 receptam
674 3962 750 4016 video
774 3964 802 4015 iu
821 3961 891 4016 Edd.
914 3962 984 4029 Vict.
1002 3960 1071 4013 Rob.
1094 3959 1186 4032 Steph.
1208 3963 1312 4014 Camer.
1349 3962 1407 4011 Vox

352 4055 396 4108 iiis
415 4052 513 4106 omissa
532 4063 572 4104 est
588 4054 615 4103 in
637 4051 717 4105 Drsd.
737 4055 779 4117 1.;
799 4052 855 4103 iiie
873 4048 978 4103 obedit
997 4047 1076 4113 habet
1093 4048 1174 4101 Drsd.
1194 4052 1218 4101 5.
1257 4048 1317 4100 Mr.

426 4144 489 4192 Non
509 4140 584 4191 modo
602 4140 767 4208 imperator,]
786 4141 865 4204 „Nou
883 4138 958 4190 modo
973 4156 1040 4188 non
1057 4136 1209 4205 imperator,
1228 4136 1291 4188 duo.
1327 4133 1407 4186 Male.

353 4229 413 4299 [Sic
431 4239 525 4283 noster
541 4227 620 4281 etium
640 4226 763 4292 Suerin.;
781 4225 853 4280 Gud.
873 4226 904 4278 Α.
922 4245 976 4278 non
994 4224 1068 4277 modo
1085 4225 1231 4294 imperator
1248 4241 1313 4274 non
1331 4223 1408 4291 est.]

353 4316 400 4371 Sic
419 4315 520 4369 Graeci
545 4312 592 4382 stip
618 4308 701 4380 inus,
718 4313 755 4384 μή
774 4309 829 4381 ὅτι,
856 4312 893 4383 μή
910 4306 1012 4380 iissre,
1030 4310 1067 4382 μή
1084 4305 1126 4363 iirr
1143 4305 1193 4380 δή,
1220 4307 1317 4378 μήτι,
1343 4307 1410 4378 μήτι

354 4400 397 4472 δὴ,
414 4401 452 4474 μή
472 4409 500 4455 τι
517 4424 558 4469 γε,
576 4398 612 4472 μή
632 4410 659 4455 τί
676 4425 705 4471 ys
723 4401 786 4473 δὴ.“
805 4402 877 4454 Atd.
895 4402 979 4455 Man.
1023 4401 1106 4453 Plane
1124 4398 1193 4451 idem
1214 4407 1305 4451 monet
1322 4396 1409 4451 Mori-

354 4503 442 4558 sotus‚
464 4502 557 4545 testem
577 4490 716 4546 Budaeum
737 4492 872 4545 adhibens
915 4490 1040 4560 iutelligit
1058 4485 1091 4539 G.
1110 4483 1211 4562 Budaei
1234 4487 1408 4539 Commenta-
