3517 5450
671 741 866 788 runtuoxou
892 743 913 790 r.
953 743 1021 791 cur.
1044 746 1079 792 u.
1357 730 1407 802 69

352 904 521 964 Porsennae,
539 908 568 951 ut
586 898 726 954 ediderunt
745 900 847 955 Gernb.
868 911 895 956 et
909 901 959 956 Or.
981 921 1042 956 cum
1063 904 1212 976 plerisque;
1242 926 1404 980 quamquem

352 985 399 1040 Or.
418 984 536 1057 simplici
554 1006 573 1038 n
592 989 691 1040 rectius
709 989 817 1060 scripsit
836 988 888 1043 boc
906 1010 1005 1045 nomeu
1025 991 1052 1044 in
1071 990 1262 1062 Onomastioo,
1288 998 1405 1070 itemque

351 1076 374 1127 in
396 1074 481 1146 Epist.
501 1075 534 1128 ad
555 1076 608 1129 Au.
627 1075 672 1141 lli,
692 1080 736 1141 10,
755 1080 781 1131 ³.
799 1089 825 1131 et
843 1098 882 1131 or.
903 1097 953 1149 pro
972 1077 1039 1132 Sest.
1052 1081 1096 1147 21,
1112 1084 1156 1134 te.
1177 1080 1274 1137 Graeci
1293 1084 1406 1156 scripto·

351 1182 389 1216 res
407 1163 534 1216 scribunt
550 1165 697 1232 Πορσίνας,
715 1162 868 1235 tropatus,
888 1167 1036 1235 Hoqaquic.
1056 1167 1117 1224 Mr.

421 1253 449 1305 G.
469 1250 592 1302 Mucium
610 1251 738 1320 impulit,]
758 1252 901 1318 „Valerius
919 1253 1017 1307 lib.lll.
1030 1274 1088 1327 cap.
1109 1258 1141 1310 de
1155 1257 1313 1312 Patientia.“
1332 1261 1405 1313 Ald.

351 1337 479 1392 lllauut.
518 1337 579 1405 „De
599 1338 701 1404 Mucio,
721 1340 754 1392 de
773 1338 877 1394 Coclite
895 1340 916 1392 si
935 1341 995 1411 quis
1005 1344 1119 1415 amplius
1129 1345 1198 1399 volet
1217 1345 1314 1417 legere,
1333 1348 1405 1419 apud

351 1428 451 1481 bivium
472 1427 543 1480 libro
561 1426 593 1482 ll.
612 1427 743 1481 inveniat:
763 1428 991 1500 quemadmodum
1014 1431 1046 1483 de
1065 1434 1095 1486 P.
1114 1433 1199 1487 Decio
1218 1433 1246 1487 in
1264 1433 1336 1487 bello
1354 1435 1406 1487 Le·

352 1517 421 1583 tino,
446 1516 536 1588 deque
561 1515 616 1568 eius
641 1515 696 1568 filio
722 1517 749 1568 in
777 1516 848 1569 bello
873 1516 1023 1572 Samnitico
1055 1540 1082 1573 se
1101 1520 1303 1589 devorentibus,
1334 1523 1405 1575 idem

352 1603 422 1658 libris
441 1604 504 1657 Vlll
523 1614 549 1657 et
566 1603 600 1657 X.
618 1603 731 1675 scripsit.
751 1602 827 1658 Frc.
846 1603 936 1676 Sylu.
957 1606 1024 1673 [Lis.
1038 1607 1069 1673 ll,
1089 1613 1132 1662 12.
1150 1613 1200 1674 13,
1220 1611 1253 1677 ll,
1267 1613 1317 1673 1⁰3
1338 1610 1404 1677 Vlll,

353 1696 373 1746 l.
395 1704 421 1746 et
449 1695 501 1756 tu;
529 1691 587 1758 ΧΠ,
605 1694 648 1744 22.
674 1696 716 1746 21.
742 1693 797 1760 28.]
859 1691 949 1759 „Cum
977 1694 1112 1762 Porsena,
1138 1716 1180 1749 rex
1206 1696 1405 1763 lletruscorum,

353 1778 515 1852 Tarquinios
529 1778 629 1832 exsules
654 1798 716 1833 cum
735 1779 889 1850 ingentibus
907 1780 992 1852 copiis
1011 1782 1164 1850 reduceret,
1188 1786 1337 1858 urbemque
1356 1786 1405 1839 ab·

355 1867 463 1934 rideret,
481 1866 603 1935 Mucius,
622 1878 731 1939 accepts
750 1886 764 1919 a
784 1867 884 1921 Senatu
903 1870 1096 1940 transfugiendi
1114 1883 1256 1943 potestate,
1275 1873 1302 1925 in
1321 1885 1404 1926 castra

355 1956 418 2027 regis
437 1955 523 2021 venit,
549 1957 575 2010 el
599 1967 778 2027 purpuratum
798 1955 934 2028 quendem
960 1977 1010 2027 pro
1030 1977 1092 2029 rege
1111 1959 1237 2031 deceptus
1262 1959 1403 2018 interfecit.

356 2046 382 2097 sd
403 2062 551 2116 regemque
571 2054 719 2115 pertractus
738 2045 895 2098 ardentibus
913 2044 981 2097 focis
996 2064 1108 2098 menum
1127 2048 1268 2118 imposuit,
1287 2046 1359 2118 quod
1375 2046 1402 2097 in

356 2131 430 2184 caede
449 2132 521 2202 regis
539 2143 680 2202 peccasset.
717 2132 847 2186 Martialis
866 2132 912 2186 lib.
931 2137 959 2186 1.
978 2134 1033 2201 [22,
1052 2154 1076 2186 r.
1095 2138 1120 2187 1.
1140 2136 1177 2202 2.]

465 2224 539 2271 Dum
556 2231 659 2290 peteret
679 2240 764 2293 regem
784 2221 893 2292 decepta
913 2223 1033 2275 satellite
1053 2223 1165 2290 dextra,

502 2308 598 2360 Iniecit
616 2308 702 2361 sacris
720 2327 748 2360 se
759 2310 887 2378 peritura
904 2310 1001 2381 [οιιέ.ιι
1019 2310 1102 2365 Auel.
1120 2310 1279 2365 Taleeus.

355 2393 483 2467 „Scripsit
500 2394 532 2448 C.
547 2395 578 2448 M
584 2397 682 2449 ucius
699 2395 875 2452 Gulielmius:
904 2399 977 2471 quod
997 2400 1034 2452 sic
1053 2399 1239 2452 nominaretur
1258 2399 1360 2451 abicio
1379 2410 1404 2451 et

355 2483 511 2548 Plutarcbo;
530 2503 618 2556 neque
635 2485 712 2540 aliter
730 2505 793 2540 sane
810 2485 892 2540 editio
912 2487 998 2558 prima
1017 2488 1243 2558 membranaeque
1262 2485 1300 2538 M.
1320 2505 1352 2538 ec
1371 2487 1403 2537 V.

355 2570 489 2624 Posterius
511 2571 609 2644 vulgati
628 2574 759 2643 Quintum
778 2573 914 2640 maluere,
942 2574 1014 2645 quod
1039 2571 1186 2627 demiratur
1214 2573 1284 2624 viros
1311 2573 1404 2624 doctos

355 2678 404 2712 nou
424 2659 615 2712 examinasse.“
632 2659 771 2714 Gruter.
818 2660 923 2714 Nomen
943 2666 988 2728 0.,
1008 2660 1080 2733 quod
1106 2660 1134 2712 in
1154 2659 1221 2712 Edd.
1245 2670 1306 2712 ente
1326 2657 1403 2710 Grut.

355 2748 405 2802 lere
423 2749 554 2801 omnibus
577 2760 707 2802 mutatum
735 2760 773 2801 est
803 2748 830 2801 iu
850 2752 899 2819 Q„
932 2748 1080 2819 paucissimi
1107 2747 1206 2801 babent
1233 2746 1307 2799 libri:
1336 2764 1405 2797 unus

355 2836 398 2889 Ox.
410 2857 435 2891 a.
452 2837 534 2890 Drsd.
553 2841 577 2890 2.
604 2836 710 2889 Suerin.
730 2836 778 2890 Ed.
797 2836 1034 2908 prc.Mog.14(ib.
1072 2835 1101 2889 ln
1121 2836 1189 2890 Cod.
1210 2834 1270 2888 Cre.
1282 2837 1307 2888 1.
1327 2852 1405 2903 prae·

356 2946 450 2977 nomen
481 2924 570 2991 deest,
597 2925 624 2976 in
650 2924 744 2977 Duisb.
770 2924 895 2978 scribitur
918 2926 1061 2993 Quintium
1085 2926 1201 2995 impulit.
1235 2923 1265 2974 ln
1285 2920 1336 2974 Or.
1355 2939 1404 2990 pro

355 3012 435 3066 Sestio
457 3015 501 3078 21,
521 3015 564 3066 48.
582 3012 645 3065 item
665 3013 692 3064 in
712 3012 837 3065 omnibus
854 3011 929 3065 libris
947 3012 989 3066 bic
1007 3014 1117 3065 Mucius
1134 3012 1335 3084 appellaturQ,
1354 3008 1404 3060 ibi-

355 3120 400 3171 que
421 3099 488 3153 nibil
506 3101 640 3153 annotarit
659 3099 710 3153 Or.
757 3099 810 3153 Sed
830 3101 856 3153 in
885 3099 1009 3155 lemmate
1027 3101 1198 3154 scholiorum
1221 3098 1403 3161 Bobiensium,

355 3188 380 3240 ab
400 3192 434 3241 Α.
453 3187 528 3240 Maio
547 3199 716 3258 repertorum
738 3208 764 3260 p.
776 3191 839 3243 299.
863 3189 905 3242 ed.
929 3188 977 3241 Or.
1003 3201 1074 3242 recte
1099 3189 1196 3242 dicitur
1222 3193 1249 3240 0.
1274 3183 1402 3239 Scholion

356 3288 437 3329 sutem
458 3275 511 3328 boc
530 3285 584 3327 est:
600 3279 644 3326 De
663 3279 690 3328 0.
710 3278 802 3328 Mucio
822 3278 906 3329 Cordo
924 3297 976 3329 non
994 3276 1120 3347 ignobilis
1138 3276 1253 3328 historia
1271 3286 1328 3336 est,
1357 3276 1404 3347 qui

356 3366 423 3417 solus
441 3363 599 3415 adulescens
618 3366 709 3434 uigore
727 3365 810 3416 animi
828 3366 1048 3428 strenuissimus,
1065 3382 1147 3435 quum
1164 3363 1323 3416 Porsinnam
1341 3364 1404 3433 (sic)

355 3454 530 3505 Etruscorum
555 3469 640 3522 regern
666 3450 747 3503 uellet
771 3452 900 3515 occidue,
933 3451 1059 3521 deceptus
1087 3450 1262 3501 similitudine
1292 3450 1403 3502 babitus

355 3552 532 3613 purpuratum
549 3541 608 3593 eius
626 3540 737 3606 occidit,
755 3542 1008 3613 comprehensusque
1027 3540 1138 3593 virtutis
1156 3539 1286 3590 miraculo
1310 3538 1404 3589 dimis-

356 3649 394 3683 sus
410 3640 460 3682 est.
497 3628 585 3681 Locus
602 3639 691 3682 autem
702 3627 837 3694 orationis,
858 3628 904 3699 qui
923 3627 975 3683 buc
988 3628 1067 3694 lacit,
1085 3638 1136 3682 est:
1154 3626 1312 3698 praesertim
1322 3646 1404 3699 quum

356 3717 405 3770 eius
423 3734 508 3768 essem
526 3716 662 3781 civitatis,
690 3734 722 3767 ee
741 3734 797 3787 qua
816 3718 848 3787 Q.
866 3718 978 3771 Mucius
1005 3717 1080 3770 solus
1102 3706 1134 3767 ¹in
1152 3726 1245 3767 castra
1269 3717 1403 3765 Porsenae

356 3806 482 3867 uenisset,
506 3822 618 3877 eumque
635 3804 802 3873 interficere,
826 3807 966 3875 proposita
990 3804 1041 3859 sibi
1059 3815 1158 3868 morte,
1178 3813 1292 3854 conotus
1316 3811 1401 3855 esset:

355 3910 380 3942 ee
398 3910 456 3965 qua
474 3896 507 3944 P.
527 3892 627 3944 Decius
642 3892 761 3961 priorum
775 3903 864 3961 pater,
880 3904 943 3962 post
961 3894 1066 3965 aliquot
1084 3911 1171 3944 annos
1185 3893 1280 3960 patria
1299 3893 1402 3943 virtute

353 3982 491 4046 praeditus
503 3980 600 4049 filius,
625 3997 653 4032 se
671 3998 704 4030 oc
722 3979 808 4031 uitam
826 3998 919 4043 suurn,
942 3981 1079 4032 instructa
1098 3980 1169 4043 acie,
1194 3998 1246 4048 pra
1262 3978 1353 4030 salute
1370 3982 1403 4029 P.

354 4068 381 4120 ll.
400 4070 570 4139 uictoriaque
589 4068 746 4121 devovisset.
762 4094 798 4107 -
845 4068 899 4119 Pro
926 4068 1027 4120 solutis
1050 4086 1116 4119 suae
1138 4064 1224 4119 Codd.
1253 4063 1312 4118 Cre.
1331 4068 1356 4117 1.
1377 4077 1403 4117 et

354 4153 418 4209 (iud.
438 4155 472 4209 C·
491 4173 557 4207 suae
576 4155 690 4219 salutis,
709 4154 797 4221 unde,
818 4174 880 4209 cum
899 4156 966 4209 absit
983 4175 1050 4208 saue
1068 4175 1083 4207 a
1102 4152 1169 4207 Cod.
1188 4152 1261 4206 Gud.
1280 4153 1329 4218 A„
1354 4150 1404 4203 ali-

352 4244 405 4314 quis
424 4243 565 4308 coniiciet,
593 4261 660 4295 suae
676 4243 710 4295 ab
731 4243 816 4296 aliena
835 4263 918 4296 mauu
938 4262 992 4296 esse
1010 4242 1136 4296 Ciceroni
1154 4244 1301 4295 obtrusum.
1346 4238 1403 4309 ligo

352 4341 436 4385 tamen
456 4350 513 4385 non
533 4330 686 4386 abiecerim.
705 4331 764 4384 Mr.

418 4425 447 4474 0.
466 4421 601 4487 Mucium]
621 4420 786 4474 Scaevolam.
804 4422 902 4475 Fscc.

419 4508 558 4575 Coclitem]
585 4506 727 4573 „Valerius
745 4507 791 4561 lib.
810 4508 853 4561 lll.
879 4528 937 4577 cup.
957 4508 990 4560 sle
1009 4505 1205 4560 l'ortitudine.“
1225 4502 1297 4555 Atd.
1317 4502 1404 4558 lllsn.
