<?xml version="1.0" encoding="UTF-8"?>
<!DOCTYPE html PUBLIC "-//W3C//DTD XHTML 1.0 Transitional//EN"
    "http://www.w3.org/TR/xhtml1/DTD/xhtml1-transitional.dtd">
<html xmlns="http://www.w3.org/1999/xhtml" xml:lang="en" lang="en">
 <head>
  <title>
</title>
<meta http-equiv="Content-Type" content="text/html;charset=utf-8" />
  <meta name='ocr-system' content='tesseract 3.04.00' />
  <meta name='ocr-capabilities' content='ocr_page ocr_carea ocr_par ocr_line ocrx_word'/>
</head>
<body>
  <div class='ocr_page' id='page_1' title='image "./mtulliiciceroni15cicegoog_0245.png"; bbox 0 0 3517 5450; ppageno 0'>
   <div class='ocr_carea' id='block_1_1' title="bbox 672 713 1415 787">
    <p class='ocr_par' dir='ltr' id='par_1_1' title="bbox 672 713 1415 787">
     <span class='ocr_line' id='line_1_1' title="bbox 672 713 1415 787; baseline 0.011 -8"><span class='ocrx_word' id='word_1_1' title='bbox 672 733 868 782; x_wconf 75' lang='lat' dir='ltr'><em>rintooxoa</em></span> <span class='ocrx_word' id='word_1_2' title='bbox 897 736 941 782; x_wconf 84' lang='grc' dir='ltr'><em>ιν.</em></span> <span class='ocrx_word' id='word_1_3' title='bbox 967 735 1037 783; x_wconf 74' lang='lat' dir='ltr'><em>cer.</em></span> <span class='ocrx_word' id='word_1_4' title='bbox 1064 736 1098 782; x_wconf 88' lang='lat' dir='ltr'><em>u.</em></span> <span class='ocrx_word' id='word_1_5' title='bbox 1342 713 1415 787; x_wconf 83' lang='grc'><strong>199</strong></span> 
     </span>
    </p>
   </div>
   <div class='ocr_carea' id='block_1_2' title="bbox 347 895 1415 4590">
    <p class='ocr_par' dir='ltr' id='par_1_2' title="bbox 356 895 1415 2286">
     <span class='ocr_line' id='line_1_2' title="bbox 362 895 1415 968; baseline 0.006 -22"><span class='ocrx_word' id='word_1_6' title='bbox 362 895 462 966; x_wconf 81' lang='lat' dir='ltr'><em>Leng.</em></span> <span class='ocrx_word' id='word_1_7' title='bbox 503 899 638 960; x_wconf 85' lang='lat' dir='ltr'><em>„Deorum</em></span> <span class='ocrx_word' id='word_1_8' title='bbox 658 907 730 951; x_wconf 89' lang='lat' dir='ltr'><em>recte</em></span> <span class='ocrx_word' id='word_1_9' title='bbox 749 897 824 950; x_wconf 82' lang='lat' dir='ltr'><em>abest</em></span> <span class='ocrx_word' id='word_1_10' title='bbox 846 896 879 948; x_wconf 84' lang='lat' dir='ltr'><em>ab</em></span> <span class='ocrx_word' id='word_1_11' title='bbox 899 907 976 963; x_wconf 85' lang='lat' dir='ltr'><em>octo,</em></span> <span class='ocrx_word' id='word_1_12' title='bbox 1002 896 1166 968; x_wconf 87' lang='lat' dir='ltr'><em>inquorum</em></span> <span class='ocrx_word' id='word_1_13' title='bbox 1195 917 1251 951; x_wconf 88' lang='lat' dir='ltr'><em>uno</em></span> <span class='ocrx_word' id='word_1_14' title='bbox 1268 898 1415 954; x_wconf 83' lang='lat' dir='ltr'><em>additum.“</em></span> 
     </span>
     <span class='ocr_line' id='line_1_3' title="bbox 362 981 1414 1057; baseline 0.006 -23"><span class='ocrx_word' id='word_1_15' title='bbox 362 981 435 1036; x_wconf 74' lang='lat' dir='ltr'><em>tlt.</em></span> <span class='ocrx_word' id='word_1_16' title='bbox 455 983 542 1037; x_wconf 82' lang='lat' dir='ltr'><em>Mea.</em></span> <span class='ocrx_word' id='word_1_17' title='bbox 587 985 644 1037; x_wconf 79' lang='lat' dir='ltr'><em>Vos</em></span> <span class='ocrx_word' id='word_1_18' title='bbox 671 987 793 1051; x_wconf 88' lang='lat' dir='ltr'><em>deorum,</em></span> <span class='ocrx_word' id='word_1_19' title='bbox 825 983 923 1037; x_wconf 86' lang='lat' dir='ltr'><em>merito</em></span> <span class='ocrx_word' id='word_1_20' title='bbox 947 985 1089 1055; x_wconf 79' lang='lat' dir='ltr'><em>reprobate</em></span> <span class='ocrx_word' id='word_1_21' title='bbox 1118 1005 1132 1038; x_wconf 86' lang='lat' dir='ltr'><em>e</em></span> <span class='ocrx_word' id='word_1_22' title='bbox 1162 988 1192 1038; x_wconf 86' lang='lat' dir='ltr'><em>G.</em></span> <span class='ocrx_word' id='word_1_23' title='bbox 1220 985 1321 1057; x_wconf 82' lang='lat' dir='ltr'><em>Langio</em></span> <span class='ocrx_word' id='word_1_24' title='bbox 1341 999 1367 1040; x_wconf 86' lang='lat' dir='ltr'><em>et</em></span> <span class='ocrx_word' id='word_1_25' title='bbox 1384 986 1414 1041; x_wconf 87' lang='grc' dir='ltr'><strong>Α.</strong></span> 
     </span>
     <span class='ocr_line' id='line_1_4' title="bbox 360 1071 1414 1145; baseline 0.004 -22"><span class='ocrx_word' id='word_1_26' title='bbox 360 1071 501 1137; x_wconf 75' lang='lat' dir='ltr'><em>Munatio,</em></span> <span class='ocrx_word' id='word_1_27' title='bbox 520 1074 602 1126; x_wconf 80' lang='lat' dir='ltr'><em>eiecta</em></span> <span class='ocrx_word' id='word_1_28' title='bbox 623 1083 661 1126; x_wconf 89' lang='lat' dir='ltr'><em>est</em></span> <span class='ocrx_word' id='word_1_29' title='bbox 678 1092 692 1125; x_wconf 86' lang='lat' dir='ltr'><em>a</em></span> <span class='ocrx_word' id='word_1_30' title='bbox 714 1071 849 1140; x_wconf 85' lang='lat' dir='ltr'><em>Grutero,</em></span> <span class='ocrx_word' id='word_1_31' title='bbox 868 1091 957 1144; x_wconf 86' lang='lat' dir='ltr'><em>neque</em></span> <span class='ocrx_word' id='word_1_32' title='bbox 977 1072 1133 1144; x_wconf 78' lang='lat' dir='ltr'><em>quisquam,</em></span> <span class='ocrx_word' id='word_1_33' title='bbox 1157 1085 1263 1145; x_wconf 77' lang='lat' dir='ltr'><em>praeter</em></span> <span class='ocrx_word' id='word_1_34' title='bbox 1279 1073 1414 1128; x_wconf 83' lang='lat' dir='ltr'><em>Oiirotum</em></span> 
     </span>
     <span class='ocr_line' id='line_1_5' title="bbox 360 1159 1414 1234; baseline 0.002 -22"><span class='ocrx_word' id='word_1_35' title='bbox 360 1172 387 1213; x_wconf 86' lang='lat' dir='ltr'><em>et</em></span> <span class='ocrx_word' id='word_1_36' title='bbox 404 1159 604 1227; x_wconf 79' lang='lat' dir='ltr'><em>Feccioiatum,</em></span> <span class='ocrx_word' id='word_1_37' title='bbox 635 1172 699 1232; x_wconf 87' lang='lat' dir='ltr'><em>post·</em></span> <span class='ocrx_word' id='word_1_38' title='bbox 721 1180 783 1213; x_wconf 86' lang='lat' dir='ltr'><em>eum</em></span> <span class='ocrx_word' id='word_1_39' title='bbox 803 1161 915 1214; x_wconf 86' lang='lat' dir='ltr'><em>reduxit.</em></span> <span class='ocrx_word' id='word_1_40' title='bbox 964 1159 998 1213; x_wconf 87' lang='lat' dir='ltr'><em>Et</em></span> <span class='ocrx_word' id='word_1_41' title='bbox 1026 1162 1099 1214; x_wconf 80' lang='lat' dir='ltr'><em>abest</em></span> <span class='ocrx_word' id='word_1_42' title='bbox 1123 1181 1139 1215; x_wconf 86' lang='lat' dir='ltr'><em>e</em></span> <span class='ocrx_word' id='word_1_43' title='bbox 1161 1159 1247 1214; x_wconf 89' lang='lat' dir='ltr'><em>Codd.</em></span> <span class='ocrx_word' id='word_1_44' title='bbox 1274 1162 1414 1234; x_wconf 82' lang='lat' dir='ltr'><em>plerisque.</em></span> 
     </span>
     <span class='ocr_line' id='line_1_6' title="bbox 359 1247 1415 1320; baseline 0.004 -20"><span class='ocrx_word' id='word_1_45' title='bbox 359 1247 428 1301; x_wconf 85' lang='lat' dir='ltr'><em>Nem</em></span> <span class='ocrx_word' id='word_1_46' title='bbox 448 1247 628 1312; x_wconf 78' lang='lat' dir='ltr'><em>Oronienses‚</em></span> <span class='ocrx_word' id='word_1_47' title='bbox 646 1249 692 1320; x_wconf 84' lang='lat' dir='ltr'><em>qui</em></span> <span class='ocrx_word' id='word_1_48' title='bbox 712 1250 744 1302; x_wconf 82' lang='lat' dir='ltr'><em>ad</em></span> <span class='ocrx_word' id='word_1_49' title='bbox 760 1250 808 1303; x_wconf 85' lang='lat' dir='ltr'><em>Ed.</em></span> <span class='ocrx_word' id='word_1_50' title='bbox 828 1248 926 1304; x_wconf 77' lang='lat' dir='ltr'><em>oliveri</em></span> <span class='ocrx_word' id='word_1_51' title='bbox 944 1248 1032 1303; x_wconf 83' lang='lat' dir='ltr'><em>coiieti</em></span> <span class='ocrx_word' id='word_1_52' title='bbox 1052 1260 1128 1315; x_wconf 89' lang='lat' dir='ltr'><em>sunt,</em></span> <span class='ocrx_word' id='word_1_53' title='bbox 1153 1269 1246 1303; x_wconf 88' lang='lat' dir='ltr'><em>omnes</em></span> <span class='ocrx_word' id='word_1_54' title='bbox 1263 1249 1361 1304; x_wconf 83' lang='lat' dir='ltr'><em>bebere</em></span> <span class='ocrx_word' id='word_1_55' title='bbox 1381 1252 1415 1304; x_wconf 85' lang='lat' dir='ltr'><em>it-</em></span> 
     </span>
     <span class='ocr_line' id='line_1_7' title="bbox 359 1334 1413 1410; baseline 0.004 -21"><span class='ocrx_word' id='word_1_56' title='bbox 359 1336 407 1390; x_wconf 83' lang='lat' dir='ltr'><em>tud</em></span> <span class='ocrx_word' id='word_1_57' title='bbox 426 1337 536 1389; x_wconf 87' lang='lat' dir='ltr'><em>deorum</em></span> <span class='ocrx_word' id='word_1_58' title='bbox 554 1334 591 1389; x_wconf 81' lang='lat' dir='ltr'><em>rix</em></span> <span class='ocrx_word' id='word_1_59' title='bbox 611 1337 778 1391; x_wconf 81' lang='lat' dir='ltr'>crediderim.</span> <span class='ocrx_word' id='word_1_60' title='bbox 815 1338 988 1410; x_wconf 80' lang='lat' dir='ltr'><strong>Quamquam</strong></span> <span class='ocrx_word' id='word_1_61' title='bbox 1008 1337 1090 1392; x_wconf 82' lang='lat' dir='ltr'><em>estin</em></span> <span class='ocrx_word' id='word_1_62' title='bbox 1110 1336 1196 1392; x_wconf 87' lang='lat' dir='ltr'><em>Codd.</em></span> <span class='ocrx_word' id='word_1_63' title='bbox 1214 1337 1321 1392; x_wconf 88' lang='lat' dir='ltr'><em>Suerin.</em></span> <span class='ocrx_word' id='word_1_64' title='bbox 1341 1338 1413 1394; x_wconf 85' lang='lat' dir='ltr'><em>Gud.</em></span> 
     </span>
     <span class='ocr_line' id='line_1_8' title="bbox 359 1425 1413 1498; baseline 0.005 -21"><span class='ocrx_word' id='word_1_65' title='bbox 359 1425 391 1478; x_wconf 90' lang='lat' dir='ltr'><em>B.</em></span> <span class='ocrx_word' id='word_1_66' title='bbox 411 1426 491 1480; x_wconf 87' lang='lat' dir='ltr'><em>Drsd.</em></span> <span class='ocrx_word' id='word_1_67' title='bbox 509 1429 534 1483; x_wconf 85' lang='lat'><em>1.</em></span> <span class='ocrx_word' id='word_1_68' title='bbox 553 1429 578 1481; x_wconf 78' lang='grc'><strong>3.</strong></span> <span class='ocrx_word' id='word_1_69' title='bbox 596 1430 622 1479; x_wconf 79' lang='lat' dir='ltr'><em>t.</em></span> <span class='ocrx_word' id='word_1_70' title='bbox 640 1437 666 1480; x_wconf 92' lang='lat' dir='ltr'><em>et</em></span> <span class='ocrx_word' id='word_1_71' title='bbox 684 1426 711 1479; x_wconf 89' lang='lat' dir='ltr'><em>in</em></span> <span class='ocrx_word' id='word_1_72' title='bbox 731 1426 799 1480; x_wconf 86' lang='lat' dir='ltr'><em>Edd.</em></span> <span class='ocrx_word' id='word_1_73' title='bbox 826 1438 886 1481; x_wconf 77' lang='lat' dir='ltr'><em>vett.</em></span> <span class='ocrx_word' id='word_1_74' title='bbox 905 1427 1045 1494; x_wconf 87' lang='lat' dir='ltr'><em>omuibus,</em></span> <span class='ocrx_word' id='word_1_75' title='bbox 1072 1438 1177 1497; x_wconf 77' lang='lat' dir='ltr'><em>excepta</em></span> <span class='ocrx_word' id='word_1_76' title='bbox 1207 1446 1265 1498; x_wconf 89' lang='lat' dir='ltr'><em>pro.</em></span> <span class='ocrx_word' id='word_1_77' title='bbox 1282 1429 1361 1482; x_wconf 76' lang='grc'><strong>1461.</strong></span> <span class='ocrx_word' id='word_1_78' title='bbox 1379 1440 1413 1494; x_wconf 87' lang='lat' dir='ltr'><em>et,</em></span> 
     </span>
     <span class='ocr_line' id='line_1_9' title="bbox 357 1513 1413 1586; baseline 0.001 -19"><span class='ocrx_word' id='word_1_79' title='bbox 357 1513 379 1567; x_wconf 88' lang='lat' dir='ltr'><em>si</em></span> <span class='ocrx_word' id='word_1_80' title='bbox 397 1513 465 1568; x_wconf 85' lang='lat' dir='ltr'><em>fides</em></span> <span class='ocrx_word' id='word_1_81' title='bbox 482 1513 632 1579; x_wconf 79' lang='lat' dir='ltr'><em>collationi,</em></span> <span class='ocrx_word' id='word_1_82' title='bbox 652 1513 701 1568; x_wconf 86' lang='lat' dir='ltr'><em>Ed.</em></span> <span class='ocrx_word' id='word_1_83' title='bbox 720 1533 763 1586; x_wconf 82' lang='lat' dir='ltr'><em>ep.</em></span> <span class='ocrx_word' id='word_1_84' title='bbox 783 1514 868 1574; x_wconf 86' lang='lat' dir='ltr'><em>Meus.</em></span> <span class='ocrx_word' id='word_1_85' title='bbox 916 1515 946 1566; x_wconf 84' lang='lat' dir='ltr'><em>in</em></span> <span class='ocrx_word' id='word_1_86' title='bbox 966 1533 1050 1586; x_wconf 78' lang='lat' dir='ltr'><em>marg.</em></span> <span class='ocrx_word' id='word_1_87' title='bbox 1069 1514 1137 1570; x_wconf 86' lang='lat' dir='ltr'><em>Edd.</em></span> <span class='ocrx_word' id='word_1_88' title='bbox 1161 1513 1272 1567; x_wconf 81' lang='lat' dir='ltr'><em>Lembb.</em></span> <span class='ocrx_word' id='word_1_89' title='bbox 1290 1525 1316 1568; x_wconf 86' lang='lat' dir='ltr'><em>et</em></span> <span class='ocrx_word' id='word_1_90' title='bbox 1334 1513 1413 1569; x_wconf 89' lang='lat' dir='ltr'><em>Gotb.</em></span> 
     </span>
     <span class='ocr_line' id='line_1_10' title="bbox 358 1596 1411 1676; baseline 0.002 -22"><span class='ocrx_word' id='word_1_91' title='bbox 358 1596 468 1655; x_wconf 86' lang='lat' dir='ltr'><em>deorum</em></span> <span class='ocrx_word' id='word_1_92' title='bbox 494 1603 585 1656; x_wconf 83' lang='lat' dir='ltr'><em>abesse</em></span> <span class='ocrx_word' id='word_1_93' title='bbox 609 1602 706 1655; x_wconf 88' lang='lat' dir='ltr'><em>dicitur</em></span> <span class='ocrx_word' id='word_1_94' title='bbox 724 1621 738 1655; x_wconf 83' lang='lat' dir='ltr'><em>e</em></span> <span class='ocrx_word' id='word_1_95' title='bbox 759 1602 845 1656; x_wconf 85' lang='lat' dir='ltr'><em>codd.</em></span> <span class='ocrx_word' id='word_1_96' title='bbox 866 1613 924 1656; x_wconf 80' lang='lat' dir='ltr'><em>vett.</em></span> <span class='ocrx_word' id='word_1_97' title='bbox 948 1602 1087 1656; x_wconf 87' lang='lat' dir='ltr'><em>omnibus:</em></span> <span class='ocrx_word' id='word_1_98' title='bbox 1115 1603 1187 1676; x_wconf 89' lang='lat' dir='ltr'><em>quod</em></span> <span class='ocrx_word' id='word_1_99' title='bbox 1215 1622 1296 1675; x_wconf 79' lang='lat' dir='ltr'><em>quam</em></span> <span class='ocrx_word' id='word_1_100' title='bbox 1321 1623 1411 1656; x_wconf 82' lang='lat' dir='ltr'><em>verum</em></span> 
     </span>
     <span class='ocr_line' id='line_1_11' title="bbox 358 1689 1412 1763; baseline 0.003 -21"><span class='ocrx_word' id='word_1_101' title='bbox 358 1689 406 1754; x_wconf 84' lang='lat' dir='ltr'><em>sit,</em></span> <span class='ocrx_word' id='word_1_102' title='bbox 423 1689 545 1742; x_wconf 84' lang='lat' dir='ltr'><em>vidimus.</em></span> <span class='ocrx_word' id='word_1_103' title='bbox 583 1689 665 1743; x_wconf 77' lang='lat' dir='ltr'><em>Plane</em></span> <span class='ocrx_word' id='word_1_104' title='bbox 684 1690 781 1744; x_wconf 83' lang='lat' dir='ltr'><em>sicces</em></span> <span class='ocrx_word' id='word_1_105' title='bbox 800 1709 826 1743; x_wconf 89' lang='lat' dir='ltr'><em>se</em></span> <span class='ocrx_word' id='word_1_106' title='bbox 845 1689 924 1744; x_wconf 84' lang='lat' dir='ltr'><em>babet</em></span> <span class='ocrx_word' id='word_1_107' title='bbox 939 1690 967 1743; x_wconf 89' lang='lat' dir='ltr'><em>in</em></span> <span class='ocrx_word' id='word_1_108' title='bbox 981 1709 1065 1763; x_wconf 66' lang='lat' dir='ltr'><em>seqq„</em></span> <span class='ocrx_word' id='word_1_109' title='bbox 1085 1692 1130 1744; x_wconf 87' lang='lat' dir='ltr'><em>ubi</em></span> <span class='ocrx_word' id='word_1_110' title='bbox 1150 1703 1210 1763; x_wconf 83' lang='lat' dir='ltr'><em>post</em></span> <span class='ocrx_word' id='word_1_111' title='bbox 1221 1692 1289 1762; x_wconf 89' lang='lat' dir='ltr'><em>foro</em></span> <span class='ocrx_word' id='word_1_112' title='bbox 1307 1692 1412 1745; x_wconf 84' lang='lat' dir='ltr'><em>qudd.</em></span> 
     </span>
     <span class='ocr_line' id='line_1_12' title="bbox 358 1776 1413 1856; baseline 0.001 -25"><span class='ocrx_word' id='word_1_113' title='bbox 358 1788 420 1831; x_wconf 85' lang='lat' dir='ltr'><em>ente</em></span> <span class='ocrx_word' id='word_1_114' title='bbox 438 1776 518 1832; x_wconf 86' lang='lat' dir='ltr'><em>Grut.</em></span> <span class='ocrx_word' id='word_1_115' title='bbox 537 1777 593 1831; x_wconf 86' lang='lat' dir='ltr'><em>sere</em></span> <span class='ocrx_word' id='word_1_116' title='bbox 613 1780 739 1856; x_wconf 82' lang='lat' dir='ltr'><em>omnibus</em></span> <span class='ocrx_word' id='word_1_117' title='bbox 756 1779 885 1851; x_wconf 79' lang='lat' dir='ltr'><em>(exceptii</em></span> <span class='ocrx_word' id='word_1_118' title='bbox 903 1777 964 1833; x_wconf 80' lang='lat' dir='ltr'><em>Asc.</em></span> <span class='ocrx_word' id='word_1_119' title='bbox 984 1782 1063 1835; x_wconf 75' lang='lat'><strong>1511.</strong></span> <span class='ocrx_word' id='word_1_120' title='bbox 1084 1779 1154 1833; x_wconf 88' lang='lat' dir='ltr'><em>Vict.</em></span> <span class='ocrx_word' id='word_1_121' title='bbox 1173 1779 1241 1833; x_wconf 86' lang='lat' dir='ltr'><em>Rob.</em></span> <span class='ocrx_word' id='word_1_122' title='bbox 1261 1778 1413 1850; x_wconf 73' lang='lat' dir='ltr'><em>StephAEd.</em></span> 
     </span>
     <span class='ocr_line' id='line_1_13' title="bbox 358 1860 1412 1941; baseline -0.001 -20"><span class='ocrx_word' id='word_1_123' title='bbox 358 1886 415 1936; x_wconf 86' lang='lat' dir='ltr'><em>prc.</em></span> <span class='ocrx_word' id='word_1_124' title='bbox 436 1865 520 1919; x_wconf 81' lang='lat' dir='ltr'><em>Suffr.</em></span> <span class='ocrx_word' id='word_1_125' title='bbox 538 1866 622 1934; x_wconf 89' lang='lat' dir='ltr'><em>Petr.)</em></span> <span class='ocrx_word' id='word_1_126' title='bbox 640 1860 748 1920; x_wconf 81' lang='lat' dir='ltr'><em>additur</em></span> <span class='ocrx_word' id='word_1_127' title='bbox 764 1869 860 1934; x_wconf 86' lang='lat' dir='ltr'><em>etiam,</em></span> <span class='ocrx_word' id='word_1_128' title='bbox 890 1868 963 1941; x_wconf 84' lang='lat' dir='ltr'><em>quod</em></span> <span class='ocrx_word' id='word_1_129' title='bbox 982 1870 1043 1922; x_wconf 89' lang='lat' dir='ltr'><em>item</em></span> <span class='ocrx_word' id='word_1_130' title='bbox 1063 1868 1152 1921; x_wconf 77' lang='lat' dir='ltr'><em>abesse</em></span> <span class='ocrx_word' id='word_1_131' title='bbox 1171 1867 1270 1921; x_wconf 88' lang='lat' dir='ltr'><em>dicitur</em></span> <span class='ocrx_word' id='word_1_132' title='bbox 1294 1887 1307 1920; x_wconf 84' lang='lat' dir='ltr'><em>a</em></span> <span class='ocrx_word' id='word_1_133' title='bbox 1328 1866 1412 1921; x_wconf 89' lang='lat' dir='ltr'><em>Codd.</em></span> 
     </span>
     <span class='ocr_line' id='line_1_14' title="bbox 358 1954 1411 2025; baseline 0.002 -19"><span class='ocrx_word' id='word_1_134' title='bbox 358 1954 486 2007; x_wconf 88' lang='lat' dir='ltr'><em>omnibus</em></span> <span class='ocrx_word' id='word_1_135' title='bbox 504 1954 532 2006; x_wconf 89' lang='lat' dir='ltr'><em>ia</em></span> <span class='ocrx_word' id='word_1_136' title='bbox 552 1973 635 2025; x_wconf 82' lang='lat' dir='ltr'>marg.</span> <span class='ocrx_word' id='word_1_137' title='bbox 656 1954 724 2008; x_wconf 86' lang='lat' dir='ltr'><em>Edd.</em></span> <span class='ocrx_word' id='word_1_138' title='bbox 745 1955 857 2009; x_wconf 83' lang='lat' dir='ltr'><em>Lambb.</em></span> <span class='ocrx_word' id='word_1_139' title='bbox 876 1967 903 2009; x_wconf 86' lang='lat' dir='ltr'><em>et</em></span> <span class='ocrx_word' id='word_1_140' title='bbox 920 1954 1017 2022; x_wconf 71' lang='lat' dir='ltr'><em>Gom,</em></span> <span class='ocrx_word' id='word_1_141' title='bbox 1043 1955 1089 2009; x_wconf 81' lang='lat' dir='ltr'><em>sed</em></span> <span class='ocrx_word' id='word_1_142' title='bbox 1108 1967 1145 2010; x_wconf 90' lang='lat' dir='ltr'><em>est</em></span> <span class='ocrx_word' id='word_1_143' title='bbox 1164 1967 1253 2010; x_wconf 85' lang='lat' dir='ltr'><em>temen</em></span> <span class='ocrx_word' id='word_1_144' title='bbox 1277 1957 1305 2009; x_wconf 87' lang='lat' dir='ltr'><em>ia</em></span> <span class='ocrx_word' id='word_1_145' title='bbox 1325 1956 1411 2009; x_wconf 87' lang='lat' dir='ltr'><em>Codd.</em></span> 
     </span>
     <span class='ocr_line' id='line_1_15' title="bbox 358 2041 1411 2116; baseline -0.001 -19"><span class='ocrx_word' id='word_1_146' title='bbox 358 2041 423 2097; x_wconf 81' lang='lat' dir='ltr'><em>Osx.</em></span> <span class='ocrx_word' id='word_1_147' title='bbox 444 2041 464 2095; x_wconf 93' lang='grc'><em>1.</em></span> <span class='ocrx_word' id='word_1_148' title='bbox 484 2043 518 2095; x_wconf 93' lang='lat' dir='ltr'><em>U.</em></span> <span class='ocrx_word' id='word_1_149' title='bbox 537 2043 616 2096; x_wconf 85' lang='lat' dir='ltr'><em>Drsd.</em></span> <span class='ocrx_word' id='word_1_150' title='bbox 636 2047 660 2098; x_wconf 82' lang='lat'><em>1.</em></span> <span class='ocrx_word' id='word_1_151' title='bbox 681 2048 706 2099; x_wconf 81' lang='lat'><em>3.</em></span> <span class='ocrx_word' id='word_1_152' title='bbox 725 2043 804 2097; x_wconf 82' lang='lat' dir='ltr'><em>Besii.</em></span> <span class='ocrx_word' id='word_1_153' title='bbox 840 2043 870 2097; x_wconf 85' lang='lat' dir='ltr'><em>In</em></span> <span class='ocrx_word' id='word_1_154' title='bbox 890 2044 969 2097; x_wconf 74' lang='lat' dir='ltr'><em>Drsd.</em></span> <span class='ocrx_word' id='word_1_155' title='bbox 987 2048 1013 2101; x_wconf 83' lang='lat'><em>4.</em></span> <span class='ocrx_word' id='word_1_156' title='bbox 1033 2043 1142 2115; x_wconf 83' lang='lat' dir='ltr'><em>legitur:</em></span> <span class='ocrx_word' id='word_1_157' title='bbox 1172 2046 1232 2116; x_wconf 90' lang='lat' dir='ltr'><em>qui</em></span> <span class='ocrx_word' id='word_1_158' title='bbox 1249 2045 1278 2096; x_wconf 92' lang='lat' dir='ltr'><em>in</em></span> <span class='ocrx_word' id='word_1_159' title='bbox 1294 2045 1359 2114; x_wconf 84' lang='lat' dir='ltr'><em>foro</em></span> <span class='ocrx_word' id='word_1_160' title='bbox 1377 2057 1411 2096; x_wconf 86' lang='lat' dir='ltr'><em>et</em></span> 
     </span>
     <span class='ocr_line' id='line_1_16' title="bbox 357 2131 1411 2206; baseline 0.005 -25"><span class='ocrx_word' id='word_1_161' title='bbox 357 2140 452 2183; x_wconf 85' lang='lat' dir='ltr'><em>castra</em></span> <span class='ocrx_word' id='word_1_162' title='bbox 470 2131 595 2200; x_wconf 76' lang='lat' dir='ltr'><em>posuisti.</em></span> <span class='ocrx_word' id='word_1_163' title='bbox 633 2131 693 2184; x_wconf 74' lang='lat' dir='ltr'><em>ttd.</em></span> <span class='ocrx_word' id='word_1_164' title='bbox 705 2131 789 2198; x_wconf 77' lang='lat' dir='ltr'><em>Mam,</em></span> <span class='ocrx_word' id='word_1_165' title='bbox 808 2132 853 2204; x_wconf 87' lang='lat' dir='ltr'><em>qui</em></span> <span class='ocrx_word' id='word_1_166' title='bbox 873 2132 986 2185; x_wconf 79' lang='lat' dir='ltr'><em>babebat</em></span> <span class='ocrx_word' id='word_1_167' title='bbox 1004 2132 1083 2186; x_wconf 83' lang='lat' dir='ltr'><strong>codd.</strong></span> <span class='ocrx_word' id='word_1_168' title='bbox 1095 2132 1285 2204; x_wconf 78' lang='lat' dir='ltr'><em>duodeviginti,</em></span> <span class='ocrx_word' id='word_1_169' title='bbox 1301 2153 1315 2186; x_wconf 78' lang='lat' dir='ltr'><em>a</em></span> <span class='ocrx_word' id='word_1_170' title='bbox 1332 2145 1411 2206; x_wconf 85' lang='lat' dir='ltr'><em>quet-</em></span> 
     </span>
     <span class='ocr_line' id='line_1_17' title="bbox 356 2212 1409 2286; baseline 0.003 -15"><span class='ocrx_word' id='word_1_171' title='bbox 356 2212 507 2272; x_wconf 86' lang='lat' dir='ltr'><em>tuordecim</em></span> <span class='ocrx_word' id='word_1_172' title='bbox 519 2218 608 2270; x_wconf 84' lang='lat' dir='ltr'><em>abesse</em></span> <span class='ocrx_word' id='word_1_173' title='bbox 622 2218 725 2272; x_wconf 85' lang='lat' dir='ltr'><em>dicebat</em></span> <span class='ocrx_word' id='word_1_174' title='bbox 740 2219 806 2272; x_wconf 84' lang='lat' dir='ltr'><em>iilud</em></span> <span class='ocrx_word' id='word_1_175' title='bbox 818 2223 909 2286; x_wconf 88' lang='lat' dir='ltr'><em>etiam,</em></span> <span class='ocrx_word' id='word_1_176' title='bbox 928 2221 956 2273; x_wconf 88' lang='lat' dir='ltr'><em>ia</em></span> <span class='ocrx_word' id='word_1_177' title='bbox 968 2239 1023 2274; x_wconf 88' lang='lat' dir='ltr'><em>uno</em></span> <span class='ocrx_word' id='word_1_178' title='bbox 1034 2231 1122 2275; x_wconf 83' lang='lat' dir='ltr'><em>temen</em></span> <span class='ocrx_word' id='word_1_179' title='bbox 1134 2219 1254 2273; x_wconf 84' lang='lat' dir='ltr'><em>additum</em></span> <span class='ocrx_word' id='word_1_180' title='bbox 1266 2239 1329 2275; x_wconf 85' lang='lat' dir='ltr'><em>esse.</em></span> <span class='ocrx_word' id='word_1_181' title='bbox 1348 2219 1378 2272; x_wconf 88' lang='grc' dir='ltr'><strong>Μ</strong></span> <span class='ocrx_word' id='word_1_182' title='bbox 1388 2242 1409 2274; x_wconf 85' lang='lat' dir='ltr'><em>r.</em></span> 
     </span>
    </p>

    <p class='ocr_par' dir='ltr' id='par_1_3' title="bbox 353 2306 1411 3600">
     <span class='ocr_line' id='line_1_18' title="bbox 430 2306 1408 2380; baseline 0.004 -24"><span class='ocrx_word' id='word_1_183' title='bbox 430 2310 465 2358; x_wconf 85' lang='lat' dir='ltr'><em>Jn</em></span> <span class='ocrx_word' id='word_1_184' title='bbox 478 2306 546 2377; x_wconf 86' lang='lat' dir='ltr'><em>soro</em></span> <span class='ocrx_word' id='word_1_185' title='bbox 564 2316 656 2358; x_wconf 82' lang='lat' dir='ltr'><em>castra</em></span> <span class='ocrx_word' id='word_1_186' title='bbox 673 2308 810 2375; x_wconf 76' lang='lat' dir='ltr'><em>posuisti]</em></span> <span class='ocrx_word' id='word_1_187' title='bbox 856 2309 893 2375; x_wconf 88' lang='lat' dir='ltr'><em>‚‚i.</em></span> <span class='ocrx_word' id='word_1_188' title='bbox 913 2328 935 2362; x_wconf 90' lang='lat' dir='ltr'><em>e.</em></span> <span class='ocrx_word' id='word_1_189' title='bbox 954 2308 1015 2361; x_wconf 91' lang='lat' dir='ltr'><em>Non</em></span> <span class='ocrx_word' id='word_1_190' title='bbox 1039 2307 1126 2362; x_wconf 79' lang='lat' dir='ltr'><em>solum</em></span> <span class='ocrx_word' id='word_1_191' title='bbox 1146 2308 1263 2362; x_wconf 80' lang='lat' dir='ltr'><em>Castoris</em></span> <span class='ocrx_word' id='word_1_192' title='bbox 1280 2307 1408 2380; x_wconf 86' lang='lat' dir='ltr'><em>ternplum</em></span> 
     </span>
     <span class='ocr_line' id='line_1_19' title="bbox 356 2392 1410 2470; baseline 0.006 -24"><span class='ocrx_word' id='word_1_193' title='bbox 356 2393 467 2446; x_wconf 82' lang='lat' dir='ltr'><em>ermetis</em></span> <span class='ocrx_word' id='word_1_194' title='bbox 484 2392 637 2446; x_wconf 86' lang='lat' dir='ltr'><em>bominibus</em></span> <span class='ocrx_word' id='word_1_195' title='bbox 656 2396 806 2466; x_wconf 87' lang='lat' dir='ltr'><em>occupasti,</em></span> <span class='ocrx_word' id='word_1_196' title='bbox 824 2397 869 2449; x_wconf 86' lang='lat' dir='ltr'><em>sed</em></span> <span class='ocrx_word' id='word_1_197' title='bbox 889 2397 966 2450; x_wconf 82' lang='lat' dir='ltr'><em>etiarn</em></span> <span class='ocrx_word' id='word_1_198' title='bbox 986 2397 1014 2450; x_wconf 89' lang='lat' dir='ltr'><em>in</em></span> <span class='ocrx_word' id='word_1_199' title='bbox 1033 2416 1065 2450; x_wconf 87' lang='lat' dir='ltr'><em>eo</em></span> <span class='ocrx_word' id='word_1_200' title='bbox 1084 2407 1168 2451; x_wconf 77' lang='lat' dir='ltr'><em>cestre</em></span> <span class='ocrx_word' id='word_1_201' title='bbox 1183 2397 1322 2470; x_wconf 86' lang='lat' dir='ltr'><em>posuisti.“</em></span> <span class='ocrx_word' id='word_1_202' title='bbox 1338 2398 1361 2450; x_wconf 84' lang='lat' dir='ltr'>F</span> <span class='ocrx_word' id='word_1_203' title='bbox 1368 2418 1410 2452; x_wconf 90' lang='lat' dir='ltr'><em>rc.</em></span> 
     </span>
     <span class='ocr_line' id='line_1_20' title="bbox 356 2481 1410 2555; baseline 0.003 -20"><span class='ocrx_word' id='word_1_204' title='bbox 356 2482 446 2555; x_wconf 81' lang='lat' dir='ltr'><em>Syiv.</em></span> <span class='ocrx_word' id='word_1_205' title='bbox 492 2481 564 2534; x_wconf 78' lang='lat' dir='ltr'><em>Dixit</em></span> <span class='ocrx_word' id='word_1_206' title='bbox 590 2483 646 2537; x_wconf 89' lang='lat' dir='ltr'><em>Cic.</em></span> <span class='ocrx_word' id='word_1_207' title='bbox 667 2482 694 2535; x_wconf 89' lang='lat' dir='ltr'><em>in</em></span> <span class='ocrx_word' id='word_1_208' title='bbox 712 2484 802 2537; x_wconf 90' lang='lat' dir='ltr'><em>Pison.</em></span> <span class='ocrx_word' id='word_1_209' title='bbox 822 2489 848 2551; x_wconf 80' lang='lat'><em>5,</em></span> <span class='ocrx_word' id='word_1_210' title='bbox 869 2488 918 2538; x_wconf 80' lang='lat'><em>11:</em></span> <span class='ocrx_word' id='word_1_211' title='bbox 947 2486 1035 2538; x_wconf 83' lang='lat' dir='ltr'><em>Arma</em></span> <span class='ocrx_word' id='word_1_212' title='bbox 1053 2487 1081 2537; x_wconf 89' lang='lat' dir='ltr'><em>in</em></span> <span class='ocrx_word' id='word_1_213' title='bbox 1106 2486 1203 2555; x_wconf 86' lang='lat' dir='ltr'><em>templo</em></span> <span class='ocrx_word' id='word_1_214' title='bbox 1228 2487 1364 2552; x_wconf 82' lang='lat' dir='ltr'><em>Castoris,</em></span> <span class='ocrx_word' id='word_1_215' title='bbox 1382 2491 1410 2549; x_wconf 93' lang='lat' dir='ltr'><em>(o</em></span> 
     </span>
     <span class='ocr_line' id='line_1_21' title="bbox 353 2571 1409 2641; baseline 0 -17"><span class='ocrx_word' id='word_1_216' title='bbox 353 2572 480 2641; x_wconf 77' lang='lat' dir='ltr'><em>proditor</em></span> <span class='ocrx_word' id='word_1_217' title='bbox 504 2571 662 2640; x_wconf 86' lang='lat' dir='ltr'><em>templorum</em></span> <span class='ocrx_word' id='word_1_218' title='bbox 685 2574 799 2624; x_wconf 88' lang='lat' dir='ltr'><em>omnium</em></span> <span class='ocrx_word' id='word_1_219' title='bbox 807 2574 834 2637; x_wconf 81' lang='grc'><em>1)</em></span> <span class='ocrx_word' id='word_1_220' title='bbox 862 2574 968 2625; x_wconf 82' lang='lat' dir='ltr'><em>vidente</em></span> <span class='ocrx_word' id='word_1_221' title='bbox 992 2583 1032 2630; x_wconf 80' lang='lat' dir='ltr'><em>te,</em></span> <span class='ocrx_word' id='word_1_222' title='bbox 1065 2571 1300 2624; x_wconf 73' lang='lat' dir='ltr'><em>constituebantur</em></span> <span class='ocrx_word' id='word_1_223' title='bbox 1323 2571 1358 2622; x_wconf 88' lang='lat' dir='ltr'><em>ab</em></span> <span class='ocrx_word' id='word_1_224' title='bbox 1380 2591 1409 2624; x_wconf 91' lang='lat' dir='ltr'><em>eo</em></span> 
     </span>
     <span class='ocr_line' id='line_1_22' title="bbox 355 2660 1411 2733; baseline 0.001 -21"><span class='ocrx_word' id='word_1_225' title='bbox 355 2660 478 2716; x_wconf 83' lang='lat' dir='ltr'><em>latrone,</em></span> <span class='ocrx_word' id='word_1_226' title='bbox 507 2660 551 2711; x_wconf 88' lang='lat' dir='ltr'><em>cui</em></span> <span class='ocrx_word' id='word_1_227' title='bbox 569 2660 697 2729; x_wconf 89' lang='lat' dir='ltr'><em>templum</em></span> <span class='ocrx_word' id='word_1_228' title='bbox 713 2660 785 2712; x_wconf 82' lang='lat' dir='ltr'><em>iilud</em></span> <span class='ocrx_word' id='word_1_229' title='bbox 798 2661 877 2733; x_wconf 84' lang='lat' dir='ltr'><em>suit,</em></span> <span class='ocrx_word' id='word_1_230' title='bbox 909 2669 937 2713; x_wconf 82' lang='lat' dir='ltr'><em>te</em></span> <span class='ocrx_word' id='word_1_231' title='bbox 955 2661 1076 2727; x_wconf 80' lang='lat' dir='ltr'><em>consule,</em></span> <span class='ocrx_word' id='word_1_232' title='bbox 1099 2679 1151 2713; x_wconf 81' lang='lat' dir='ltr'><em>arx</em></span> <span class='ocrx_word' id='word_1_233' title='bbox 1175 2661 1273 2713; x_wconf 78' lang='lat' dir='ltr'><em>civium</em></span> <span class='ocrx_word' id='word_1_234' title='bbox 1288 2661 1411 2731; x_wconf 83' lang='lat' dir='ltr'><em>perdito-</em></span> 
     </span>
     <span class='ocr_line' id='line_1_23' title="bbox 357 2749 1410 2821; baseline -0.001 -20"><span class='ocrx_word' id='word_1_235' title='bbox 357 2769 433 2816; x_wconf 89' lang='lat' dir='ltr'><em>rum,</em></span> <span class='ocrx_word' id='word_1_236' title='bbox 452 2749 652 2819; x_wconf 75' lang='lat' dir='ltr'><em>receptaculum</em></span> <span class='ocrx_word' id='word_1_237' title='bbox 670 2759 790 2802; x_wconf 80' lang='lat' dir='ltr'><em>ueterum</em></span> <span class='ocrx_word' id='word_1_238' title='bbox 809 2750 943 2801; x_wconf 83' lang='lat' dir='ltr'><em>Catilinae</em></span> <span class='ocrx_word' id='word_1_239' title='bbox 968 2750 1099 2807; x_wconf 81' lang='lat' dir='ltr'><em>miiitum,</em></span> <span class='ocrx_word' id='word_1_240' title='bbox 1128 2749 1270 2801; x_wconf 78' lang='lat' dir='ltr'><em>castelium</em></span> <span class='ocrx_word' id='word_1_241' title='bbox 1289 2749 1410 2821; x_wconf 83' lang='lat' dir='ltr'><em>sorensis</em></span> 
     </span>
     <span class='ocr_line' id='line_1_24' title="bbox 355 2836 1410 2910; baseline -0.003 -19"><span class='ocrx_word' id='word_1_242' title='bbox 355 2839 508 2905; x_wconf 83' lang='lat' dir='ltr'><em>latrocinii,</em></span> <span class='ocrx_word' id='word_1_243' title='bbox 538 2836 646 2890; x_wconf 88' lang='lat' dir='ltr'><em>bustum</em></span> <span class='ocrx_word' id='word_1_244' title='bbox 671 2838 759 2908; x_wconf 80' lang='lat' dir='ltr'><em>legum</em></span> <span class='ocrx_word' id='word_1_245' title='bbox 780 2837 896 2889; x_wconf 88' lang='lat' dir='ltr'><em>omnium</em></span> <span class='ocrx_word' id='word_1_246' title='bbox 920 2848 948 2888; x_wconf 92' lang='lat' dir='ltr'><em>et</em></span> <span class='ocrx_word' id='word_1_247' title='bbox 966 2837 1132 2910; x_wconf 76' lang='lat' dir='ltr'><em>religionum.</em></span> <span class='ocrx_word' id='word_1_248' title='bbox 1151 2838 1208 2891; x_wconf 78' lang='lat' dir='ltr'><em>Mc.</em></span> <span class='ocrx_word' id='word_1_249' title='bbox 1224 2866 1260 2877; x_wconf 88' lang='lat'>-</span> <span class='ocrx_word' id='word_1_250' title='bbox 1296 2841 1330 2888; x_wconf 86' lang='lat' dir='ltr'><em>In</em></span> <span class='ocrx_word' id='word_1_251' title='bbox 1342 2837 1410 2908; x_wconf 85' lang='lat' dir='ltr'><em>soro</em></span> 
     </span>
     <span class='ocr_line' id='line_1_25' title="bbox 354 2923 1410 2998; baseline 0.001 -21"><span class='ocrx_word' id='word_1_252' title='bbox 354 2923 450 2979; x_wconf 82' lang='lat' dir='ltr'><em>castra</em></span> <span class='ocrx_word' id='word_1_253' title='bbox 465 2925 590 2995; x_wconf 85' lang='lat' dir='ltr'><em>posuisti.</em></span> <span class='ocrx_word' id='word_1_254' title='bbox 626 2925 699 2996; x_wconf 78' lang='lat' dir='ltr'><em>Ergo</em></span> <span class='ocrx_word' id='word_1_255' title='bbox 718 2925 847 2997; x_wconf 83' lang='lat' dir='ltr'><em>tempium</em></span> <span class='ocrx_word' id='word_1_256' title='bbox 868 2926 1043 2998; x_wconf 75' lang='lat' dir='ltr'><em>occupavisti:</em></span> <span class='ocrx_word' id='word_1_257' title='bbox 1069 2946 1131 2979; x_wconf 83' lang='lat' dir='ltr'><em>nem</em></span> <span class='ocrx_word' id='word_1_258' title='bbox 1152 2926 1241 2979; x_wconf 84' lang='lat' dir='ltr'><em>iorum</em></span> <span class='ocrx_word' id='word_1_259' title='bbox 1260 2936 1316 2979; x_wconf 85' lang='lat' dir='ltr'><em>eret</em></span> <span class='ocrx_word' id='word_1_260' title='bbox 1336 2924 1410 2980; x_wconf 83' lang='lat' dir='ltr'><em>iocus</em></span> 
     </span>
     <span class='ocr_line' id='line_1_26' title="bbox 356 3011 1408 3087; baseline -0.002 -18"><span class='ocrx_word' id='word_1_261' title='bbox 356 3011 491 3085; x_wconf 63' lang='lat' dir='ltr'><em>eug&#39;urato</em></span> <span class='ocrx_word' id='word_1_262' title='bbox 515 3012 639 3067; x_wconf 83' lang='lat' dir='ltr'><em>definitus</em></span> <span class='ocrx_word' id='word_1_263' title='bbox 671 3025 697 3068; x_wconf 89' lang='lat' dir='ltr'><em>et</em></span> <span class='ocrx_word' id='word_1_264' title='bbox 725 3015 840 3087; x_wconf 88' lang='lat' dir='ltr'><em>publicis</em></span> <span class='ocrx_word' id='word_1_265' title='bbox 871 3015 963 3072; x_wconf 86' lang='lat' dir='ltr'><em>usibus</em></span> <span class='ocrx_word' id='word_1_266' title='bbox 988 3015 1141 3069; x_wconf 82' lang='lat' dir='ltr'><em>destinatus.</em></span> <span class='ocrx_word' id='word_1_267' title='bbox 1196 3014 1257 3068; x_wconf 85' lang='lat' dir='ltr'><em>vid.</em></span> <span class='ocrx_word' id='word_1_268' title='bbox 1284 3014 1408 3068; x_wconf 70' lang='lat' dir='ltr'><em>Clunia</em></span> 
     </span>
     <span class='ocr_line' id='line_1_27' title="bbox 354 3101 1407 3175; baseline 0.002 -20"><span class='ocrx_word' id='word_1_269' title='bbox 354 3104 513 3174; x_wconf 77' lang='lat' dir='ltr'><em>tempium.⁴‘</em></span> <span class='ocrx_word' id='word_1_270' title='bbox 534 3102 611 3157; x_wconf 83' lang='lat' dir='ltr'><em>Era.</em></span> <span class='ocrx_word' id='word_1_271' title='bbox 631 3132 663 3144; x_wconf 89' lang='lat'>-</span> <span class='ocrx_word' id='word_1_272' title='bbox 700 3101 783 3157; x_wconf 78' lang='lat' dir='ltr'><em>Addit</em></span> <span class='ocrx_word' id='word_1_273' title='bbox 809 3104 904 3175; x_wconf 80' lang='lat' dir='ltr'><em>Rorg.:</em></span> <span class='ocrx_word' id='word_1_274' title='bbox 938 3104 1046 3174; x_wconf 81' lang='lat' dir='ltr'><em>Templa</em></span> <span class='ocrx_word' id='word_1_275' title='bbox 1070 3102 1189 3175; x_wconf 77' lang='lat' dir='ltr'><em>intellige</em></span> <span class='ocrx_word' id='word_1_276' title='bbox 1214 3102 1273 3156; x_wconf 82' lang='lat' dir='ltr'><em>loce</em></span> <span class='ocrx_word' id='word_1_277' title='bbox 1293 3101 1407 3173; x_wconf 77' lang='lat' dir='ltr'><em>publice.</em></span> 
     </span>
     <span class='ocr_line' id='line_1_28' title="bbox 354 3190 1409 3259; baseline -0.004 -14"><span class='ocrx_word' id='word_1_278' title='bbox 354 3192 401 3247; x_wconf 84' lang='lat' dir='ltr'><em>Sic</em></span> <span class='ocrx_word' id='word_1_279' title='bbox 418 3192 454 3246; x_wconf 89' lang='lat' dir='ltr'><em>de</em></span> <span class='ocrx_word' id='word_1_280' title='bbox 473 3190 600 3246; x_wconf 79' lang='lat' dir='ltr'><em>tribunali</em></span> <span class='ocrx_word' id='word_1_281' title='bbox 620 3190 666 3245; x_wconf 87' lang='lat' dir='ltr'><em>ubi</em></span> <span class='ocrx_word' id='word_1_282' title='bbox 685 3191 817 3245; x_wconf 87' lang='lat' dir='ltr'><em>habentur</em></span> <span class='ocrx_word' id='word_1_283' title='bbox 835 3193 994 3247; x_wconf 74' lang='lat' dir='ltr'><em>concionesz</em></span> <span class='ocrx_word' id='word_1_284' title='bbox 1014 3192 1047 3244; x_wconf 89' lang='lat' dir='ltr'><em>de</em></span> <span class='ocrx_word' id='word_1_285' title='bbox 1066 3190 1116 3245; x_wconf 92' lang='lat' dir='ltr'><em>Or.</em></span> <span class='ocrx_word' id='word_1_286' title='bbox 1126 3190 1158 3257; x_wconf 88' lang='lat'><em>11,</em></span> <span class='ocrx_word' id='word_1_287' title='bbox 1178 3196 1226 3246; x_wconf 70' lang='lat'><em>41:</em></span> <span class='ocrx_word' id='word_1_288' title='bbox 1248 3192 1284 3244; x_wconf 80' lang='lat' dir='ltr'><em>Vi</em></span> <span class='ocrx_word' id='word_1_289' title='bbox 1297 3190 1409 3259; x_wconf 79' lang='lat' dir='ltr'><em>pulsum</em></span> 
     </span>
     <span class='ocr_line' id='line_1_29' title="bbox 355 3269 1408 3351; baseline -0.001 -20"><span class='ocrx_word' id='word_1_290' title='bbox 355 3297 387 3331; x_wconf 79' lang='lat' dir='ltr'><em>ex</em></span> <span class='ocrx_word' id='word_1_291' title='bbox 406 3269 507 3350; x_wconf 81' lang='lat' dir='ltr'><em>templo</em></span> <span class='ocrx_word' id='word_1_292' title='bbox 527 3284 556 3333; x_wconf 83' lang='lat' dir='ltr'><em>L.</em></span> <span class='ocrx_word' id='word_1_293' title='bbox 576 3283 682 3331; x_wconf 81' lang='lat' dir='ltr'><em>Cottam</em></span> <span class='ocrx_word' id='word_1_294' title='bbox 700 3291 727 3331; x_wconf 90' lang='lat' dir='ltr'><em>et</em></span> <span class='ocrx_word' id='word_1_295' title='bbox 748 3285 779 3332; x_wconf 87' lang='lat' dir='ltr'><em>T.</em></span> <span class='ocrx_word' id='word_1_296' title='bbox 797 3281 919 3335; x_wconf 86' lang='lat' dir='ltr'><em>Didium.</em></span> <span class='ocrx_word' id='word_1_297' title='bbox 956 3280 998 3333; x_wconf 88' lang='lat' dir='ltr'><em>De</em></span> <span class='ocrx_word' id='word_1_298' title='bbox 1016 3280 1116 3333; x_wconf 75' lang='lat' dir='ltr'><em>Rostris</em></span> <span class='ocrx_word' id='word_1_299' title='bbox 1136 3281 1213 3335; x_wconf 88' lang='lat' dir='ltr'><em>Verr.</em></span> <span class='ocrx_word' id='word_1_300' title='bbox 1227 3278 1272 3345; x_wconf 89' lang='grc'><strong>111,</strong></span> <span class='ocrx_word' id='word_1_301' title='bbox 1292 3283 1340 3335; x_wconf 74' lang='lat'><em>96:</em></span> <span class='ocrx_word' id='word_1_302' title='bbox 1361 3282 1408 3351; x_wconf 87' lang='lat' dir='ltr'><em>qui</em></span> 
     </span>
     <span class='ocr_line' id='line_1_30' title="bbox 355 3366 1407 3439; baseline 0 -19"><span class='ocrx_word' id='word_1_303' title='bbox 355 3368 477 3439; x_wconf 77' lang='lat' dir='ltr'><em>quotidie</em></span> <span class='ocrx_word' id='word_1_304' title='bbox 495 3368 622 3437; x_wconf 83' lang='lat' dir='ltr'><em>tempium</em></span> <span class='ocrx_word' id='word_1_305' title='bbox 641 3378 721 3422; x_wconf 88' lang='lat' dir='ltr'><em>tenet.</em></span> <span class='ocrx_word' id='word_1_306' title='bbox 759 3366 800 3421; x_wconf 79' lang='lat' dir='ltr'><em>Ad</em></span> <span class='ocrx_word' id='word_1_307' title='bbox 813 3388 835 3420; x_wconf 85' lang='lat' dir='ltr'><em>v.</em></span> <span class='ocrx_word' id='word_1_308' title='bbox 847 3370 966 3439; x_wconf 76' lang='lat' dir='ltr'><em>posuisti</em></span> <span class='ocrx_word' id='word_1_309' title='bbox 982 3367 1118 3421; x_wconf 80' lang='lat' dir='ltr'><em>annotarit</em></span> <span class='ocrx_word' id='word_1_310' title='bbox 1129 3368 1231 3438; x_wconf 71' lang='lat' dir='ltr'><em>wyte:</em></span> <span class='ocrx_word' id='word_1_311' title='bbox 1251 3386 1332 3432; x_wconf 82' lang='lat' dir='ltr'><em>„cum</em></span> <span class='ocrx_word' id='word_1_312' title='bbox 1351 3388 1407 3420; x_wconf 87' lang='lat' dir='ltr'><em>ser-</em></span> 
     </span>
     <span class='ocr_line' id='line_1_31' title="bbox 354 3452 1405 3529; baseline -0.001 -21"><span class='ocrx_word' id='word_1_313' title='bbox 354 3458 392 3510; x_wconf 83' lang='lat' dir='ltr'><em>vis</em></span> <span class='ocrx_word' id='word_1_314' title='bbox 410 3456 522 3510; x_wconf 85' lang='lat' dir='ltr'><em>armetis</em></span> <span class='ocrx_word' id='word_1_315' title='bbox 540 3456 741 3529; x_wconf 79' lang='lat' dir='ltr'><em>latronibusque</em></span> <span class='ocrx_word' id='word_1_316' title='bbox 761 3456 838 3510; x_wconf 84' lang='lat' dir='ltr'><em>tuis.⁴⁸</em></span> <span class='ocrx_word' id='word_1_317' title='bbox 876 3456 917 3508; x_wconf 79' lang='lat' dir='ltr'><em>At</em></span> <span class='ocrx_word' id='word_1_318' title='bbox 937 3477 958 3508; x_wconf 85' lang='lat' dir='ltr'><em>v.</em></span> <span class='ocrx_word' id='word_1_319' title='bbox 979 3456 1108 3525; x_wconf 84' lang='lat' dir='ltr'><em>templum</em></span> <span class='ocrx_word' id='word_1_320' title='bbox 1126 3453 1176 3507; x_wconf 82' lang='lat' dir='ltr'><em>vid.</em></span> <span class='ocrx_word' id='word_1_321' title='bbox 1192 3453 1271 3507; x_wconf 85' lang='lat' dir='ltr'><em>etiem</em></span> <span class='ocrx_word' id='word_1_322' title='bbox 1290 3452 1405 3508; x_wconf 83' lang='lat' dir='ltr'><em>Sebiiteii</em></span> 
     </span>
     <span class='ocr_line' id='line_1_32' title="bbox 353 3544 669 3600; baseline 0 -1"><span class='ocrx_word' id='word_1_323' title='bbox 353 3547 415 3600; x_wconf 81' lang='lat' dir='ltr'><em>Lex.</em></span> <span class='ocrx_word' id='word_1_324' title='bbox 434 3546 492 3599; x_wconf 82' lang='lat' dir='ltr'><em>cic.</em></span> <span class='ocrx_word' id='word_1_325' title='bbox 510 3544 535 3598; x_wconf 83' lang='lat' dir='ltr'><em>b.</em></span> <span class='ocrx_word' id='word_1_326' title='bbox 554 3566 576 3597; x_wconf 82' lang='lat' dir='ltr'><em>v.</em></span> <span class='ocrx_word' id='word_1_327' title='bbox 594 3544 641 3597; x_wconf 64' lang='lat' dir='ltr'><em>*M</em></span> <span class='ocrx_word' id='word_1_328' title='bbox 648 3566 669 3599; x_wconf 91' lang='lat' dir='ltr'><em>r.</em></span> 
     </span>
    </p>

    <p class='ocr_par' dir='ltr' id='par_1_4' title="bbox 350 3631 1407 4309">
     <span class='ocr_line' id='line_1_33' title="bbox 427 3631 1407 3706; baseline 0 -21"><span class='ocrx_word' id='word_1_329' title='bbox 427 3634 481 3685; x_wconf 83' lang='lat' dir='ltr'><em>Sed</em></span> <span class='ocrx_word' id='word_1_330' title='bbox 499 3633 567 3705; x_wconf 85' lang='lat' dir='ltr'><em>quid</em></span> <span class='ocrx_word' id='word_1_331' title='bbox 582 3651 631 3705; x_wconf 81' lang='lat' dir='ltr'><em>ego</em></span> <span class='ocrx_word' id='word_1_332' title='bbox 654 3652 803 3687; x_wconf 86' lang='lat' dir='ltr'><em>communes</em></span> <span class='ocrx_word' id='word_1_333' title='bbox 828 3635 900 3706; x_wconf 80' lang='lat' dir='ltr'><em>leges</em></span> <span class='ocrx_word' id='word_1_334' title='bbox 923 3635 1060 3706; x_wconf 86' lang='lat' dir='ltr'><em>profero‚]</em></span> <span class='ocrx_word' id='word_1_335' title='bbox 1109 3633 1211 3687; x_wconf 88' lang='lat' dir='ltr'><em>Vocem</em></span> <span class='ocrx_word' id='word_1_336' title='bbox 1236 3649 1285 3705; x_wconf 81' lang='lat' dir='ltr'><em>ego</em></span> <span class='ocrx_word' id='word_1_337' title='bbox 1309 3631 1407 3685; x_wconf 88' lang='lat' dir='ltr'><em>omittit</em></span> 
     </span>
     <span class='ocr_line' id='line_1_34' title="bbox 353 3719 1405 3793; baseline 0 -18"><span class='ocrx_word' id='word_1_338' title='bbox 353 3721 422 3775; x_wconf 81' lang='lat' dir='ltr'><em>cot.</em></span> <span class='ocrx_word' id='word_1_339' title='bbox 443 3719 515 3774; x_wconf 87' lang='lat' dir='ltr'><em>Gud.</em></span> <span class='ocrx_word' id='word_1_340' title='bbox 534 3721 582 3786; x_wconf 55' lang='lat' dir='ltr'><em>Aa</em></span> <span class='ocrx_word' id='word_1_341' title='bbox 609 3741 659 3793; x_wconf 90' lang='lat' dir='ltr'><em>pro</em></span> <span class='ocrx_word' id='word_1_342' title='bbox 677 3741 825 3775; x_wconf 85' lang='lat' dir='ltr'><em>communes</em></span> <span class='ocrx_word' id='word_1_343' title='bbox 844 3734 882 3777; x_wconf 89' lang='lat' dir='ltr'><em>est</em></span> <span class='ocrx_word' id='word_1_344' title='bbox 900 3742 987 3776; x_wconf 89' lang='lat' dir='ltr'><em>omnes</em></span> <span class='ocrx_word' id='word_1_345' title='bbox 1004 3724 1032 3776; x_wconf 90' lang='lat' dir='ltr'><em>in</em></span> <span class='ocrx_word' id='word_1_346' title='bbox 1052 3720 1117 3776; x_wconf 80' lang='lat' dir='ltr'><em>On.</em></span> <span class='ocrx_word' id='word_1_347' title='bbox 1135 3742 1161 3790; x_wconf 75' lang='grc' dir='ltr'><strong>η.</strong></span> <span class='ocrx_word' id='word_1_348' title='bbox 1179 3740 1204 3775; x_wconf 90' lang='lat' dir='ltr'><em>o.</em></span> <span class='ocrx_word' id='word_1_349' title='bbox 1220 3738 1250 3784; x_wconf 74' lang='grc' dir='ltr'><strong>ψ.</strong></span> <span class='ocrx_word' id='word_1_350' title='bbox 1268 3720 1348 3775; x_wconf 86' lang='lat' dir='ltr'><em>Drsd.</em></span> <span class='ocrx_word' id='word_1_351' title='bbox 1365 3723 1405 3783; x_wconf 77' lang='lat'><em>3.;</em></span> 
     </span>
     <span class='ocr_line' id='line_1_35' title="bbox 353 3808 1404 3881; baseline -0.004 -19"><span class='ocrx_word' id='word_1_352' title='bbox 353 3828 400 3864; x_wconf 81' lang='lat' dir='ltr'><em>vox</em></span> <span class='ocrx_word' id='word_1_353' title='bbox 419 3810 491 3881; x_wconf 84' lang='lat' dir='ltr'><em>leges</em></span> <span class='ocrx_word' id='word_1_354' title='bbox 509 3808 582 3863; x_wconf 84' lang='lat' dir='ltr'><em>deest</em></span> <span class='ocrx_word' id='word_1_355' title='bbox 599 3811 627 3863; x_wconf 89' lang='lat' dir='ltr'><em>ia</em></span> <span class='ocrx_word' id='word_1_356' title='bbox 646 3809 712 3863; x_wconf 82' lang='lat' dir='ltr'><em>cod.</em></span> <span class='ocrx_word' id='word_1_357' title='bbox 730 3808 802 3863; x_wconf 91' lang='lat' dir='ltr'><em>Gud.</em></span> <span class='ocrx_word' id='word_1_358' title='bbox 821 3811 869 3877; x_wconf 51' lang='lat' dir='ltr'><em>Aa</em></span> <span class='ocrx_word' id='word_1_359' title='bbox 888 3810 967 3863; x_wconf 87' lang='lat' dir='ltr'><em>Drsd.</em></span> <span class='ocrx_word' id='word_1_360' title='bbox 987 3814 1011 3863; x_wconf 84' lang='lat'><em>1.</em></span> <span class='ocrx_word' id='word_1_361' title='bbox 1031 3809 1109 3863; x_wconf 85' lang='lat' dir='ltr'><em>babet</em></span> <span class='ocrx_word' id='word_1_362' title='bbox 1127 3828 1275 3862; x_wconf 81' lang='lat' dir='ltr'><em>communes</em></span> <span class='ocrx_word' id='word_1_363' title='bbox 1293 3809 1404 3861; x_wconf 86' lang='lat' dir='ltr'><em>locos:</em></span> 
     </span>
     <span class='ocr_line' id='line_1_36' title="bbox 352 3897 1405 3970; baseline -0.004 -19"><span class='ocrx_word' id='word_1_364' title='bbox 352 3898 427 3970; x_wconf 86' lang='lat' dir='ltr'><em>quod</em></span> <span class='ocrx_word' id='word_1_365' title='bbox 447 3898 559 3952; x_wconf 86' lang='lat' dir='ltr'><em>debetur</em></span> <span class='ocrx_word' id='word_1_366' title='bbox 584 3897 745 3965; x_wconf 81' lang='lat' dir='ltr'><em>correctori,</em></span> <span class='ocrx_word' id='word_1_367' title='bbox 765 3898 845 3953; x_wconf 89' lang='lat' dir='ltr'><em>docto</em></span> <span class='ocrx_word' id='word_1_368' title='bbox 871 3899 977 3952; x_wconf 84' lang='lat' dir='ltr'><em>scilicet.</em></span> <span class='ocrx_word' id='word_1_369' title='bbox 1023 3899 1094 3952; x_wconf 88' lang='lat' dir='ltr'><em>Tum</em></span> <span class='ocrx_word' id='word_1_370' title='bbox 1122 3898 1248 3952; x_wconf 72' lang='lat' dir='ltr'><em>scribitur</em></span> <span class='ocrx_word' id='word_1_371' title='bbox 1268 3897 1405 3969; x_wconf 86' lang='lat' dir='ltr'><em>proferam</em></span> 
     </span>
     <span class='ocr_line' id='line_1_37' title="bbox 351 3976 1404 4059; baseline -0.001 -19"><span class='ocrx_word' id='word_1_372' title='bbox 351 3988 380 4040; x_wconf 89' lang='lat' dir='ltr'><em>in</em></span> <span class='ocrx_word' id='word_1_373' title='bbox 401 3976 469 4040; x_wconf 81' lang='lat' dir='ltr'><em>cod.</em></span> <span class='ocrx_word' id='word_1_374' title='bbox 492 3979 563 4039; x_wconf 80' lang='lat' dir='ltr'><em>&#39;Gud.</em></span> <span class='ocrx_word' id='word_1_375' title='bbox 582 3985 615 4039; x_wconf 84' lang='grc' dir='ltr'><strong>Α.</strong></span> <span class='ocrx_word' id='word_1_376' title='bbox 652 3987 698 4041; x_wconf 86' lang='lat' dir='ltr'><em>Est</em></span> <span class='ocrx_word' id='word_1_377' title='bbox 716 3998 805 4041; x_wconf 85' lang='lat' dir='ltr'><em>autem</em></span> <span class='ocrx_word' id='word_1_378' title='bbox 823 3987 934 4057; x_wconf 85' lang='lat' dir='ltr'><em>profero</em></span> <span class='ocrx_word' id='word_1_379' title='bbox 952 3987 970 4041; x_wconf 89' lang='lat' dir='ltr'><em>i.</em></span> <span class='ocrx_word' id='word_1_380' title='bbox 988 4007 1014 4059; x_wconf 87' lang='lat' dir='ltr'><em>q.</em></span> <span class='ocrx_word' id='word_1_381' title='bbox 1034 4005 1231 4041; x_wconf 88' lang='lat' dir='ltr'><em>commemoro:</em></span> <span class='ocrx_word' id='word_1_382' title='bbox 1258 3985 1307 4039; x_wconf 82' lang='lat' dir='ltr'><em>rid.</em></span> <span class='ocrx_word' id='word_1_383' title='bbox 1326 3986 1404 4039; x_wconf 88' lang='lat' dir='ltr'><em>Verr.</em></span> 
     </span>
     <span class='ocr_line' id='line_1_38' title="bbox 352 4067 1404 4145; baseline -0.007 -16"><span class='ocrx_word' id='word_1_384' title='bbox 352 4067 399 4144; x_wconf 74' lang='grc' dir='ltr'><em>111,Ι</em></span> <span class='ocrx_word' id='word_1_385' title='bbox 417 4080 464 4143; x_wconf 70' lang='lat' dir='ltr'><em>bl:</em></span> <span class='ocrx_word' id='word_1_386' title='bbox 484 4075 689 4129; x_wconf 81' lang='lat' dir='ltr'><em>commemorabo</em></span> <span class='ocrx_word' id='word_1_387' title='bbox 705 4087 734 4127; x_wconf 85' lang='lat' dir='ltr'><em>et</em></span> <span class='ocrx_word' id='word_1_388' title='bbox 751 4071 779 4127; x_wconf 81' lang='lat' dir='ltr'><em>in&#39;</em></span> <span class='ocrx_word' id='word_1_389' title='bbox 797 4076 911 4127; x_wconf 81' lang='lat' dir='ltr'><em>medium</em></span> <span class='ocrx_word' id='word_1_390' title='bbox 924 4075 1080 4145; x_wconf 76' lang='lat' dir='ltr'><em>proferom5</em></span> <span class='ocrx_word' id='word_1_391' title='bbox 1100 4076 1136 4128; x_wconf 87' lang='lat' dir='ltr'><em>ib.</em></span> <span class='ocrx_word' id='word_1_392' title='bbox 1152 4076 1186 4140; x_wconf 81' lang='lat' dir='ltr'><em>V,</em></span> <span class='ocrx_word' id='word_1_393' title='bbox 1204 4078 1236 4128; x_wconf 75' lang='lat' dir='ltr'><em>t:</em></span> <span class='ocrx_word' id='word_1_394' title='bbox 1254 4090 1404 4125; x_wconf 80' lang='lat' dir='ltr'><em>eomasemo-</em></span> 
     </span>
     <span class='ocr_line' id='line_1_39' title="bbox 351 4159 1405 4236; baseline -0.008 -17"><span class='ocrx_word' id='word_1_395' title='bbox 351 4165 418 4219; x_wconf 86' lang='lat' dir='ltr'><em>rabo</em></span> <span class='ocrx_word' id='word_1_396' title='bbox 443 4175 470 4216; x_wconf 87' lang='lat' dir='ltr'><em>et</em></span> <span class='ocrx_word' id='word_1_397' title='bbox 493 4166 648 4236; x_wconf 86' lang='lat' dir='ltr'><em>proferam:</em></span> <span class='ocrx_word' id='word_1_398' title='bbox 679 4183 747 4236; x_wconf 86' lang='lat' dir='ltr'><em>quos</em></span> <span class='ocrx_word' id='word_1_399' title='bbox 773 4163 846 4218; x_wconf 85' lang='lat' dir='ltr'><em>locos</em></span> <span class='ocrx_word' id='word_1_400' title='bbox 874 4163 989 4216; x_wconf 78' lang='lat' dir='ltr'><em>laudavit</em></span> <span class='ocrx_word' id='word_1_401' title='bbox 1014 4162 1095 4235; x_wconf 80' lang='lat' dir='ltr'><em>Borg.</em></span> <span class='ocrx_word' id='word_1_402' title='bbox 1126 4164 1228 4217; x_wconf 85' lang='lat' dir='ltr'><em>Vocem</em></span> <span class='ocrx_word' id='word_1_403' title='bbox 1254 4182 1282 4215; x_wconf 88' lang='lat' dir='ltr'><em>es</em></span> <span class='ocrx_word' id='word_1_404' title='bbox 1308 4159 1405 4213; x_wconf 88' lang='lat' dir='ltr'><em>omittit</em></span> 
     </span>
     <span class='ocr_line' id='line_1_40' title="bbox 350 4244 1255 4309; baseline -0.003 -2"><span class='ocrx_word' id='word_1_405' title='bbox 350 4244 420 4308; x_wconf 71' lang='grc' dir='ltr'><strong>(1οᾶ.</strong></span> <span class='ocrx_word' id='word_1_406' title='bbox 442 4246 502 4307; x_wconf 83' lang='lat' dir='ltr'><em>Cri.</em></span> <span class='ocrx_word' id='word_1_407' title='bbox 523 4256 548 4307; x_wconf 85' lang='lat'><em>1.</em></span> <span class='ocrx_word' id='word_1_408' title='bbox 568 4246 629 4307; x_wconf 83' lang='lat' dir='ltr'><em>cum</em></span> <span class='ocrx_word' id='word_1_409' title='bbox 650 4254 728 4307; x_wconf 84' lang='lat' dir='ltr'><em>Drsd.</em></span> <span class='ocrx_word' id='word_1_410' title='bbox 748 4258 773 4309; x_wconf 76' lang='grc'><strong>2.</strong></span> <span class='ocrx_word' id='word_1_411' title='bbox 811 4255 842 4305; x_wconf 83' lang='grc' dir='ltr'><strong>1η</strong></span> <span class='ocrx_word' id='word_1_412' title='bbox 862 4251 943 4307; x_wconf 84' lang='lat' dir='ltr'><em>Drsd.</em></span> <span class='ocrx_word' id='word_1_413' title='bbox 961 4256 987 4307; x_wconf 75' lang='lat'><em>5.</em></span> <span class='ocrx_word' id='word_1_414' title='bbox 1006 4252 1130 4307; x_wconf 82' lang='lat' dir='ltr'><em>scribitur</em></span> <span class='ocrx_word' id='word_1_415' title='bbox 1147 4251 1255 4305; x_wconf 78' lang='lat' dir='ltr'><em>exul&#39;ee.</em></span> 
     </span>
    </p>

    <p class='ocr_par' dir='ltr' id='par_1_5' title="bbox 347 4337 1406 4590">
     <span class='ocr_line' id='line_1_41' title="bbox 423 4337 1404 4409; baseline -0.006 -16"><span class='ocrx_word' id='word_1_416' title='bbox 423 4342 666 4393; x_wconf 73' lang='lat' dir='ltr'><em>Fandliorissimur</em></span> <span class='ocrx_word' id='word_1_417' title='bbox 687 4342 764 4409; x_wconf 83' lang='lat' dir='ltr'><em>tuus]</em></span> <span class='ocrx_word' id='word_1_418' title='bbox 801 4340 863 4405; x_wconf 85' lang='lat' dir='ltr'><em>„Sic</em></span> <span class='ocrx_word' id='word_1_419' title='bbox 879 4339 1011 4395; x_wconf 79' lang='lat' dir='ltr'><em>sexdecim</em></span> <span class='ocrx_word' id='word_1_420' title='bbox 1029 4342 1089 4393; x_wconf 86' lang='lat' dir='ltr'><em>mei.</em></span> <span class='ocrx_word' id='word_1_421' title='bbox 1127 4338 1217 4391; x_wconf 80' lang='lat' dir='ltr'><em>Unus:</em></span> <span class='ocrx_word' id='word_1_422' title='bbox 1238 4337 1404 4408; x_wconf 79' lang='lat' dir='ltr'><em>familiaris-</em></span> 
     </span>
     <span class='ocr_line' id='line_1_42' title="bbox 348 4423 1404 4499; baseline -0.006 -16"><span class='ocrx_word' id='word_1_423' title='bbox 348 4432 434 4485; x_wconf 81' lang='lat' dir='ltr'><em>rimus</em></span> <span class='ocrx_word' id='word_1_424' title='bbox 453 4430 542 4482; x_wconf 84' lang='lat' dir='ltr'><em>civis</em></span> <span class='ocrx_word' id='word_1_425' title='bbox 561 4429 593 4480; x_wconf 87' lang='lat' dir='ltr'><em>de</em></span> <span class='ocrx_word' id='word_1_426' title='bbox 611 4440 647 4480; x_wconf 85' lang='lat' dir='ltr'><em>te.</em></span> <span class='ocrx_word' id='word_1_427' title='bbox 689 4428 799 4483; x_wconf 76' lang='lat' dir='ltr'><em>Addunt</em></span> <span class='ocrx_word' id='word_1_428' title='bbox 823 4429 867 4483; x_wconf 83' lang='lat' dir='ltr'><em>atii</em></span> <span class='ocrx_word' id='word_1_429' title='bbox 894 4429 1064 4499; x_wconf 73' lang='lat' dir='ltr'><em>Cornificius,</em></span> <span class='ocrx_word' id='word_1_430' title='bbox 1091 4426 1197 4479; x_wconf 84' lang='lat' dir='ltr'><em>historie</em></span> <span class='ocrx_word' id='word_1_431' title='bbox 1223 4443 1317 4497; x_wconf 86' lang='lat' dir='ltr'><em>perum</em></span> <span class='ocrx_word' id='word_1_432' title='bbox 1343 4423 1404 4478; x_wconf 84' lang='lat' dir='ltr'><em>diii·</em></span> 
     </span>
     <span class='ocr_line' id='line_1_43' title="bbox 347 4513 1406 4590; baseline -0.004 -17"><span class='ocrx_word' id='word_1_433' title='bbox 347 4529 444 4590; x_wconf 84' lang='lat' dir='ltr'><em>genter</em></span> <span class='ocrx_word' id='word_1_434' title='bbox 463 4519 592 4589; x_wconf 85' lang='lat' dir='ltr'><em>inspecte.</em></span> <span class='ocrx_word' id='word_1_435' title='bbox 640 4518 706 4572; x_wconf 78' lang='lat' dir='ltr'><em>Nam</em></span> <span class='ocrx_word' id='word_1_436' title='bbox 732 4518 764 4571; x_wconf 89' lang='lat' dir='ltr'><em>de</em></span> <span class='ocrx_word' id='word_1_437' title='bbox 785 4516 871 4573; x_wconf 77' lang='lat' dir='ltr'><em>Clodii</em></span> <span class='ocrx_word' id='word_1_438' title='bbox 890 4517 992 4571; x_wconf 86' lang='lat' dir='ltr'><em>incestu</em></span> <span class='ocrx_word' id='word_1_439' title='bbox 1023 4514 1187 4569; x_wconf 87' lang='lat' dir='ltr'><em>mentionem</em></span> <span class='ocrx_word' id='word_1_440' title='bbox 1214 4513 1322 4587; x_wconf 81' lang='lat' dir='ltr'><em>quidem</em></span> <span class='ocrx_word' id='word_1_441' title='bbox 1341 4515 1406 4579; x_wconf 74' lang='lat' dir='ltr'><em>facit</em></span> 
     </span>
    </p>
   </div>
   <div class='ocr_carea' id='block_1_3' title="bbox 0 0 1764 5450">
    <p class='ocr_par' dir='ltr' id='par_1_6' title="bbox 0 0 1764 5450">
     <span class='ocr_line' id='line_1_44' title="bbox 0 0 1764 5450; baseline 0 5"><span class='ocrx_word' id='word_1_442' title='bbox 0 0 1764 5450; x_wconf 95' lang='lat' dir='ltr'><em> </em></span> 
     </span>
    </p>
   </div>
  </div>
 </body>
</html>
