3517 5450
584 726 780 773 eteiooxou
803 726 847 772 vi.
875 727 945 773 cir.
962 728 1010 775 iu.
1250 705 1323 780 311

270 908 311 939 on
331 888 376 939 oui
396 886 490 938 deest?
509 898 565 940 turn
586 887 613 939 iu
633 886 684 940 Or.
705 888 724 940 Ι.
745 897 807 938 aut
826 889 869 938 cui
888 887 1019 956 superat?
1041 890 1127 942 Verba
1148 890 1196 960 qui
1212 904 1272 962 eget
1291 924 1325 933 -

270 975 395 1026 abundat
415 975 509 1026 omisso
529 985 589 1027 sunt
612 975 637 1026 in
659 975 724 1027 cod.
745 973 816 1027 Gud.
836 974 868 1026 Α.
920 975 974 1027 Pro
994 976 1118 1029 abundat
1145 989 1182 1031 est
1201 979 1326 1033 habun-

271 1063 337 1127 dat,
357 1072 387 1114 ut
405 1080 519 1132 semper.
557 1062 612 1114 Pro
631 1064 733 1114 euius
749 1064 880 1132 possessio
900 1075 938 1117 est
956 1065 1014 1115 cui
1029 1083 1101 1134 poss.
1122 1065 1148 1117 in
1169 1067 1254 1122 Codd.
1268 1068 1326 1122 Bas.

259 1149 342 1201 ·Gud.
362 1145 422 1202 Cre.
440 1154 466 1201 2.
483 1152 507 1204 3.
530 1149 581 1202 Ox·
601 1170 623 1202 o.
642 1149 721 1203 Drsd.
742 1153 767 1203 Ι.
786 1154 811 1203 4.
829 1155 854 1204 5.
879 1149 941 1204 Ειο.
963 1150 1030 1222 Eyh.
1050 1163 1075 1205 et
1093 1152 1140 1205 Ed.
1159 1175 1203 1224 ap.
1224 1158 1325 1218 Meus}

270 1239 298 1291 ia
319 1257 375 1290 uno
396 1235 474 1289 Alli:
494 1239 553 1288 eui
571 1257 632 1309 quo
648 1258 719 1307 poss.
738 1250 779 1290 est
799 1240 892 1304 maior,
911 1239 938 1292 io
959 1259 1014 1291 uno
1034 1239 1164 1293 eiusdem:
1185 1243 1244 1312 qui
1263 1263 1327 1314 quo

267 1344 341 1395 poss.
361 1334 402 1378 eet
422 1326 506 1377 maior
513 1346 522 1386 ,-
545 1324 572 1378 in
592 1326 673 1379 Drsd.
691 1329 718 1380 4.
737 1346 789 1398 quo
807 1328 892 1379 maior
907 1338 963 1391 est,
982 1327 1061 1381 Drsd.
1081 1332 1104 1381 Ι.
1126 1333 1151 1385 3.
1170 1331 1254 1383 maior
1274 1352 1326 1403 quo

271 1422 321 1466 est.
359 1413 431 1465 Tum
451 1411 545 1465 Duisb.
564 1432 594 1466 eo
613 1415 723 1485 tnagis
742 1414 864 1486 requirit,
884 1415 929 1468 sed
948 1435 1027 1487 supra
1043 1416 1089 1469 tin.
1105 1419 1176 1486 plus.
1213 1417 1284 1473 Gud.
1294 1419 1324 1473 B.

272 1500 406 1571 requirat.
441 1499 526 1568 Mn,

344 1588 383 1638 ad
407 1607 434 1642 se
463 1590 619 1657 ruendam]
649 1589 698 1643 Ed.
722 1589 807 1644 suffr.
836 1591 908 1644 Petr.
934 1595 1071 1646 tuendum.
1091 1623 1125 1632 -
1160 1594 1206 1648 sic
1232 1616 1324 1668 supra:

272 1688 383 1729 tanturn
398 1707 431 1716 -
448 1687 481 1729 ut
498 1696 528 1730 eo
545 1679 643 1729 tueri
661 1697 707 1730 ses·
725 1678 841 1749 legiones
854 1708 887 1720 -
896 1681 984 1749 possis
992 1701 1001 1741 ‚·
1020 1700 1070 1752 pro
1084 1681 1173 1736 Deiot.
1183 1687 1212 1736 8:
1234 1685 1327 1736 Antea

273 1765 388 1818 ntaiores
407 1766 498 1834 copias
517 1766 615 1819 alere
631 1776 756 1836 poterat,
772 1786 843 1819 nuno
861 1767 977 1839 exiguae
996 1769 1042 1820 vix
1061 1770 1159 1820 tueri
1174 1782 1272 1838 potest.
1292 1801 1326 1812 -

273 1852 365 1923 Pergit
383 1854 475 1906 cred.
495 1871 532 1904 an
550 1854 612 1924 qui
628 1855 687 1906 uuis
706 1854 808 1906 viribus
826 1874 862 1907 se
880 1855 1057 1908 sustinet?
1087 1856 1200 1912 Drsd.5.
1218 1858 1326 1913 Gud.B.

272 1959 310 1992 an
330 1942 378 2012 qui
402 1960 430 1994 se
448 1942 504 1994 suis
533 1940 636 1994 viribus
665 1940 842 1994 sustinet?
894 1942 973 1996 Drsd.
993 1945 1017 1995 t.
1037 1946 1062 1997 3.
1087 1962 1124 1994 an
1149 1946 1197 2014 qui
1223 1946 1325 2000 viribus

271 2030 330 2080 suis
348 2047 376 2080 se
395 2039 465 2084 sust.
501 2030 582 2105 Drsd.
596 2035 620 2083 2.
640 2048 765 2102 anquae
782 2049 811 2082 se
831 2030 888 2082 suis
908 2029 1009 2082 viribus
1027 2030 1166 2082 sustinet?
1184 2030 1264 2084 Drsd.
1283 2036 1323 2086 4.;

273 2136 311 2167 an
330 2135 446 2187 quaese
465 2117 523 2169 suis
542 2117 644 2170 viribus
663 2116 870 2170 sustinent?
899 2115 949 2169 Ox.
970 2135 998 2178 ψ.
1019 2116 1126 2169 utribus
1145 2137 1194 2188 pro
1214 2118 1324 2173 viribus.

272 2205 379 2257 Habent
398 2205 477 2257 etiam
498 2204 598 2257 viribus
618 2224 645 2257 se
664 2205 747 2260 codd.
768 2206 847 2259 Bern.
867 2205 926 2259 Bas.
945 2216 971 2257 et
992 2203 1054 2257 Ero.
1067 2203 1134 2274 Eyb.
1171 2205 1243 2257 Tum
1258 2203 1325 2259 Cod.

272 2292 345 2348 Gud.
368 2294 400 2345 A.
420 2293 517 2346 omittit
535 2293 602 2364 quid
619 2303 678 2363 post
696 2294 750 2347 sed.
790 2292 850 2347 ΜΓ.

347 2381 395 2451 qui
411 2399 512 2432 morum
530 2391 556 2432 et
576 2391 721 2449 temporum
741 2382 807 2434 vitio
826 2381 1011 2453 aliquantum]
1061 2380 1123 2444 „Est
1142 2382 1168 2432 ie
1186 2379 1232 2433 διιί
1250 2384 1324 2434 δυοῖν

273 2487 325 2540 pro
345 2467 407 2520 vitio
427 2485 532 2520 morum
552 2466 629 2520 huius
648 2470 786 2539 temporis,
802 2470 817 2522 i.
837 2490 859 2523 e.
880 2468 942 2540 quia
956 2488 1045 2521 mores
1063 2467 1139 2521 huius
1155 2469 1247 2522 aetatis
1264 2481 1326 2524 sunt

274 2556 551 2627 corrupti.“Wytt.
586 2558 640 2609 Pro
660 2576 693 2608 ac
711 2569 749 2610 est
767 2568 850 2630 atque
871 2558 897 2610 in
911 2557 990 2612 Drsd.
1003 2562 1026 2609 2.
1063 2556 1092 2607 ln
1112 2554 1325 2611 codt.Gud.A.

274 2643 325 2698 Ox.
344 2644 378 2696 N.
398 2641 457 2699 cr..
478 2650 502 2697 2.
522 2643 603 2698 Drsd.
624 2647 649 2698 3.
667 2649 694 2698 5.
722 2656 760 2698 est
779 2645 1025 2717 aliquantulum,
1052 2645 1170 2715 itemque
1197 2645 1225 2698 in
1245 2646 1325 2700 Bern.

272 2732 334 2785 Bes.
355 2730 426 2784 Gud.
465 2734 522 2785 Me.

343 2819 467 2890 fortasse
484 2821 512 2871 in
530 2820 612 2873 buius
640 2820 742 2872 soeculi
760 2803 854 2872 errore
868 2823 968 2887 verser]
1014 2819 1160 2887 „Secuium
1179 2842 1271 2895 saepe,
1298 2835 1326 2877 ut

271 2907 300 2960 h.
320 2906 353 2972 l.,
379 2918 454 2961 notat
472 2907 532 2961 illos
549 2907 685 2976 homines,
713 2910 760 2980 qui
778 2921 870 2962 nostro
890 2920 1011 2979 tempore
1032 2909 1132 2962 vivunt:
1162 2929 1223 2963 nam
1250 2930 1326 2963 secus

274 3007 300 3050 et
319 3014 422 3059 secum,
446 2997 500 3047 sesi
518 2996 616 3050 dieitur
639 2999 711 3069 apud
738 3011 828 3070 poetas
847 3017 897 3069 pro
916 2995 1013 3061 sexus,
1038 3008 1064 3050 et
1081 2997 1199 3049 seculum
1227 3017 1275 3069 per
1299 3018 1326 3052 se

273 3105 472 3156 nonnunquam
492 3086 589 3139 dieitur
609 3106 666 3138 mos
685 3097 710 3139 et
729 3085 895 3139 consuetudo
920 3084 1059 3137 hominum
1085 3086 1228 3156 praesentis
1254 3096 1326 3139 eete-

272 3175 333 3226 tis.“
353 3173 457 3243 Wytt.
496 3174 524 3225 ln
545 3172 613 3227 cod.
632 3173 743 3227 Goon.
764 3173 872 3245 iegitur:
892 3174 920 3223 in
939 3174 988 3224 hoo
1007 3174 1071 3226 vili
1089 3194 1190 3240 errore,
1211 3175 1237 3227 in
1253 3173 1325 3227 Gud.

273 3261 304 3314 B.
323 3261 352 3313 in
371 3260 454 3312 huius
472 3261 540 3312 seli
553 3262 720 3331 fortasse
746 3279 842 3313 errore.
893 3260 972 3312 Drsd.
992 3264 1016 3313 5.
1043 3273 1191 3324 versetur,
1222 3261 1273 3316 Ox.
1293 3262 1324 3314 E.

275 3366 392 3401 uersor.
422 3347 481 3399 ΜΓ.
1157 3341 1161 3351 “

347 3435 375 3486 in
396 3436 479 3487 huius
507 3435 608 3488 saeculi
633 3438 731 3503 errore]
770 3434 883 3488 Confert
910 3435 942 3487 ad
972 3434 1135 3488 locutionem
1162 3435 1241 3507 Borg.
1268 3436 1325 3495 Cic.

274 3545 325 3595 pro
344 3524 429 3577 Balbo
448 3528 489 3579 6.:
509 3528 561 3577 Est
581 3525 650 3577 enirn
668 3525 734 3576 liaeo
752 3524 854 3575 saeculi
873 3522 964 3583 labes‚·
991 3542 1041 3594 pro
1061 3521 1153 3576 Caelio
1172 3529 1218 3576 20:
1244 3525 1327 3576 huius

273 3613 379 3664 saeculi
397 3612 524 3672 licentia‚·
543 3611 611 3666 Phil.
631 3613 676 3680 IV,
696 3617 726 3668 ὃς
745 3613 826 3664 buius
842 3611 945 3664 saeculi
962 3610 1114 3666 insolentie.
1151 3611 1212 3664 Mr.

239 3705 242 3710 '
347 3697 388 3749 Μ’
408 3699 554 3767 Manilius]
598 3699 702 3772 „Saepe
729 3700 854 3754 Ciceroni
884 3710 1064 3765 memoratur,
1090 3710 1119 3751 ut
1145 3699 1273 3772 eloquens
1301 3712 1326 3753 et

275 3785 407 3857 prudens:
432 3786 464 3839 de
491 3785 567 3841 Orat.
587 3788 604 3853 l,
624 3791 667 3841 49.
685 3786 731 3853 ΙΙΙ,
753 3791 794 3842 23.
821 3787 905 3841 Bruto
931 3808 954 3841 o.
973 3792 1015 3840 ti.
1049 3798 1075 3840 et
1102 3785 1194 3844 alibi.⁴‘
1220 3790 1325 3861 Wytt.

275 3876 317 3942 „is
332 3888 384 3941 est,
404 3877 450 3946 qui
470 3895 532 3928 cum
550 3875 681 3929 Africano
701 3876 820 3942 minore,
840 3875 946 3940 Laelio,
967 3874 1052 3942 Philo,
1072 3874 1198 3930 Scaevola
1216 3877 1327 3948 aliisque

274 3963 391 4035 disputat
409 3964 442 4017 de
461 3985 490 4017 re
510 3963 615 4036 publica
636 3964 663 4018 in
684 3964 770 4030 libris,
801 3984 868 4037 quos
888 3964 921 4015 de
940 3964 1006 4035 Rep.
1026 3963 1122 4018 Cicero
1142 3966 1326 4036 conseripsit.“

273 4053 296 4105 F
304 4072 347 4105 rc.
366 4051 456 4122 Sylr.
505 4053 547 4105 De
576 4072 608 4105 eo
627 4053 685 4105 ride
704 4054 814 4108 collecto
832 4052 922 4106 omnia
941 4053 1012 4124 apud
1032 4051 1164 4105 Orellium
1185 4052 1326 4105 Onomast.

274 4140 334 4193 Cic·
354 4140 384 4191 ΙΙ.
405 4160 430 4210 p.
449 4144 511 4195 315.
529 4142 553 4194 b.
573 4140 639 4193 cod.
659 4140 729 4195 Gud.
748 4141 779 4193 B.
807 4141 906 4193 molius
926 4159 975 4210 pro
994 4141 1034 4191 M’
1054 4141 1202 4205 Manilius,
1225 4139 1283 4191 Cri.
1301 4145 1326 4193 2.

275 4232 315 4279 M>
328 4229 461 4280 Mmrlius.
487 4229 594 4283 Habent
612 4230 691 4284 etiam
711 4233 751 4285 M.
771 4241 795 4283 et
814 4227 1023 4281 MarousCodd.
1035 4225 1113 4279 Drsd.
1126 4232 1149 4279 2.
1168 4232 1193 4280 4.
1212 4231 1253 4291 5.;
1272 4229 1327 4281 duo

275 4315 436 4387 posteriores
462 4319 587 4370 memorio
608 4328 682 4387 patr.
710 4328 792 4369 nostr.
836 4315 917 4371 Drsd.
936 4320 961 4369 2.
990 4326 1073 4368 nostr.
1095 4327 1168 4383 patr.
1195 4318 1327 4370 memorio.

275 4402 349 4455 Gud.
367 4402 397 4455 Β.
418 4405 546 4458 manerias
564 4405 642 4476 (sic),
663 4405 759 4457 omisso
778 4414 938 4458 nostrorum.
976 4402 1034 4455 Mr.

348 4494 387 4541 M'
405 4492 550 4561 Manilius]
587 4491 747 4561 „Hominem
777 4504 907 4547 memorat
925 4511 971 4545 sus
991 4500 1143 4561 tempestate
1163 4500 1273 4557 notum,
1299 4501 1324 4543 et
