3517 5450
660 731 852 778 ruumoxou
883 734 925 781 tv,
957 736 1063 783 clun
1313 721 1384 795 169

350 885 399 940 loco
421 887 461 940 vel
485 888 555 942 dicta
583 889 622 942 vel
653 890 764 944 dicenda
794 902 870 956 sunt,
898 891 926 944 in
946 898 1099 948 Excursum
1128 910 1249 952 nostrum
1280 913 1384 955 sextum

346 974 479 1029 reiicienda
499 977 549 1030 sisa
569 977 628 1032 sint.
673 978 764 1031 Unum
784 976 809 1031 h.
828 977 845 1032 Ι.
866 978 951 1046 addo,
976 983 1004 1035 in
1024 1001 1078 1035 uno
1098 981 1158 1036 Aldi
1178 986 1237 1039 cod.
1263 999 1322 1058 post
1340 990 1387 1040 de·

344 1073 447 1114 mentem
466 1063 586 1118 additum
601 1085 656 1118 esse
671 1066 774 1118 indico:
794 1085 809 1118 a
826 1066 932 1121 duobus
948 1071 1039 1123 abesse
1056 1081 1081 1121 ct
1095 1081 1156 1124 ante
1173 1073 1306 1129 insonum.
1327 1077 1385 1132 ΜΓ.

406 1150 610 1204 tolerantia
633 1154 937 1212 munimentorum,
962 1159 1220 1227 contemptione
1241 1161 1385 1232 fortunae]

337 1235 380 1300 „ld
394 1249 431 1290 est
451 1237 575 1308 patientia
595 1259 686 1292 earum
706 1259 805 1305 rerum,
826 1260 895 1310 quae
910 1241 1032 1297 adversae
1051 1244 1203 1300 hominibus
1221 1250 1353 1305 eveniunt.
1366 1251 1386 1305 l.

335 1324 366 1376 de
384 1323 444 1378 Osi.
463 1325 583 1394 [tutu]
622 1327 741 1393 Omnino,
760 1328 856 1398 inquit,
872 1328 962 1399 sortis
979 1332 1086 1385 onirnns
1104 1345 1132 1385 ct
1150 1353 1265 1407 magnus
1282 1337 1387 1391 duobus

334 1411 411 1462 rebus
430 1413 545 1465 maxime
564 1415 696 1480 cernitur,
722 1435 836 1487 quornm
855 1435 911 1468 uno
935 1419 963 1470 in
986 1439 1075 1471 rerum
1100 1433 1274 1476 externorum
1298 1425 1386 1495 despi-

334 1500 431 1551 cientia
448 1501 576 1569 ponitur,
596 1521 679 1574 quum
694 1521 855 1572 persuasum
873 1505 909 1556 sit
929 1506 999 1557 niltil
1016 1508 1160 1574 hominem,
1177 1511 1231 1563 nisi
1248 1513 1320 1583 quod
1337 1513 1387 1564 lro-

334 1598 438 1640 nestnm
465 1589 639 1662 decorumque
664 1593 716 1656 sit,
749 1602 801 1643 out
827 1593 959 1646 admirari
983 1607 1035 1668 aut
1060 1608 1181 1666 expetere
1203 1609 1331 1668 oportere.
1351 1630 1386 1640 -

334 1677 556 1744 Contemptionem
575 1677 645 1748 apud
666 1677 825 1732 Ciceronem
844 1700 938 1751 saepe,
965 1694 1143 1753 contemptum
1161 1705 1222 1738 raro
1242 1686 1293 1740 dici
1312 1687 1386 1740 ince-

334 1765 415 1818 nias.“
442 1764 465 1816 F
473 1783 520 1818 rc.
537 1763 628 1836 Syls.
679 1766 872 1838 „Transpone:
900 1770 1031 1838 copientis
1057 1771 1164 1824 animur
1187 1801 1221 1813 -
1240 1785 1387 1826 contem-

334 1853 426 1905 tione
444 1872 533 1904 rernm
543 1853 732 1917 dromonorum,
753 1854 955 1906 tolerantia
970 1856 1102 1925 fortunae
1112 1886 1147 1897 -
1159 1869 1280 1929 coeptus,
1297 1862 1386 1912 vince-

334 1938 397 1992 tur?
418 1938 486 1992 Nam
499 1959 606 2011 semper
623 1939 719 1994 Cicero
737 1941 801 1994 dicit
819 1960 861 1992 res
873 1942 1008 1994 ltumcnos
1027 1956 1253 2010 contemnere,
1271 1948 1386 2000 tolerare

334 2027 483 2082 fortunam.
515 2029 575 2081 Vid.
586 2029 623 2080 ,de
639 2028 716 2082 Orat.
727 2027 759 2094 ll,
774 2032 817 2082 84.
833 2028 865 2081 de
879 2027 1129 2096 Offict,4‚18.20.
1139 2035 1182 2085 21.
1196 2044 1221 2086 et
1235 2033 1386 2087 Bentleium

334 2116 363 2166 sd
382 2115 480 2169 Tusce.
500 2115 631 2187 Dispr,
647 2119 696 2169 28:
716 2115 774 2183 [Est
792 2114 844 2167 ihi:
864 2116 984 2167 lornano
997 2118 1084 2170 omnio
1099 2130 1321 2187 prementem,
1339 2120 1385 2172 ubi

334 2201 436 2257 Ruhnln
453 2223 516 2257 cum
536 2202 672 2257 nonnullis
684 2202 776 2273 legisse
793 2201 896 2255 ridetur
913 2214 1093 2271 spernentern5
1114 2206 1240 2258 nimirum
1260 2207 1286 2258 id
1297 2225 1385 2259 erem-

334 2289 382 2360 plis
400 2292 486 2345 allatis
506 2293 711 2345 commendabat
730 2288 875 2358 Bentleius,
895 2291 971 2343 cuius
991 2292 1193 2346 annotationem
1214 2293 1271 2346 side
1289 2293 1317 2347 in
1335 2292 1385 2345 Ed.

333 2389 439 2444 nostra,
456 2379 489 2431 T.
509 2377 553 2431 Ill.
574 2399 599 2448 p.
619 2379 713 2446 337.]“
738 2377 916 2431 Ruhnken.
945 2378 978 2430 ad
997 2378 1077 2433 Rutil.
1103 2380 1171 2450 Lup.
1198 2402 1222 2451 p.
1239 2385 1299 2434 108.
1335 2379 1385 2434 Se-

333 2467 387 2519 cuti
405 2478 466 2519 sunt
482 2467 641 2520 sententiam
660 2463 812 2518 Ruhnkenii
831 2465 984 2531 Schiitcius,
1004 2465 1116 2532 Gernh.,
1135 2467 1260 2538 Borgers,
1280 2479 1306 2520 et
1324 2479 1385 2521 ante

334 2552 382 2607 hos
398 2556 451 2607 iam
473 2554 624 2608 Wetrelius.
662 2554 746 2623 Quasi
766 2573 838 2620 vero,
858 2553 932 2626 quod
950 2553 1056 2625 saepius
1073 2554 1137 2608 dixit
1155 2555 1261 2620 Cicero,
1280 2573 1386 2625 semper

335 2653 363 2695 et
378 2645 501 2696 omnibus
518 2642 585 2696 locis
602 2643 691 2696 dicere
710 2642 840 2694 debuerit.
878 2640 1008 2708 Quamvis
1020 2642 1090 2693 enim
1106 2641 1187 2712 Borg.
1198 2641 1263 2694 locis
1276 2661 1290 2694 a
1303 2640 1386 2694 Bent-

334 2726 387 2783 leio
403 2731 419 2783 l.
438 2731 457 2784 l.
483 2730 601 2785 collectis
625 2730 756 2783 addiderit
780 2729 877 2782 Tusce.
896 2727 930 2795 ll,
948 2733 981 2787 4:
1016 2735 1052 2782 Te
1076 2741 1179 2782 notura
1197 2761 1231 2769 —
1251 2732 1340 2783 oltnm
1358 2740 1386 2780 et

335 2815 483 2871 hentona
510 2820 761 2888 despicientem
785 2819 898 2890 gennit,·
927 2818 955 2870 id
981 2839 1037 2871 non
1061 2818 1186 2891 impedit,
1217 2838 1270 2891 quo
1297 2819 1385 2871 miuus

337 2916 424 2959 nostro
444 2907 507 2959 loco
525 2907 558 2960 de
577 2927 666 2959 rernm
683 2907 863 2959 humanorum
883 2907 933 2970 tol
940 2908 1062 2959 eronti
1069 2926 1087 2958 a
1114 2907 1249 2979 loquatur.
1293 2906 1386 2975 Quid?

339 2994 408 3059 quod
425 2994 492 3047 alter
510 2994 587 3049 locus
605 3015 619 3047 a
639 2994 781 3064 Borgersio
801 2994 924 3048 laudatus
942 2993 1075 3050 Codicum
1094 2996 1231 3066 scriptioni
1250 2996 1331 3048 iavet:
1352 2995 1385 3046 de

338 3070 412 3133 Finn.
431 3083 450 3148 l,
470 3087 517 3136 14:
532 3086 710 3151 ‘Sapientiam
729 3102 786 3135 esse
811 3085 911 3149 solum,
936 3104 1006 3156 quoe
1019 3085 1155 3155 fortunae
1188 3084 1287 3136 modice
1308 3085 1386 3155 serre

340 3164 428 3221 docem
445 3171 578 3223 iniurias:
598 3159 778 3222 nam'modice
791 3171 870 3242 serre
888 3172 1004 3223 iniurias
1023 3183 1063 3225 est
1082 3192 1135 3223 non
1155 3171 1269 3225 multum
1283 3189 1386 3234 curare,

340 3254 409 3310 nihili
428 3259 583 3324 aestimare,
611 3277 666 3311 non
686 3269 789 3311 tautum
814 3256 937 3310 tolerare.
984 3259 1077 3331 Neque
1103 3258 1174 3311 aliud
1189 3258 1267 3329 quid
1292 3257 1385 3309 suadet

340 3337 438 3413 tertius,
463 3366 545 3418 quem
563 3346 667 3413 laudat,
690 3345 766 3398 locus
783 3345 816 3396 de
834 3344 914 3396 Finn.
933 3344 980 3411 lV,
998 3349 1025 3398 ἵ,
1052 3345 1097 3397 ubi
1123 3354 1160 3397 est
1184 3344 1300 3395 iniurias
1318 3343 1386 3413 sor-

340 3437 417 3485 lunce
433 3455 619 3505 superare,
639 3434 710 3509 quod
731 3445 802 3486 certe
822 3432 907 3483 maius
928 3432 1066 3503 quidpiam
1086 3443 1137 3498 est,
1158 3450 1239 3502 quam
1258 3428 1384 3480 tolerare.

340 3511 481 3577 Commode
500 3524 578 3577 etiam
599 3523 649 3576 Or.
667 3522 757 3576 laudat
775 3518 1047 3586 Tuscc.ttt,16,34:
1066 3521 1185 3570 lcumena
1198 3517 1292 3588 serre,
1312 3516 1384 3586 quod

341 3598 404 3660 idem
423 3623 459 3665 est
478 3612 512 3663 ad
536 3613 590 3664 An.
609 3613 669 3676 XV,
688 3616 722 3662 20
743 3611 803 3675 (sed
820 3611 939 3661 linrnono
953 3609 1094 3679 serendo).
1131 3606 1212 3674 Quod
1229 3614 1317 3657 autem
1337 3605 1385 3657 de·

341 3690 378 3749 dit
393 3698 509 3753 Nobeus
529 3701 633 3753 inverso
658 3700 783 3765 ordine,¹
799 3698 937 3770 ceteroqui
957 3708 985 3750 ut
1004 3695 1107 3749 Geruli.
1125 3694 1273 3747 tolerantia
1285 3692 1385 3762 forte-

341 3794 400 3849 '10e‚
417 3807 505 3839 rerum
524 3788 704 3839 humanorum
722 3789 929 3856 contemptione,
960 3787 987 3838 in
1006 3806 1038 3838 eo
1056 3785 1133 3837 illum
1160 3803 1259 3836 errasse
1286 3782 1385 3836 iudicat

341 3862 387 3922 Or,
410 3894 471 3927 cum
497 3876 607 3928 sortasse
626 3875 756 3928 Codicum
787 3874 929 3928 lectionem
949 3885 1016 3927 esset
1033 3874 1209 3927 restituturus.
1258 3874 1383 3925 Ceterum

339 3949 557 4029 wyttenbachius
577 3984 685 4035 quoque
703 3984 717 4016 a
737 3963 889 4016 Ruhnlrenii
908 3963 1029 4037 partibus
1047 3961 1131 4027 stetit,
1148 3961 1257 4025 iisdem,
1289 3960 1402 4031 quibus·

338 4033 394 4112 llic,
411 4051 558 4103 rationibus
577 4053 680 4105 ductus.
717 4051 853 4105 Bentleius
871 4050 1000 4104 coniecit:
1018 4048 1130 4120 Sapiens
1148 4048 1230 4100 animi
1250 4048 1385 4117 magnitu-

338 4126 411 4204 dine,
430 4141 554 4205 consilio,
574 4140 735 4205 tolerantia,
753 4159 842 4192 rerum
861 4141 1042 4191 humanorum
1060 4137 1269 4207 contemptione,
1295 4136 1385 4188 cirtu-

337 4222 406 4281 ‘l'dns
424 4232 536 4303 deniqne
555 4230 688 4296 omnibus,
709 4229 793 4283 deleta
812 4249 876 4282 socc
890 4230 1035 4300 fortunae.
1073 4226 1132 4280 Mc.

405 4320 562 4387 tolerantie]
607 4319 670 4372 Duo
696 4319 770 4371 finiit
789 4319 887 4372 Cicero
913 4316 1082 4370 atolerandi
1110 4316 1189 4367 verbo
1208 4310 1385 4373 substantiva,

338 4401 458 4460 ‘oleratio
477 4419 502 4461 et
521 4409 684 4461 tolerantie:
710 4420 824 4483 utroque
841 4407 921 4461 semel
941 4417 1043 4462 tantum
1065 4424 1125 4457 usus
1144 4413 1196 4455 est:
1236 4400 1325 4471 priore
1353 4398 1385 4451 dc

342 4475 417 4547 Flun.
435 4496 467 4561 ll,
488 4500 538 4563 29;
559 4498 721 4567 posteriore,
740 4498 881 4564 hocloco.
917 4495 976 4552 Mc.
