3517 5450
680 742 884 795 ruoonumu.
1261 716 1310 793 25

257 899 333 955 latini
350 899 446 956 dicunt
463 896 571 970 aliquid
582 898 612 951 in
631 912 773 971 occeptum
791 901 908 974 referre,
933 901 1008 955 unde
1025 900 1076 956 alia
1094 910 1153 956 orte
1171 911 1210 956 est
1228 900 1311 973 signi-

257 989 345 1043 ficatio
363 987 545 1061 metaphorica
564 989 648 1042 alieni
665 989 922 1062 aliquidaceeptum
932 989 1035 1061 referre
1051 1008 1103 1061 pro
1118 989 1199 1044 alicui
1215 989 1312 1042 debere

258 1078 297 1131 vel
313 1078 445 1134 donatum
463 1077 606 1152 accepisse.
625 1077 807 1149 Wyttenb.
850 1077 916 1132 Loci
935 1087 1024 1132 autem
1043 1095 1124 1148 supra
1145 1097 1175 1131 ex
1191 1076 1313 1130 verrinis

259 1166 355 1222 laudati
374 1178 439 1222 sunt
454 1167 515 1223 Aet.
524 1167 556 1221 ll.
576 1164 650 1229 lib.l,
670 1168 713 1231 S'l,
726 1168 795 1229 14⁹3
814 1164 860 1219 lib.
868 1165 901 1231 Il,
912 1168 957 1234 tu,
969 1168 1037 1229 17⁰3
1056 1164 1103 1218 tib.
1114 1164 1240 1232 t,tt,ut.
1255 1164 1312 1218 Mr.

328 1258 390 1309 Non
408 1265 451 1308 eet
464 1253 560 1320 enim]
579 1251 667 1325 „Edd
679 1255 740 1305 Non
757 1253 844 1304 enim
864 1263 918 1305 eet
934 1253 1034 1307 tale.“
1052 1250 1215 1306 Graev.-
1233 1253 1311 1318 „Vo-

265 1355 317 1390 cem
336 1335 393 1388 tale
417 1336 602 1408 interpositam
622 1338 719 1410 passim
740 1339 837 1394 delerit
854 1339 1017 1394 Gulielmius
1035 1359 1050 1393 e
1069 1339 1131 1392 libri
1148 1337 1310 1393 Mauriciani

267 1423 323 1493 sude,
340 1434 470 1496 tanquam
489 1425 656 1493 abundaret,
674 1437 699 1482 et
719 1429 852 1483 venustius
869 1426 1141 1500 subintelligeretur.“
1158 1426 1257 1482 Grut.

327 1533 379 1568 non
396 1523 440 1566 eat
457 1514 537 1581 enim]
556 1510 732 1570 Grammatici
751 1516 879 1586 addidere
899 1516 973 1581 tole,
998 1514 1072 1587 quod
1097 1533 1153 1568 non
1177 1524 1216 1568 est
1232 1532 1309 1585 opus,

274 1600 365 1656 Face.

329 1691 389 1743 Non
406 1699 450 1742 eet
468 1691 564 1760 enim]
595 1690 713 1745 Probum
737 1688 810 1745 bane
839 1688 983 1744 lectionem
1000 1688 1100 1744 habent
1123 1687 1210 1744 Codd.
1227 1688 1310 1745 Bern.

274 1774 317 1830 Crr.
331 1780 358 1833 8.
376 1775 444 1832 Oxx.
461 1789 488 1832 et
505 1778 646 1845 Vossiani,
676 1777 746 1835 Edd.
761 1777 846 1833 Paris.
863 1797 885 1832 s.
904 1797 929 1832 a.
951 1777 1079 1832 Dauentr.
1099 1779 1180 1832 llll.
1197 1785 1246 1830 vet.
1265 1794 1308 1846 ap.

220 1904 222 1919 ,
273 1863 366 1920 Meusel.
384 1864 453 1933 (nial
471 1865 546 1938 quod
574 1865 678 1921 exhibet
695 1885 749 1920 uon
770 1865 841 1918 euim
857 1867 915 1933 eet)
940 1874 966 1920 et
990 1864 1055 1919 inde
1072 1884 1087 1919 a
1106 1864 1186 1919 Grut.
1207 1882 1308 1918 omnes.

221 1996 224 2001 .
274 1950 381 2026 Reliquos
398 1952 482 2008 libros
499 1965 616 2026 occupat
635 1972 747 2026 pravum
764 1952 831 2006 illud
850 1953 922 2009 tole,
945 1951 992 2005 sed
1017 1970 1073 2005 non
1093 1970 1149 2004 nno
1175 1950 1237 2006 loco
1261 1970 1309 2005 eo-

274 2037 367 2112 denque
376 2039 505 2112 positum,
521 2053 552 2096 ut
569 2041 659 2114 tnagis,
670 2040 750 2095 etiam
769 2039 887 2112 glossam
904 2056 1042 2110 agnoscas.
1080 2037 1127 2093 Sic
1137 2036 1216 2093 Suer.
1227 2039 1307 2093 Drsd.

222 2144 227 2203 ξ
274 2129 325 2184 ll.
341 2140 367 2184 et
386 2128 460 2184 Gud.
478 2128 511 2183 B.
529 2127 629 2184 habent
645 2148 698 2184 uon
714 2128 785 2182 enim
803 2126 862 2180 tole
879 2137 936 2193 eet,
953 2124 1026 2180 Gud.
1036 2123 1068 2180 B.
1085 2144 1139 2180 noa
1155 2126 1225 2180 enim
1242 2126 1308 2190 tole,

223 2206 228 2289 ξ
275 2215 350 2271 omisso
368 2227 419 2271 eet.
456 2216 488 2270 M
495 2237 518 2273 r.
1126 2237 1129 2246 ‘

225 2374 228 2379 .
330 2314 367 2364 tJr
385 2310 415 2362 in
433 2327 496 2362 orne
511 2309 576 2380 poni
590 2311 677 2380 pessit
687 2313 706 2381 ,]
734 2315 784 2377 „In
801 2314 936 2379 arcem,
958 2308 1106 2384 quinque..
1132 2312 1168 2363 Iu
1184 2328 1247 2363 aros
1268 2329 1307 2367 sc.

226 2460 232 2475 „
277 2393 439 2452 tiberianam
459 2397 533 2453 Ald.
549 2397 638 2453 Man.
674 2397 763 2466 „Cod.
780 2399 877 2454 Duisb.
893 2399 923 2452 in
943 2400 1068 2460 oredo,
1085 2397 1181 2456 Cena.
1198 2400 1308 2465 inerte,

226 2482 229 2489 ’
277 2480 328 2540 liud.
344 2489 370 2542 3.
386 2486 417 2538 in
434 2502 563 2554 arcem,
581 2484 640 2542 Cre.
658 2489 685 2542 d.
703 2485 785 2540 Drsd.
803 2488 829 2540 1.
847 2496 880 2538 ut
898 2505 988 2551 orco,
1015 2486 1114 2540 omisso
1132 2487 1169 2541 in.
1188 2486 1307 2543 Drsd.8.

275 2568 294 2622 t'o
305 2590 362 2626 erce
378 2574 519 2644 reponi:
538 2593 595 2629 non
613 2573 702 2641 male,
718 2573 741 2628 ei
760 2573 851 2646 plures
869 2584 896 2627 et
919 2573 1046 2627 meliores
1062 2573 1226 2629 addicerent.
1243 2575 1306 2630 Mr.

227 2670 232 2703 ·'
327 2660 413 2732 Quasi
430 2660 482 2713 illa
491 2661 617 2716 Minerua
627 2662 756 2732 Phidiae]
774 2661 840 2727 „illo
850 2661 978 2714 Minerva
989 2661 1060 2729 (sine
1074 2661 1214 2730 Phidiae),
1229 2681 1308 2717 unus.

220 2749 230 2796 ἐ
275 2746 314 2800 Illo
329 2749 402 2804 abest
418 2749 453 2803 ab
472 2768 538 2805 uno.
584 2750 705 2806 Minerva
723 2750 835 2805 Phidiae
860 2769 890 2803 ex
909 2769 980 2804 aere.
1027 2749 1097 2803 Plin.
1122 2749 1170 2804 tib.
1186 2750 1306 2819 xxxtv,

220 2847 230 2894 t
275 2851 317 2909 cap.
329 2841 353 2893 8.
370 2856 436 2892 nam
454 2836 536 2892 aliam
554 2857 611 2894 non
629 2839 666 2896 ita
683 2840 821 2895 laudatam
840 2838 942 2893 fecerat
957 2859 987 2893 er
1005 2839 1096 2893 ebore.
1134 2839 1238 2895 Plinius
1254 2840 1308 2894 ibi-

224 2949 228 2956 ·
274 2922 359 2982 demet
375 2925 424 2980 lib·
441 2926 562 2994 XXXVI,
581 2933 677 3000 cep.5.
695 2928 765 2981 Vide
784 2926 855 2981 Plut.
875 2926 905 2980 in
921 2926 1036 2995 Pericle,
1054 2926 1240 2999 Thucydidem
1260 2928 1307 2982 tib.

273 3007 295 3067 ll
323 3013 484 3070 Pannoniam
500 3024 529 3069 et
545 3012 604 3070 Cic.
620 3014 649 3067 in
667 3014 748 3069 Tuec.
770 3013 880 3082 Quaest.
897 3025 924 3068 et
941 3013 1022 3069 Arist.
1034 3014 1071 3068 de
1080 3014 1221 3071 Mundof‘».
1233 3014 1306 3070 ΑΜ.

224 3111 245 3124 ”
273 3096 338 3159 blan.
370 3102 482 3156 Phidias
498 3102 642 3157 statuarius
658 3103 724 3171 diis,
740 3122 822 3176 quam
840 3102 1008 3169 bominibus,
1037 3102 1185 3157 efficiendis
1211 3103 1308 3157 melior

272 3190 349 3244 arh'ler
362 3189 488 3244 traditur.
531 3189 561 3242 ln
579 3190 660 3243 ebore
679 3209 742 3245 vero
759 3190 842 3263 longe
867 3190 935 3245 citra
958 3190 1109 3258 aemulum,
1134 3190 1175 3244 vel
1196 3192 1218 3245 ei
1242 3190 1307 3245 nihil

272 3275 306 3330 uisi
322 3276 472 3332 Minervam
490 3276 601 3331 Athenis
618 3289 664 3332 aut
673 3278 834 3351 Olympium
852 3278 882 3332 in
900 3278 977 3333 Elide
988 3278 1077 3332 lovem
1095 3278 1212 3333 lecisset:
1231 3281 1307 3335 cuius

271 3364 424 3433 pulchritudo
434 3365 572 3421 adiecisse
589 3365 691 3439 aliquid
708 3367 789 3422 etiam
803 3376 929 3438 receptae
951 3365 1076 3435 religioni
1097 3365 1213 3433 videtur,
1239 3368 1307 3422 adeo

270 3454 372 3509 maiestas
390 3454 481 3527 operis
498 3454 578 3508 deum
597 3456 728 3527 aequarit.
765 3455 853 3509 Autor
871 3465 910 3508 est
927 3452 1111 3522 Quintilianus
1128 3452 1174 3506 lib.
1184 3457 1227 3507 12.
1259 3453 1307 3508 ci-

270 3556 318 3595 cero
333 3543 361 3597 in
379 3542 452 3596 libro
472 3543 506 3596 de
524 3540 641 3597 Oratore
659 3542 694 3597 ad
711 3543 827 3597 Brutum
843 3553 925 3613 negat
942 3540 1053 3595 Phidiae
1066 3542 1148 3613 signis
1162 3541 1306 3615 quiequam

270 3624 343 3686 in'illn
356 3650 457 3704 genere
468 3631 550 3685 sideri
569 3632 720 3704 perlectiun
755 3631 807 3686 llic
823 3631 942 3703 speeiem
959 3629 1000 3683 sni
1009 3628 1147 3702 Minervae
1163 3631 1193 3684 in
1211 3629 1307 3703 clypeo

270 3715 373 3788 inclusit,
391 3739 455 3775 cum
472 3718 619 3775 inscribere
637 3739 693 3774 non
712 3719 819 3787 liceret,
839 3730 869 3773 ut
885 3719 922 3773 ait
940 3716 1036 3774 Cicero
1054 3707 1268 3772 Tusculanarum
1279 3723 1305 3779 1.

270 3806 323 3859 llam
338 3809 426 3882 eiquie
443 3808 625 3872 desolo-isset,
642 3808 825 3861 collocationis
843 3807 995 3859 urriversom
1012 3804 1125 3875 speciem
1142 3805 1307 3872 sustulisset,

270 3902 290 3946 ut
303 3895 336 3950 ait
351 3896 425 3949 idem
443 3894 514 3949 libro
532 3895 566 3950 de
583 3894 700 3950 Oratore
717 3896 751 3949 ad
770 3895 912 3949 Brutum.“
931 3894 1005 3947 Frc.
1022 3892 1154 3966 hylc-
1173 3893 1307 3961 „Prover-

270 3978 322 4035 biale
339 3982 469 4055 quiddam
487 3981 598 4037 redolet.
632 3982 742 4038 Aristot.
761 3983 794 4036 de
812 3981 918 4036 Mundo
936 3991 963 4036 et
980 3979 1037 4035 Cic.
1055 3981 1151 4036 Tusco.
1170 3983 1197 4035 1.
1224 3982 1307 4039 daea

270 4071 379 4127 sctibunt.
415 4070 493 4125 Hanc
511 4070 661 4124 Mineruam
678 4066 783 4138 Ὑγείαν
801 4070 874 4125 Plut.
889 4070 918 4123 in
928 4069 1032 4124 Pericle
1051 4069 1236 4141 cognominat.
1252 4070 1306 4125 Ce-

270 4153 390 4215 lehrnntnr
407 4179 423 4214 a
441 4158 531 4214 Plinio
548 4170 575 4214 et
592 4159 723 4214 Pausania
742 4160 822 4214 etiam
844 4158 911 4212 aliae
928 4157 1082 4225 Minervae,
1111 4178 1177 4230 quas
1200 4158 1307 4212 Phidiae

271 4242 332 4315 lecit,
349 4266 414 4319 prae
432 4246 528 4301 ceteris
544 4264 623 4316 rero,
656 4266 724 4320 quae
750 4247 777 4302 in
796 4246 968 4302 Parthenone
993 4246 1095 4318 templo
1121 4246 1207 4317 posita
1229 4244 1306 4299 luit.“

271 4328 344 4403 Xyst.
361 4333 474 4390 Retul.
509 4334 635 4401 „Phidias
652 4336 812 4391 architectus
822 4346 848 4390 et
859 4335 1001 4389 statuarius
1012 4335 1179 4406 temporibus
1187 4333 1306 4401 Periclis,

220 4476 222 4481 ,
272 4420 329 4475 cuius
345 4421 502 4478 auctoritate
519 4422 630 4478 Athenis
649 4423 763 4495 plurima
785 4424 849 4480 fecit
867 4444 966 4496 opera,
992 4424 1020 4478 in
1039 4422 1079 4476 bie
1097 4420 1254 4493 palmariam
1272 4424 1307 4478 il-

220 4570 222 4579 ,
274 4503 313 4562 laur
328 4511 465 4567 Minervae
482 4520 612 4580 statuam,
631 4532 701 4585 quae
719 4512 747 4568 in
766 4527 827 4569 aree
845 4511 1002 4570 Atheniensi
1020 4508 1135 4583 reposita
1153 4522 1199 4565 est.
1234 4510 1306 4568 Sen-
