3517 5450
405 734 452 808 82
754 760 926 806 ventuosi
958 761 1155 809 sroroouust.
1195 793 1197 797 -

408 921 556 976 cutionem=
575 918 611 985 „i
630 939 652 973 e.
674 929 778 989 urgent.
800 918 860 973 vid.
880 917 986 973 schulz.
1006 920 1067 973 Lex.
1084 916 1173 975 Cios.
1187 931 1283 975 tenere.
1304 920 1441 989 Phittvp.

408 1010 440 1062 de
465 1009 545 1061 Finn.
564 1007 610 1072 lV,
630 1010 675 1059 28:
710 1016 808 1077 urgent
835 1017 941 1074 tomen,
970 1008 1040 1059 nihil
1063 1012 1223 1069 remittunt‚·
1255 1027 1316 1060 mor
1349 1008 1440 1061 ibidem:

410 1095 497 1150 Verbo
514 1093 646 1147 mordicus
665 1097 782 1148 tenent.“
818 1092 861 1145 td
888 1095 967 1147 verba
994 1105 1174 1167 accurateque
1204 1095 1357 1167 defendunt
1379 1096 1442 1168 Wyt·

406 1183 562 1238 tenbnchius
586 1183 613 1235 in
638 1180 734 1234 scholis
756 1181 876 1234 dictavit:
901 1181 988 1246 „lllud
1018 1192 1145 1234 accurate
1166 1180 1246 1237 habet
1269 1181 1384 1255 aliquam
1406 1183 1442 1234 du·

406 1271 576 1334 bitationem,
594 1280 623 1324 ut
642 1266 739 1323 Cicero
758 1267 868 1322 fortasse
896 1268 972 1321 aliter
990 1270 1125 1341 scripsisse
1152 1270 1297 1325 videatur.“
1342 1268 1400 1340 Qua
1420 1271 1442 1323 de

406 1380 450 1427 re,
478 1359 551 1432 quod
581 1358 610 1410 in
635 1355 774 1425 specimine
799 1356 914 1408 secundo
939 1356 1126 1425 Symbolurum
1154 1359 1317 1411 Criticnrum
1346 1361 1382 1409 od
1405 1360 1440 1410 cic.

405 1447 531 1517 (Ulmae,
551 1447 630 1499 1828.
648 1448 675 1498 4.
693 1464 718 1515 p.
737 1446 753 1498 6
771 1442 825 1514 sq.)
843 1455 1041 1499 commentatus
1059 1464 1127 1513 sum,
1147 1465 1208 1500 curn
1230 1465 1287 1500 non
1300 1445 1440 1518 displicuisse

407 1537 526 1590 vidissem
547 1529 698 1596 nonnullis,
718 1532 865 1602 quidese
887 1531 1114 1587 commentatione
1134 1531 1264 1587 iudicium
1283 1532 1409 1601 fecerunt,
1422 1534 1439 1585 ii

406 1627 555 1680 Excursnm
575 1631 699 1693 quartum
715 1618 833 1685 conieci,
861 1634 962 1691 eaque,
990 1639 1060 1691 quae
1078 1620 1226 1675 adiicienda
1246 1621 1299 1675 sisa
1317 1633 1391 1688 sunt,
1407 1619 1439 1674 sd·

405 1714 471 1769 didi.
508 1712 568 1765 ΜΓ.

478 1803 554 1870 Quos
572 1799 638 1850 milti
656 1797 762 1870 quidem
787 1814 837 1847 vox
854 1796 989 1864 pecudum
1009 1797 1117 1850 videtur
1134 1799 1217 1866 esse,]
1244 1798 1313 1851 cod.
1339 1796 1436 1851 Gudl.

406 1907 462 1942 esse
480 1888 596 1941 videtur.
639 1886 696 1938 Vox
720 1884 785 1935 milri
803 1883 877 1937 abest
900 1902 916 1934 n
946 1882 1014 1937 Cod.
1034 1883 1106 1940 Gud.
1125 1884 1157 1940 B.
1182 1896 1243 1957 post
1259 1906 1344 1960 quoe,
1367 1897 1391 1940 et
1409 1886 1437 1936 in·

406 1980 472 2031 iectu
490 1974 683 2046 possidetur,
701 1983 731 2026 ut
748 1972 776 2025 in
797 1971 877 2025 Drsd.
898 1976 931 2037 43
949 1971 977 2025 in
995 1973 1075 2027 Drsd.
1093 1978 1119 2028 6.
1138 1973 1217 2046 plane
1234 1974 1323 2042 deest,
1350 1986 1375 2028 et
1390 1973 1436 2027 sed·

406 2066 478 2119 bitur
499 2063 626 2135 pecudis‚·
654 2062 683 2114 in
701 2059 761 2115 Cur.
777 2065 803 2114 2.
822 2070 848 2114 et
866 2060 973 2114 Suerin.
991 2063 1056 2113 milii
1075 2063 1183 2115 videtur
1200 2082 1256 2116 esse
1266 2084 1276 2124 ,-
1296 2063 1386 2119 Duisb.
1401 2079 1435 2114 vos

404 2163 436 2204 et
453 2152 591 2221 pecudum.
629 2148 671 2202 td
689 2148 847 2202 sententiam
865 2148 901 2203 cf.
911 2148 1072 2215 Laetum:
1090 2152 1132 2204 At
1150 2152 1179 2216 ii,
1197 2151 1244 2223 qui
1253 2153 1382 2221 pecudum
1396 2150 1434 2202 ritu

404 2241 444 2291 od
460 2240 626 2307 voluptatem
645 2238 734 2290 omnio
751 2234 890 2307 referunt.
907 2238 986 2310 longe
1009 2238 1189 2300 dissentiunb·
1208 2239 1245 2293 ib.
1264 2242 1291 2307 6,
1308 2245 1355 2294 20:
1372 2235 1434 2291 Multi

405 2328 488 2380 etiam
510 2325 664 2394 voluptates
682 2325 885 2395 [praeponunt]
929 2325 1078 2379 Belcarum
1105 2327 1154 2381 doc
1180 2327 1289 2399 quidem
1312 2338 1432 2380 extremus

405 2428 455 2471 est.
491 2414 534 2468 De
552 2413 631 2467 Finn.
650 2412 683 2478 ll,
702 2414 749 2467 33:
768 2412 847 2464 aliud
865 2413 932 2485 quid
948 2413 1095 2468 bominis
1114 2435 1245 2469 summum
1271 2414 1365 2469 bonum
1379 2430 1432 2482 reps-

405 2504 525 2557 riendum
542 2513 598 2555 est:
617 2502 785 2571 voluptutem
805 2500 934 2554 bestiis
953 2502 1137 2558 concedamus.
1155 2503 1216 2557 ΜΓ.

478 2594 535 2654 Tu,
554 2609 637 2662 quum
663 2588 713 2640 rttn·
730 2589 787 2641 siue
806 2589 885 2653 deus,
904 2590 960 2640 siue
979 2601 1065 2644 muter
1083 2593 1129 2660 -—]
1158 2590 1226 2647 Cod.
1246 2592 1296 2647 Os.
1315 2613 1343 2656 ψ.
1360 2604 1430 2644 tnnn

405 2679 463 2735 tibi.
500 2677 624 2751 Scriptus
641 2677 710 2731 eod.
728 2678 787 2731 Cre.
799 2681 826 2730 2.
845 2676 918 2730 aliud
934 2678 991 2750 egit
1010 2698 1071 2734 cum
1091 2680 1232 2736 scriberet:
1254 2685 1303 2734 Tu
1323 2681 1430 2755 quiden

405 2789 475 2822 cum
492 2767 561 2821 sibi
578 2768 659 2818 deus
678 2764 743 2816 tibi
760 2766 843 2818 deus
862 2776 894 2817 tu
914 2786 975 2818 cum
993 2768 1044 2820 tibi
1061 2770 1116 2822 sive
1136 2770 1217 2834 deses,
1235 2771 1292 2822 sive
1308 2782 1387 2821 nsoter
1400 2794 1429 2815 -·

405 2857 457 2911 Sed
476 2855 527 2909 alia
546 2873 641 2908 manus
659 2855 744 2908 rubro
761 2854 852 2909 colore
862 2854 957 2910 delevit
968 2875 1045 2911 voces
1058 2868 1161 2928 septem
1176 2856 1287 2928 priores.
1312 2854 1428 2910 Moriden

367 2973 372 2982 ·
405 2945 507 3000 exbibet
524 2954 627 2996 notura
643 2944 759 2996 omnium
777 2962 865 3011 nrum
884 2962 947 2998 cum
965 2942 1038 2998 Gud.
1057 2947 1090 2998 A.
1128 2946 1230 2999 Vocem
1249 2940 1428 3013 omniumlornit-

404 3033 436 3087 tit
454 3030 555 3097 0¹.E.,
574 3031 646 3102 quod
665 3030 750 3085 multo
770 3031 864 3085 melius
881 3043 921 3085 est
938 3032 983 3086 illa
1004 3033 1194 3088 vocabulorum
1214 3032 1375 3087 contusione.
1400 3026 1428 3081 lt
1459 3023 1464 3086 l

406 3140 497 3174 vocem
517 3129 602 3169 muter
621 3117 682 3171 Ald.
701 3117 806 3172 Manui.
825 3119 910 3185 hane,
930 3121 1000 3192 piam
1020 3120 1135 3186 scilicet,
1162 3107 1362 3176 annotationem
1377 3115 1427 3170 sdis-
1459 3089 1464 3202 l

404 3208 454 3261 cit:
473 3205 646 3277 „Aliquando
663 3209 806 3260 ιιονετοειέι
824 3236 858 3246 -
896 3208 983 3264 codd.
1002 3209 1068 3263 On.
1087 3208 1118 3261 E.
1136 3209 1169 3262 N.
1187 3208 1222 3262 U.
1249 3210 1324 3261 dedit
1341 3204 1427 3281 prode
1459 3205 1464 3272 ¹}

405 3295 488 3360 derit,
505 3294 599 3347 Duisb.
620 3294 760 3348 dederunt.
796 3296 864 3350 eod.
884 3295 944 3350 Cn.
963 3302 994 3351 2:
1012 3299 1103 3351 nihil
1122 3297 1257 3364 divinius,
1276 3316 1328 3371 pro
1345 3308 1426 3366 neque
1463 3279 1464 3290 ¹

404 3383 529 3439 divinius.
566 3380 616 3435 Os.
635 3398 659 3436 o.
677 3392 705 3435 et
723 3381 794 3436 Gud.
812 3383 842 3437 B.
869 3396 953 3457 atque
980 3405 1030 3458 pro
1049 3404 1151 3458 neque,·
1180 3382 1253 3444 Gud.
1274 3385 1307 3439 Α.
1324 3383 1354 3438 Β.
1370 3378 1426 3436 ornit-

402 3482 462 3525 tunt
480 3482 521 3522 est
542 3482 602 3541 post
620 3471 706 3536 nihil,
725 3470 801 3541 prior
819 3472 885 3526 duas
903 3492 980 3528 voees
998 3492 1082 3547 neque
1101 3473 1228 3526 divinius.
1247 3472 1309 3525 Me.

473 3558 528 3608 sive
547 3558 627 3621 deus,
652 3557 760 3610 sive-
780 3563 897 3626 notura]
922 3562 1005 3616 Recte
1034 3572 1127 3615 monet
1150 3559 1234 3633 Borg.
1263 3581 1278 3614 e
1301 3560 1425 3616 stoicorum

402 3642 542 3714 disciplina
561 3644 639 3696 deum
657 3644 739 3699 modo
759 3647 899 3713 mundum,
916 3648 997 3703 modo
1016 3659 1145 3703 noturnrn
1154 3649 1306 3704 nominari:
1324 3643 1424 3703 collcst·

402 3750 438 3784 m.
459 3734 503 3797 ts,
523 3734 571 3786 39:
596 3750 707 3804 cumque
724 3733 825 3786 nomini
841 3735 898 3788 sive
915 3746 1018 3789 notura
1037 3738 1093 3790 sive
1111 3738 1173 3809 quis
1198 3738 1264 3791 deus
1282 3737 1352 3790 nillil
1365 3739 1424 3787 nette

380 3849 385 3856 ·
400 3817 595 3891 praestabilius
613 3820 743 3883 dedisset,
760 3822 825 3875 tinto
842 3823 933 3877 divino
951 3826 1053 3877 muneri
1070 3826 1140 3877 nihii
1162 3843 1219 3878 esse
1236 3836 1296 3877 tom
1313 3823 1425 3878 ironicus.

403 3925 484 3979 quom
502 3905 684 3975 voluptatem,
707 3907 740 3960 de
758 3908 791 3963 N.
811 3909 845 3963 D.
865 3911 886 3977 l,
904 3914 947 3978 14,
967 3915 1010 3967 st.
1031 3901 1165 3966 ¹Turneb.
1191 3912 1226 3966 ad
1245 3912 1303 3968 cte.
1323 3913 1354 3966 de
1368 3908 1424 3977 laesst.

402 3996 423 4061 l,
443 3999 469 4049 6.
488 4013 514 4066 p.
533 3997 595 4049 646.
614 3991 655 4047 ed.
674 4006 757 4049 nostr.
776 3996 1000 4054 Tiedemann.
1038 3998 1107 4071 Syst.
1128 4000 1155 4054 d.
1174 3998 1290 4054 Stoisclr.
1307 3997 1394 4054 Philos.
1405 3989 1425 4044 ll·

401 4106 428 4157 p.
448 4085 501 4138 186
520 4102 579 4154 sqq.
614 4079 635 4134 l.
665 4082 779 4155 Lipsii
813 4084 930 4157 Physiol.
965 4085 1049 4142 Stoic.
1080 4088 1100 4154 l,
1119 4091 1145 4141 6.
1171 4107 1199 4158 ρ.
1225 4089 1381 4142 stt-stt.
1399 4077 1426 4132 tl·

401 4172 490 4226 Vesal.
508 4170 541 4224 T.
560 4169 605 4223 lV.
640 4169 698 4222 Mc.

472 4259 512 4311 sic
545 4267 572 4308 ts
598 4258 654 4327 ipse
679 4256 789 4311 abiis-ies
806 4271 891 4332 utque
917 4271 1071 4331 prosternes
1079 4261 1097 4327 ‚]
1130 4258 1217 4315 Codd.
1237 4260 1305 4315 011.
1331 4259 1363 4313 U.
1379 4263 1427 4325 'pl‘
1461 4300 1464 4322 2

402 4347 530 4416 ipsum,
548 4364 611 4399 eum
631 4344 711 4398 Drsd.
730 4349 756 4399 6.
775 4344 807 4399 ln
825 4351 884 4403 Cri.
895 4354 920 4403 2.
942 4360 980 4403 est
997 4352 1036 4403 sic
1055 4360 1081 4401 te
1100 4347 1209 4403 obiicies
1222 4351 1313 4420 ipsum
1320 4369 1330 4411 ,·
1350 4342 1429 4400 cml.
1454 4327 1464 4354 ¹

401 4433 485 4484 sicto
509 4432 623 4501 ipsum
643 4433 815 4501 proiicies
843 4447 927 4509 etque
951 4448 1120 4508 prosternes,
1145 4456 1210 4492 oum
1235 4436 1330 4512 glossis
1355 4429 1429 4507 prstlt²

401 4536 524 4569 amoveas
542 4530 624 4591 atque
641 4519 768 4589 depones,
784 4540 862 4588 supra
882 4522 944 4587 lin.;
964 4522 1023 4576 cn.
1034 4528 1059 4579 3.
1079 4523 1177 4577 obicies
1195 4528 1238 4591 (ex
1255 4523 1375 4586 teletus).
1404 4511 1431 4569 dl
