<?xml version="1.0" encoding="UTF-8"?>
<!DOCTYPE html PUBLIC "-//W3C//DTD XHTML 1.0 Transitional//EN"
    "http://www.w3.org/TR/xhtml1/DTD/xhtml1-transitional.dtd">
<html xmlns="http://www.w3.org/1999/xhtml" xml:lang="en" lang="en">
 <head>
  <title>
</title>
<meta http-equiv="Content-Type" content="text/html;charset=utf-8" />
  <meta name='ocr-system' content='tesseract 3.04.00' />
  <meta name='ocr-capabilities' content='ocr_page ocr_carea ocr_par ocr_line ocrx_word'/>
</head>
<body>
  <div class='ocr_page' id='page_1' title='image "./mtulliiciceroni15cicegoog_0303.png"; bbox 0 0 3517 5450; ppageno 0'>
   <div class='ocr_carea' id='block_1_1' title="bbox 581 744 1305 817">
    <p class='ocr_par' dir='ltr' id='par_1_1' title="bbox 581 744 1305 817">
     <span class='ocr_line' id='line_1_1' title="bbox 581 744 1305 817; baseline 0.007 -5"><span class='ocrx_word' id='word_1_1' title='bbox 581 766 774 814; x_wconf 75' lang='lat' dir='ltr'>rautnoxuu</span> <span class='ocrx_word' id='word_1_2' title='bbox 795 769 824 814; x_wconf 87' lang='lat' dir='ltr'>v.</span> <span class='ocrx_word' id='word_1_3' title='bbox 853 769 922 815; x_wconf 78' lang='lat' dir='ltr'>car.</span> <span class='ocrx_word' id='word_1_4' title='bbox 942 769 991 815; x_wconf 81' lang='lat' dir='ltr'>tu.</span> <span class='ocrx_word' id='word_1_5' title='bbox 1232 744 1305 817; x_wconf 85' lang='lat'>257</span> 
     </span>
    </p>
   </div>
   <div class='ocr_carea' id='block_1_2' title="bbox 233 921 1305 4518">
    <p class='ocr_par' dir='ltr' id='par_1_2' title="bbox 253 921 1305 1246">
     <span class='ocr_line' id='line_1_2' title="bbox 258 921 1303 1000; baseline 0.004 -26"><span class='ocrx_word' id='word_1_6' title='bbox 258 921 309 974; x_wconf 85' lang='lat' dir='ltr'>Cre.</span> <span class='ocrx_word' id='word_1_7' title='bbox 327 924 353 977; x_wconf 78' lang='lat' dir='ltr'>d.</span> <span class='ocrx_word' id='word_1_8' title='bbox 372 923 485 988; x_wconf 68' lang='lat' dir='ltr'>nonnos,</span> <span class='ocrx_word' id='word_1_9' title='bbox 503 932 533 978; x_wconf 92' lang='lat' dir='ltr'>ut</span> <span class='ocrx_word' id='word_1_10' title='bbox 552 925 663 981; x_wconf 80' lang='lat' dir='ltr'>voluisse</span> <span class='ocrx_word' id='word_1_11' title='bbox 683 927 801 980; x_wconf 84' lang='lat' dir='ltr'>rideatur</span> <span class='ocrx_word' id='word_1_12' title='bbox 819 928 943 980; x_wconf 74' lang='lat' dir='ltr'>domines.</span> <span class='ocrx_word' id='word_1_13' title='bbox 989 927 1061 980; x_wconf 90' lang='lat' dir='ltr'>ldem</span> <span class='ocrx_word' id='word_1_14' title='bbox 1077 928 1143 980; x_wconf 86' lang='lat' dir='ltr'>scite</span> <span class='ocrx_word' id='word_1_15' title='bbox 1162 947 1211 1000; x_wconf 89' lang='lat' dir='ltr'>pro</span> <span class='ocrx_word' id='word_1_16' title='bbox 1230 929 1303 981; x_wconf 85' lang='lat' dir='ltr'>seire.</span> 
     </span>
     <span class='ocr_line' id='line_1_3' title="bbox 257 1008 1304 1085; baseline 0.006 -25"><span class='ocrx_word' id='word_1_17' title='bbox 257 1008 330 1063; x_wconf 81' lang='lat' dir='ltr'>llred.</span> <span class='ocrx_word' id='word_1_18' title='bbox 346 1013 374 1065; x_wconf 77' lang='grc'>1.</span> <span class='ocrx_word' id='word_1_19' title='bbox 394 1011 522 1064; x_wconf 78' lang='lat' dir='ltr'>videntur</span> <span class='ocrx_word' id='word_1_20' title='bbox 538 1023 571 1065; x_wconf 87' lang='lat' dir='ltr'>et</span> <span class='ocrx_word' id='word_1_21' title='bbox 590 1016 720 1068; x_wconf 85' lang='lat' dir='ltr'>timentur</span> <span class='ocrx_word' id='word_1_22' title='bbox 736 1014 853 1085; x_wconf 86' lang='lat' dir='ltr'>(omissis</span> <span class='ocrx_word' id='word_1_23' title='bbox 866 1015 979 1082; x_wconf 87' lang='lat' dir='ltr'>mediis).</span> <span class='ocrx_word' id='word_1_24' title='bbox 1016 1015 1071 1067; x_wconf 89' lang='lat' dir='ltr'>Pro</span> <span class='ocrx_word' id='word_1_25' title='bbox 1089 1017 1220 1066; x_wconf 84' lang='lat' dir='ltr'>timentur</span> <span class='ocrx_word' id='word_1_26' title='bbox 1238 1033 1304 1067; x_wconf 91' lang='lat' dir='ltr'>con·</span> 
     </span>
     <span class='ocr_line' id='line_1_4' title="bbox 254 1097 1305 1172; baseline 0.006 -23"><span class='ocrx_word' id='word_1_27' title='bbox 254 1097 297 1150; x_wconf 86' lang='lat' dir='ltr'>ieci</span> <span class='ocrx_word' id='word_1_28' title='bbox 318 1098 466 1172; x_wconf 89' lang='lat' dir='ltr'>aliquando</span> <span class='ocrx_word' id='word_1_29' title='bbox 484 1100 602 1154; x_wconf 85' lang='lat' dir='ltr'>timendi.</span> <span class='ocrx_word' id='word_1_30' title='bbox 639 1103 718 1158; x_wconf 90' lang='lat' dir='ltr'>Nunc</span> <span class='ocrx_word' id='word_1_31' title='bbox 734 1104 810 1158; x_wconf 82' lang='lat' dir='ltr'>istem</span> <span class='ocrx_word' id='word_1_32' title='bbox 831 1122 894 1158; x_wconf 88' lang='lat' dir='ltr'>cum</span> <span class='ocrx_word' id='word_1_33' title='bbox 908 1102 1124 1157; x_wconf 71' lang='lat' dir='ltr'>antecedentibus</span> <span class='ocrx_word' id='word_1_34' title='bbox 1142 1102 1305 1155; x_wconf 86' lang='lat' dir='ltr'>convenien—</span> 
     </span>
     <span class='ocr_line' id='line_1_5' title="bbox 253 1189 881 1246; baseline 0.005 -5"><span class='ocrx_word' id='word_1_35' title='bbox 253 1189 311 1241; x_wconf 92' lang='lat' dir='ltr'>tiam</span> <span class='ocrx_word' id='word_1_36' title='bbox 332 1189 444 1242; x_wconf 91' lang='lat' dir='ltr'>nonita</span> <span class='ocrx_word' id='word_1_37' title='bbox 464 1189 639 1242; x_wconf 89' lang='lat' dir='ltr'>necessariam</span> <span class='ocrx_word' id='word_1_38' title='bbox 657 1192 784 1246; x_wconf 82' lang='lat' dir='ltr'>existimo.</span> <span class='ocrx_word' id='word_1_39' title='bbox 823 1191 881 1244; x_wconf 88' lang='lat' dir='ltr'>Mr.</span> 
     </span>
    </p>

    <p class='ocr_par' dir='ltr' id='par_1_3' title="bbox 243 1276 1305 2932">
     <span class='ocr_line' id='line_1_6' title="bbox 320 1276 1305 1352; baseline 0.004 -26"><span class='ocrx_word' id='word_1_40' title='bbox 320 1276 409 1328; x_wconf 80' lang='lat' dir='ltr'>Iudex</span> <span class='ocrx_word' id='word_1_41' title='bbox 428 1278 500 1345; x_wconf 77' lang='lat' dir='ltr'>vero]</span> <span class='ocrx_word' id='word_1_42' title='bbox 537 1277 711 1349; x_wconf 80' lang='lat' dir='ltr'>„Legendum</span> <span class='ocrx_word' id='word_1_43' title='bbox 738 1289 832 1352; x_wconf 89' lang='lat' dir='ltr'>putant</span> <span class='ocrx_word' id='word_1_44' title='bbox 856 1279 928 1332; x_wconf 90' lang='lat' dir='ltr'>docti</span> <span class='ocrx_word' id='word_1_45' title='bbox 957 1277 1066 1349; x_wconf 88' lang='lat' dir='ltr'>quidam</span> <span class='ocrx_word' id='word_1_46' title='bbox 1093 1277 1203 1328; x_wconf 81' lang='lat' dir='ltr'>Index</span> <span class='ocrx_word' id='word_1_47' title='bbox 1229 1296 1305 1331; x_wconf 83' lang='lat' dir='ltr'>vero:</span> 
     </span>
     <span class='ocr_line' id='line_1_7' title="bbox 250 1363 1305 1435; baseline 0.002 -19"><span class='ocrx_word' id='word_1_48' title='bbox 250 1363 346 1435; x_wconf 90' lang='lat' dir='ltr'>quibus</span> <span class='ocrx_word' id='word_1_49' title='bbox 365 1363 564 1435; x_wconf 81' lang='lat' dir='ltr'>propemodum</span> <span class='ocrx_word' id='word_1_50' title='bbox 583 1364 739 1420; x_wconf 86' lang='lat' dir='ltr'>assentior.“</span> <span class='ocrx_word' id='word_1_51' title='bbox 757 1366 956 1420; x_wconf 84' lang='lat' dir='ltr'>Lambinus.</span> <span class='ocrx_word' id='word_1_52' title='bbox 1006 1365 1091 1418; x_wconf 79' lang='lat' dir='ltr'>Aldus</span> <span class='ocrx_word' id='word_1_53' title='bbox 1107 1364 1220 1419; x_wconf 86' lang='lat' dir='ltr'>Codices</span> <span class='ocrx_word' id='word_1_54' title='bbox 1244 1385 1305 1419; x_wconf 90' lang='lat' dir='ltr'>suns</span> 
     </span>
     <span class='ocr_line' id='line_1_8' title="bbox 249 1451 1303 1525; baseline 0.004 -23"><span class='ocrx_word' id='word_1_55' title='bbox 249 1469 342 1504; x_wconf 90' lang='lat' dir='ltr'>omnes</span> <span class='ocrx_word' id='word_1_56' title='bbox 361 1451 513 1506; x_wconf 87' lang='lat' dir='ltr'>consentire</span> <span class='ocrx_word' id='word_1_57' title='bbox 531 1452 567 1507; x_wconf 87' lang='lat' dir='ltr'>ait</span> <span class='ocrx_word' id='word_1_58' title='bbox 586 1453 613 1506; x_wconf 92' lang='lat' dir='ltr'>in</span> <span class='ocrx_word' id='word_1_59' title='bbox 633 1452 779 1525; x_wconf 76' lang='lat' dir='ltr'>scriptione</span> <span class='ocrx_word' id='word_1_60' title='bbox 797 1455 887 1508; x_wconf 73' lang='lat' dir='ltr'>iudex.</span> <span class='ocrx_word' id='word_1_61' title='bbox 908 1483 942 1492; x_wconf 91' lang='lat'>-</span> <span class='ocrx_word' id='word_1_62' title='bbox 980 1453 1046 1521; x_wconf 88' lang='lat' dir='ltr'>„Sic</span> <span class='ocrx_word' id='word_1_63' title='bbox 1064 1465 1089 1508; x_wconf 89' lang='lat' dir='ltr'>et</span> <span class='ocrx_word' id='word_1_64' title='bbox 1106 1453 1187 1507; x_wconf 78' lang='lat' dir='ltr'>MSS.</span> <span class='ocrx_word' id='word_1_65' title='bbox 1205 1454 1303 1507; x_wconf 86' lang='lat' dir='ltr'>nostri:</span> 
     </span>
     <span class='ocr_line' id='line_1_9' title="bbox 248 1538 1304 1616; baseline 0.003 -24"><span class='ocrx_word' id='word_1_66' title='bbox 248 1557 336 1612; x_wconf 89' lang='lat' dir='ltr'>neque</span> <span class='ocrx_word' id='word_1_67' title='bbox 355 1538 541 1594; x_wconf 88' lang='lat' dir='ltr'>inclinandum</span> <span class='ocrx_word' id='word_1_68' title='bbox 561 1540 589 1593; x_wconf 89' lang='lat' dir='ltr'>in</span> <span class='ocrx_word' id='word_1_69' title='bbox 608 1541 732 1595; x_wconf 81' lang='lat' dir='ltr'>Lambini</span> <span class='ocrx_word' id='word_1_70' title='bbox 751 1542 840 1596; x_wconf 71' lang='lat' dir='ltr'>index.</span> <span class='ocrx_word' id='word_1_71' title='bbox 877 1543 972 1616; x_wconf 88' lang='lat' dir='ltr'>Neque</span> <span class='ocrx_word' id='word_1_72' title='bbox 991 1542 1062 1596; x_wconf 85' lang='lat' dir='ltr'>enim</span> <span class='ocrx_word' id='word_1_73' title='bbox 1081 1543 1161 1594; x_wconf 81' lang='lat' dir='ltr'>index</span> <span class='ocrx_word' id='word_1_74' title='bbox 1180 1542 1304 1596; x_wconf 77' lang='lat' dir='ltr'>timeturz</span> 
     </span>
     <span class='ocr_line' id='line_1_10' title="bbox 247 1625 1302 1704; baseline 0.007 -27"><span class='ocrx_word' id='word_1_75' title='bbox 247 1625 297 1678; x_wconf 89' lang='lat' dir='ltr'>iam</span> <span class='ocrx_word' id='word_1_76' title='bbox 318 1626 392 1679; x_wconf 91' lang='lat' dir='ltr'>enim</span> <span class='ocrx_word' id='word_1_77' title='bbox 412 1630 544 1682; x_wconf 82' lang='lat' dir='ltr'>accusarit</span> <span class='ocrx_word' id='word_1_78' title='bbox 561 1649 639 1683; x_wconf 90' lang='lat' dir='ltr'>suum</span> <span class='ocrx_word' id='word_1_79' title='bbox 658 1648 750 1697; x_wconf 90' lang='lat' dir='ltr'>reum,</span> <span class='ocrx_word' id='word_1_80' title='bbox 768 1630 929 1704; x_wconf 74' lang='lat' dir='ltr'>simulatque</span> <span class='ocrx_word' id='word_1_81' title='bbox 947 1631 1043 1686; x_wconf 88' lang='lat' dir='ltr'>indicis</span> <span class='ocrx_word' id='word_1_82' title='bbox 1066 1650 1167 1685; x_wconf 87' lang='lat' dir='ltr'>nomen</span> <span class='ocrx_word' id='word_1_83' title='bbox 1192 1632 1302 1704; x_wconf 86' lang='lat' dir='ltr'>aceepit.</span> 
     </span>
     <span class='ocr_line' id='line_1_11' title="bbox 247 1710 1304 1792; baseline 0.008 -27"><span class='ocrx_word' id='word_1_84' title='bbox 247 1710 374 1766; x_wconf 90' lang='lat' dir='ltr'>Ceterum</span> <span class='ocrx_word' id='word_1_85' title='bbox 399 1714 480 1786; x_wconf 79' lang='lat' dir='ltr'>digua</span> <span class='ocrx_word' id='word_1_86' title='bbox 499 1716 602 1770; x_wconf 87' lang='lat' dir='ltr'>ridetur</span> <span class='ocrx_word' id='word_1_87' title='bbox 632 1719 769 1773; x_wconf 86' lang='lat' dir='ltr'>notatione</span> <span class='ocrx_word' id='word_1_88' title='bbox 794 1721 928 1791; x_wconf 91' lang='lat' dir='ltr'>scriptura</span> <span class='ocrx_word' id='word_1_89' title='bbox 955 1719 1012 1772; x_wconf 88' lang='lat' dir='ltr'>Pal.</span> <span class='ocrx_word' id='word_1_90' title='bbox 1040 1720 1127 1787; x_wconf 91' lang='lat' dir='ltr'>tertii,</span> <span class='ocrx_word' id='word_1_91' title='bbox 1159 1721 1205 1792; x_wconf 91' lang='lat' dir='ltr'>qui</span> <span class='ocrx_word' id='word_1_92' title='bbox 1231 1731 1304 1773; x_wconf 88' lang='lat' dir='ltr'>tum</span> 
     </span>
     <span class='ocr_line' id='line_1_12' title="bbox 246 1797 1301 1871; baseline 0.007 -19"><span class='ocrx_word' id='word_1_93' title='bbox 246 1797 355 1855; x_wconf 82' lang='lat' dir='ltr'>babet.“</span> <span class='ocrx_word' id='word_1_94' title='bbox 382 1800 522 1858; x_wconf 81' lang='lat' dir='ltr'>Gruter.</span> <span class='ocrx_word' id='word_1_95' title='bbox 566 1804 627 1871; x_wconf 75' lang='lat' dir='ltr'>„At</span> <span class='ocrx_word' id='word_1_96' title='bbox 658 1805 763 1857; x_wconf 84' lang='lat' dir='ltr'>index</span> <span class='ocrx_word' id='word_1_97' title='bbox 788 1825 858 1860; x_wconf 76' lang='lat' dir='ltr'>vero.</span> <span class='ocrx_word' id='word_1_98' title='bbox 896 1806 949 1860; x_wconf 87' lang='lat' dir='ltr'>Sed</span> <span class='ocrx_word' id='word_1_99' title='bbox 968 1807 1020 1861; x_wconf 87' lang='lat' dir='ltr'>sive</span> <span class='ocrx_word' id='word_1_100' title='bbox 1045 1808 1127 1859; x_wconf 80' lang='lat' dir='ltr'>iudex</span> <span class='ocrx_word' id='word_1_101' title='bbox 1149 1809 1202 1862; x_wconf 84' lang='lat' dir='ltr'>sire</span> <span class='ocrx_word' id='word_1_102' title='bbox 1220 1810 1301 1861; x_wconf 78' lang='lat' dir='ltr'>index</span> 
     </span>
     <span class='ocr_line' id='line_1_13' title="bbox 246 1892 1301 1952; baseline 0.008 -11"><span class='ocrx_word' id='word_1_103' title='bbox 246 1899 348 1942; x_wconf 91' lang='lat' dir='ltr'>metum</span> <span class='ocrx_word' id='word_1_104' title='bbox 367 1892 527 1945; x_wconf 81' lang='lat' dir='ltr'>nocentibus</span> <span class='ocrx_word' id='word_1_105' title='bbox 544 1893 668 1947; x_wconf 84' lang='lat' dir='ltr'>incutit.“</span> <span class='ocrx_word' id='word_1_106' title='bbox 687 1894 709 1946; x_wconf 86' lang='lat' dir='ltr'>F</span> <span class='ocrx_word' id='word_1_107' title='bbox 716 1913 785 1948; x_wconf 91' lang='lat' dir='ltr'>acc.</span> <span class='ocrx_word' id='word_1_108' title='bbox 822 1895 910 1948; x_wconf 80' lang='lat' dir='ltr'>Index</span> <span class='ocrx_word' id='word_1_109' title='bbox 928 1894 1008 1949; x_wconf 89' lang='lat' dir='ltr'>habet</span> <span class='ocrx_word' id='word_1_110' title='bbox 1027 1914 1097 1949; x_wconf 90' lang='lat' dir='ltr'>unue</span> <span class='ocrx_word' id='word_1_111' title='bbox 1115 1895 1165 1952; x_wconf 79' lang='lat' dir='ltr'>Or.</span> <span class='ocrx_word' id='word_1_112' title='bbox 1179 1897 1212 1952; x_wconf 91' lang='lat' dir='ltr'>N.</span> <span class='ocrx_word' id='word_1_113' title='bbox 1247 1896 1301 1949; x_wconf 88' lang='lat' dir='ltr'>Pro</span> 
     </span>
     <span class='ocr_line' id='line_1_14' title="bbox 246 1977 1302 2054; baseline 0.003 -23"><span class='ocrx_word' id='word_1_114' title='bbox 246 1977 360 2033; x_wconf 85' lang='lat' dir='ltr'>lectione</span> <span class='ocrx_word' id='word_1_115' title='bbox 377 1979 458 2030; x_wconf 79' lang='lat' dir='ltr'>iudex</span> <span class='ocrx_word' id='word_1_116' title='bbox 485 1980 576 2035; x_wconf 92' lang='lat' dir='ltr'>laudat</span> <span class='ocrx_word' id='word_1_117' title='bbox 601 1981 685 2053; x_wconf 74' lang='lat' dir='ltr'>Borg.</span> <span class='ocrx_word' id='word_1_118' title='bbox 722 1981 877 2036; x_wconf 81' lang='lat' dir='ltr'>Sallustium</span> <span class='ocrx_word' id='word_1_119' title='bbox 904 1981 961 2036; x_wconf 88' lang='lat' dir='ltr'>Cat.</span> <span class='ocrx_word' id='word_1_120' title='bbox 980 1987 1037 2037; x_wconf 83' lang='lat'>14.:</span> <span class='ocrx_word' id='word_1_121' title='bbox 1066 1993 1119 2035; x_wconf 85' lang='lat' dir='ltr'>out</span> <span class='ocrx_word' id='word_1_122' title='bbox 1139 2001 1191 2052; x_wconf 88' lang='lat' dir='ltr'>pro</span> <span class='ocrx_word' id='word_1_123' title='bbox 1210 1983 1302 2054; x_wconf 80' lang='lat' dir='ltr'>furtis</span> 
     </span>
     <span class='ocr_line' id='line_1_15' title="bbox 245 2067 1300 2142; baseline 0.004 -24"><span class='ocrx_word' id='word_1_124' title='bbox 245 2067 417 2120; x_wconf 83' lang='lat' dir='ltr'>iudicium</span> <span class='ocrx_word' id='word_1_125' title='bbox 435 2069 567 2122; x_wconf 83' lang='lat' dir='ltr'>timentes.</span> <span class='ocrx_word' id='word_1_126' title='bbox 603 2069 660 2124; x_wconf 87' lang='lat' dir='ltr'>Nec</span> <span class='ocrx_word' id='word_1_127' title='bbox 681 2088 757 2136; x_wconf 81' lang='lat' dir='ltr'>vero,</span> <span class='ocrx_word' id='word_1_128' title='bbox 778 2089 858 2142; x_wconf 88' lang='lat' dir='ltr'>quem</span> <span class='ocrx_word' id='word_1_129' title='bbox 877 2070 973 2125; x_wconf 80' lang='lat' dir='ltr'>excitat</span> <span class='ocrx_word' id='word_1_130' title='bbox 991 2068 1130 2124; x_wconf 85' lang='lat' dir='ltr'>Ciceronis</span> <span class='ocrx_word' id='word_1_131' title='bbox 1156 2069 1245 2124; x_wconf 88' lang='lat' dir='ltr'>locum</span> <span class='ocrx_word' id='word_1_132' title='bbox 1267 2069 1300 2123; x_wconf 89' lang='lat' dir='ltr'>de</span> 
     </span>
     <span class='ocr_line' id='line_1_16' title="bbox 245 2153 1300 2230; baseline 0.002 -23"><span class='ocrx_word' id='word_1_133' title='bbox 245 2153 310 2227; x_wconf 83' lang='lat' dir='ltr'>llep.</span> <span class='ocrx_word' id='word_1_134' title='bbox 331 2156 375 2222; x_wconf 89' lang='grc' dir='ltr'>ΙΙΙ,</span> <span class='ocrx_word' id='word_1_135' title='bbox 395 2161 447 2223; x_wconf 89' lang='grc'>12,</span> <span class='ocrx_word' id='word_1_136' title='bbox 465 2157 518 2211; x_wconf 88' lang='lat' dir='ltr'>huc</span> <span class='ocrx_word' id='word_1_137' title='bbox 537 2158 684 2230; x_wconf 91' lang='lat' dir='ltr'>quicquam</span> <span class='ocrx_word' id='word_1_138' title='bbox 704 2157 775 2214; x_wconf 82' lang='lat' dir='ltr'>lacit.</span> <span class='ocrx_word' id='word_1_139' title='bbox 823 2157 920 2211; x_wconf 87' lang='lat' dir='ltr'>Melius</span> <span class='ocrx_word' id='word_1_140' title='bbox 939 2157 1058 2211; x_wconf 89' lang='lat' dir='ltr'>Orellius</span> <span class='ocrx_word' id='word_1_141' title='bbox 1084 2157 1164 2211; x_wconf 78' lang='lat' dir='ltr'>affert</span> <span class='ocrx_word' id='word_1_142' title='bbox 1189 2157 1245 2210; x_wconf 86' lang='lat' dir='ltr'>Cic.</span> <span class='ocrx_word' id='word_1_143' title='bbox 1266 2157 1300 2210; x_wconf 89' lang='lat' dir='ltr'>de</span> 
     </span>
     <span class='ocr_line' id='line_1_17' title="bbox 245 2243 1300 2316; baseline 0 -20"><span class='ocrx_word' id='word_1_144' title='bbox 245 2243 327 2316; x_wconf 75' lang='lat' dir='ltr'>Legg.</span> <span class='ocrx_word' id='word_1_145' title='bbox 348 2246 367 2310; x_wconf 95' lang='lat' dir='ltr'>l,</span> <span class='ocrx_word' id='word_1_146' title='bbox 387 2248 431 2310; x_wconf 73' lang='lat'>14,</span> <span class='ocrx_word' id='word_1_147' title='bbox 450 2248 501 2299; x_wconf 77' lang='lat'>41:</span> <span class='ocrx_word' id='word_1_148' title='bbox 530 2247 600 2298; x_wconf 84' lang='lat' dir='ltr'>nilril</span> <span class='ocrx_word' id='word_1_149' title='bbox 623 2248 700 2298; x_wconf 84' lang='lat' dir='ltr'>timet</span> <span class='ocrx_word' id='word_1_150' title='bbox 725 2247 779 2299; x_wconf 85' lang='lat' dir='ltr'>nisi</span> <span class='ocrx_word' id='word_1_151' title='bbox 804 2257 899 2299; x_wconf 86' lang='lat' dir='ltr'>testem</span> <span class='ocrx_word' id='word_1_152' title='bbox 917 2257 944 2298; x_wconf 88' lang='lat' dir='ltr'>et</span> <span class='ocrx_word' id='word_1_153' title='bbox 969 2247 1139 2306; x_wconf 66' lang='lat' dir='ltr'>iudicem</span> <span class='ocrx_word' id='word_1_154' title='bbox 1166 2245 1212 2298; x_wconf 91' lang='lat' dir='ltr'>ubi</span> <span class='ocrx_word' id='word_1_155' title='bbox 1238 2245 1300 2297; x_wconf 89' lang='lat' dir='ltr'>item</span> 
     </span>
     <span class='ocr_line' id='line_1_18' title="bbox 246 2329 1301 2407; baseline 0.004 -23"><span class='ocrx_word' id='word_1_156' title='bbox 246 2329 341 2386; x_wconf 76' lang='lat' dir='ltr'>Graes.</span> <span class='ocrx_word' id='word_1_157' title='bbox 359 2330 464 2387; x_wconf 79' lang='lat' dir='ltr'>solebat</span> <span class='ocrx_word' id='word_1_158' title='bbox 481 2335 610 2386; x_wconf 83' lang='lat' dir='ltr'>indicem:</span> <span class='ocrx_word' id='word_1_159' title='bbox 640 2354 719 2407; x_wconf 93' lang='lat' dir='ltr'>quem</span> <span class='ocrx_word' id='word_1_160' title='bbox 746 2335 920 2389; x_wconf 75' lang='lat' dir='ltr'>refutavimus</span> <span class='ocrx_word' id='word_1_161' title='bbox 945 2335 977 2388; x_wconf 90' lang='lat' dir='ltr'>ad</span> <span class='ocrx_word' id='word_1_162' title='bbox 1006 2353 1067 2388; x_wconf 89' lang='lat' dir='ltr'>eum</span> <span class='ocrx_word' id='word_1_163' title='bbox 1085 2333 1175 2388; x_wconf 93' lang='lat' dir='ltr'>locum</span> <span class='ocrx_word' id='word_1_164' title='bbox 1194 2353 1220 2404; x_wconf 89' lang='lat' dir='ltr'>p.</span> <span class='ocrx_word' id='word_1_165' title='bbox 1239 2336 1301 2388; x_wconf 85' lang='lat' dir='ltr'>tot.</span> 
     </span>
     <span class='ocr_line' id='line_1_19' title="bbox 245 2419 1301 2489; baseline -0.001 -17"><span class='ocrx_word' id='word_1_166' title='bbox 245 2419 292 2474; x_wconf 85' lang='lat' dir='ltr'>Ed.</span> <span class='ocrx_word' id='word_1_167' title='bbox 313 2432 396 2475; x_wconf 89' lang='lat' dir='ltr'>nostr.</span> <span class='ocrx_word' id='word_1_168' title='bbox 414 2433 440 2476; x_wconf 90' lang='lat' dir='ltr'>et</span> <span class='ocrx_word' id='word_1_169' title='bbox 458 2421 504 2477; x_wconf 89' lang='lat' dir='ltr'>Cr.</span> <span class='ocrx_word' id='word_1_170' title='bbox 522 2452 556 2462; x_wconf 93' lang='lat'><em>-</em></span> <span class='ocrx_word' id='word_1_171' title='bbox 593 2422 728 2478; x_wconf 89' lang='lat' dir='ltr'>Scribitur</span> <span class='ocrx_word' id='word_1_172' title='bbox 752 2425 779 2477; x_wconf 93' lang='lat' dir='ltr'>in</span> <span class='ocrx_word' id='word_1_173' title='bbox 800 2423 868 2479; x_wconf 93' lang='lat' dir='ltr'>Cod.</span> <span class='ocrx_word' id='word_1_174' title='bbox 888 2427 946 2478; x_wconf 84' lang='lat' dir='ltr'>Cre.</span> <span class='ocrx_word' id='word_1_175' title='bbox 967 2429 991 2477; x_wconf 83' lang='lat'>2.</span> <span class='ocrx_word' id='word_1_176' title='bbox 1018 2424 1183 2475; x_wconf 84' lang='lat' dir='ltr'>dominatum</span> <span class='ocrx_word' id='word_1_177' title='bbox 1211 2421 1301 2489; x_wconf 79' lang='lat' dir='ltr'>babet,</span> 
     </span>
     <span class='ocr_line' id='line_1_20' title="bbox 245 2508 1298 2583; baseline -0.003 -21"><span class='ocrx_word' id='word_1_178' title='bbox 245 2509 270 2562; x_wconf 91' lang='lat' dir='ltr'>in</span> <span class='ocrx_word' id='word_1_179' title='bbox 290 2509 373 2564; x_wconf 88' lang='lat' dir='ltr'>Drsd.</span> <span class='ocrx_word' id='word_1_180' title='bbox 392 2514 417 2563; x_wconf 94' lang='grc'>1.</span> <span class='ocrx_word' id='word_1_181' title='bbox 437 2523 463 2566; x_wconf 91' lang='lat' dir='ltr'>et</span> <span class='ocrx_word' id='word_1_182' title='bbox 480 2514 504 2566; x_wconf 78' lang='grc'>3.</span> <span class='ocrx_word' id='word_1_183' title='bbox 524 2512 693 2565; x_wconf 82' lang='lat' dir='ltr'>dominatum</span> <span class='ocrx_word' id='word_1_184' title='bbox 711 2512 853 2566; x_wconf 78' lang='lat' dir='ltr'>habear.</span> <span class='ocrx_word' id='word_1_185' title='bbox 873 2543 907 2552; x_wconf 96' lang='lat'><em>-</em></span> <span class='ocrx_word' id='word_1_186' title='bbox 926 2511 1016 2583; x_wconf 74' lang='lat' dir='ltr'>Pergit</span> <span class='ocrx_word' id='word_1_187' title='bbox 1036 2508 1102 2562; x_wconf 85' lang='lat' dir='ltr'>Cod.</span> <span class='ocrx_word' id='word_1_188' title='bbox 1121 2508 1173 2563; x_wconf 84' lang='lat' dir='ltr'>Or.</span> <span class='ocrx_word' id='word_1_189' title='bbox 1192 2508 1223 2560; x_wconf 88' lang='lat' dir='ltr'>E.</span> <span class='ocrx_word' id='word_1_190' title='bbox 1250 2510 1280 2560; x_wconf 88' lang='lat' dir='ltr'><em>A</em></span> <span class='ocrx_word' id='word_1_191' title='bbox 1285 2519 1298 2559; x_wconf 85' lang='lat' dir='ltr'>t</span> 
     </span>
     <span class='ocr_line' id='line_1_21' title="bbox 244 2596 1299 2654; baseline -0.001 -5"><span class='ocrx_word' id='word_1_192' title='bbox 244 2608 365 2652; x_wconf 83' lang='lat' dir='ltr'>nonest.</span> <span class='ocrx_word' id='word_1_193' title='bbox 402 2596 461 2653; x_wconf 83' lang='lat' dir='ltr'>Cra.</span> <span class='ocrx_word' id='word_1_194' title='bbox 481 2605 504 2653; x_wconf 89' lang='grc'>2.</span> <span class='ocrx_word' id='word_1_195' title='bbox 522 2618 559 2652; x_wconf 84' lang='lat' dir='ltr'>nn</span> <span class='ocrx_word' id='word_1_196' title='bbox 577 2611 689 2653; x_wconf 83' lang='lat' dir='ltr'>nonest</span> <span class='ocrx_word' id='word_1_197' title='bbox 708 2602 793 2654; x_wconf 87' lang='lat' dir='ltr'>omnis</span> <span class='ocrx_word' id='word_1_198' title='bbox 818 2613 907 2654; x_wconf 88' lang='lat' dir='ltr'>metus</span> <span class='ocrx_word' id='word_1_199' title='bbox 930 2597 1130 2654; x_wconf 77' lang='lat' dir='ltr'>servitutis.</span> <span class='ocrx_word' id='word_1_200' title='bbox 1168 2596 1299 2650; x_wconf 81' lang='lat' dir='ltr'>Drsd.4.:</span> 
     </span>
     <span class='ocr_line' id='line_1_22' title="bbox 244 2682 1298 2762; baseline -0.002 -25"><span class='ocrx_word' id='word_1_201' title='bbox 244 2702 278 2738; x_wconf 83' lang='lat' dir='ltr'>an</span> <span class='ocrx_word' id='word_1_202' title='bbox 301 2705 355 2739; x_wconf 88' lang='lat' dir='ltr'>non</span> <span class='ocrx_word' id='word_1_203' title='bbox 374 2687 457 2740; x_wconf 84' lang='lat' dir='ltr'>omnis</span> <span class='ocrx_word' id='word_1_204' title='bbox 476 2699 563 2742; x_wconf 84' lang='lat' dir='ltr'>metus</span> <span class='ocrx_word' id='word_1_205' title='bbox 581 2688 723 2743; x_wconf 82' lang='lat' dir='ltr'>servitutis</span> <span class='ocrx_word' id='word_1_206' title='bbox 740 2687 981 2762; x_wconf 82' lang='lat' dir='ltr'>intelligitur.</span> <span class='ocrx_word' id='word_1_207' title='bbox 1017 2684 1048 2740; x_wconf 91' lang='lat' dir='ltr'>ln</span> <span class='ocrx_word' id='word_1_208' title='bbox 1068 2684 1127 2739; x_wconf 82' lang='lat' dir='ltr'>Cre.</span> <span class='ocrx_word' id='word_1_209' title='bbox 1137 2687 1163 2738; x_wconf 91' lang='grc'>1.</span> <span class='ocrx_word' id='word_1_210' title='bbox 1181 2682 1298 2755; x_wconf 90' lang='lat' dir='ltr'>primum</span> 
     </span>
     <span class='ocr_line' id='line_1_23' title="bbox 244 2772 1297 2846; baseline -0.001 -20"><span class='ocrx_word' id='word_1_211' title='bbox 244 2775 384 2846; x_wconf 85' lang='lat' dir='ltr'>scripserat</span> <span class='ocrx_word' id='word_1_212' title='bbox 403 2775 526 2830; x_wconf 91' lang='lat' dir='ltr'>librarius</span> <span class='ocrx_word' id='word_1_213' title='bbox 544 2797 580 2829; x_wconf 86' lang='lat' dir='ltr'>un</span> <span class='ocrx_word' id='word_1_214' title='bbox 598 2786 709 2830; x_wconf 85' lang='lat' dir='ltr'>nonest</span> <span class='ocrx_word' id='word_1_215' title='bbox 728 2778 812 2830; x_wconf 86' lang='lat' dir='ltr'>omnis</span> <span class='ocrx_word' id='word_1_216' title='bbox 831 2778 1130 2830; x_wconf 85' lang='lat' dir='ltr'>servitue&#39;metus:</span> <span class='ocrx_word' id='word_1_217' title='bbox 1156 2772 1202 2826; x_wconf 91' lang='lat' dir='ltr'>sed</span> <span class='ocrx_word' id='word_1_218' title='bbox 1226 2772 1297 2826; x_wconf 88' lang='lat' dir='ltr'>idem</span> 
     </span>
     <span class='ocr_line' id='line_1_24' title="bbox 243 2863 568 2932; baseline 0.015 -18"><span class='ocrx_word' id='word_1_219' title='bbox 243 2863 330 2917; x_wconf 88' lang='lat' dir='ltr'>statim</span> <span class='ocrx_word' id='word_1_220' title='bbox 350 2865 476 2932; x_wconf 23' lang='lat' dir='ltr'>correxit..</span> <span class='ocrx_word' id='word_1_221' title='bbox 507 2865 568 2919; x_wconf 87' lang='lat' dir='ltr'>Mr.</span> 
     </span>
    </p>

    <p class='ocr_par' dir='ltr' id='par_1_4' title="bbox 235 2946 1298 3989">
     <span class='ocr_line' id='line_1_25' title="bbox 313 2946 1297 3023; baseline 0.001 -20"><span class='ocrx_word' id='word_1_222' title='bbox 313 2952 389 3022; x_wconf 80' lang='lat' dir='ltr'>Quid</span> <span class='ocrx_word' id='word_1_223' title='bbox 405 2952 479 3004; x_wconf 77' lang='lat' dir='ltr'>velet</span> <span class='ocrx_word' id='word_1_224' title='bbox 497 2954 595 3023; x_wconf 83' lang='lat' dir='ltr'>igitur]</span> <span class='ocrx_word' id='word_1_225' title='bbox 632 2955 793 3023; x_wconf 83' lang='lat' dir='ltr'>„Quantum</span> <span class='ocrx_word' id='word_1_226' title='bbox 813 2954 947 3009; x_wconf 89' lang='lat' dir='ltr'>coniicere</span> <span class='ocrx_word' id='word_1_227' title='bbox 966 2953 1042 3015; x_wconf 92' lang='lat' dir='ltr'>licet,</span> <span class='ocrx_word' id='word_1_228' title='bbox 1071 2950 1136 3003; x_wconf 88' lang='lat' dir='ltr'>baec</span> <span class='ocrx_word' id='word_1_229' title='bbox 1161 2947 1191 3002; x_wconf 77' lang='lat' dir='ltr'>L.</span> <span class='ocrx_word' id='word_1_230' title='bbox 1210 2946 1297 3001; x_wconf 75' lang='lat' dir='ltr'>Crassi</span> 
     </span>
     <span class='ocr_line' id='line_1_26' title="bbox 242 3035 1298 3115; baseline -0.002 -24"><span class='ocrx_word' id='word_1_231' title='bbox 242 3041 320 3094; x_wconf 85' lang='lat' dir='ltr'>rerba</span> <span class='ocrx_word' id='word_1_232' title='bbox 337 3051 401 3093; x_wconf 86' lang='lat' dir='ltr'>sunt</span> <span class='ocrx_word' id='word_1_233' title='bbox 418 3060 447 3093; x_wconf 84' lang='lat' dir='ltr'>es</span> <span class='ocrx_word' id='word_1_234' title='bbox 458 3041 573 3113; x_wconf 90' lang='lat' dir='ltr'>quadam</span> <span class='ocrx_word' id='word_1_235' title='bbox 593 3044 725 3098; x_wconf 87' lang='lat' dir='ltr'>concione</span> <span class='ocrx_word' id='word_1_236' title='bbox 744 3045 777 3098; x_wconf 90' lang='lat' dir='ltr'>ad</span> <span class='ocrx_word' id='word_1_237' title='bbox 795 3042 929 3115; x_wconf 92' lang='lat' dir='ltr'>populum</span> <span class='ocrx_word' id='word_1_238' title='bbox 942 3040 1106 3101; x_wconf 86' lang='lat' dir='ltr'>Romanum,</span> <span class='ocrx_word' id='word_1_239' title='bbox 1125 3056 1177 3109; x_wconf 90' lang='lat' dir='ltr'>qua</span> <span class='ocrx_word' id='word_1_240' title='bbox 1196 3035 1298 3089; x_wconf 87' lang='lat' dir='ltr'>dissua-</span> 
     </span>
     <span class='ocr_line' id='line_1_27' title="bbox 240 3124 1297 3198; baseline -0.006 -17"><span class='ocrx_word' id='word_1_241' title='bbox 240 3129 284 3191; x_wconf 90' lang='lat' dir='ltr'>sit,</span> <span class='ocrx_word' id='word_1_242' title='bbox 305 3149 340 3182; x_wconf 92' lang='lat' dir='ltr'>ne</span> <span class='ocrx_word' id='word_1_243' title='bbox 360 3127 464 3197; x_wconf 85' lang='lat' dir='ltr'>Cinna,</span> <span class='ocrx_word' id='word_1_244' title='bbox 484 3129 603 3198; x_wconf 85' lang='lat' dir='ltr'>Marius,</span> <span class='ocrx_word' id='word_1_245' title='bbox 622 3134 711 3186; x_wconf 86' lang='lat' dir='ltr'>Carbo</span> <span class='ocrx_word' id='word_1_246' title='bbox 730 3146 755 3186; x_wconf 90' lang='lat' dir='ltr'>et</span> <span class='ocrx_word' id='word_1_247' title='bbox 773 3130 925 3195; x_wconf 89' lang='lat' dir='ltr'>Sertorius,</span> <span class='ocrx_word' id='word_1_248' title='bbox 943 3148 1006 3181; x_wconf 90' lang='lat' dir='ltr'>cum</span> <span class='ocrx_word' id='word_1_249' title='bbox 1026 3127 1111 3198; x_wconf 92' lang='lat' dir='ltr'>patria</span> <span class='ocrx_word' id='word_1_250' title='bbox 1130 3124 1229 3178; x_wconf 90' lang='lat' dir='ltr'>bellum</span> <span class='ocrx_word' id='word_1_251' title='bbox 1249 3142 1297 3194; x_wconf 79' lang='lat' dir='ltr'>ge·</span> 
     </span>
     <span class='ocr_line' id='line_1_28' title="bbox 241 3212 1295 3291; baseline -0.003 -22"><span class='ocrx_word' id='word_1_252' title='bbox 241 3228 342 3281; x_wconf 88' lang='lat' dir='ltr'>rentes,</span> <span class='ocrx_word' id='word_1_253' title='bbox 360 3217 389 3271; x_wconf 92' lang='lat' dir='ltr'>iu</span> <span class='ocrx_word' id='word_1_254' title='bbox 409 3218 504 3271; x_wconf 92' lang='lat' dir='ltr'>urbem</span> <span class='ocrx_word' id='word_1_255' title='bbox 523 3220 715 3291; x_wconf 87' lang='lat' dir='ltr'>reciperentur.</span> <span class='ocrx_word' id='word_1_256' title='bbox 764 3220 792 3272; x_wconf 92' lang='lat' dir='ltr'>ln</span> <span class='ocrx_word' id='word_1_257' title='bbox 823 3239 852 3272; x_wconf 91' lang='lat' dir='ltr'>ea</span> <span class='ocrx_word' id='word_1_258' title='bbox 878 3228 967 3270; x_wconf 87' lang='lat' dir='ltr'>autem</span> <span class='ocrx_word' id='word_1_259' title='bbox 988 3215 1120 3268; x_wconf 87' lang='lat' dir='ltr'>concinne</span> <span class='ocrx_word' id='word_1_260' title='bbox 1147 3212 1191 3266; x_wconf 89' lang='lat' dir='ltr'>illa</span> <span class='ocrx_word' id='word_1_261' title='bbox 1217 3213 1295 3266; x_wconf 80' lang='lat' dir='ltr'>verba</span> 
     </span>
     <span class='ocr_line' id='line_1_29' title="bbox 239 3299 1296 3374; baseline -0.005 -18"><span class='ocrx_word' id='word_1_262' title='bbox 239 3304 365 3358; x_wconf 83' lang='lat' dir='ltr'>fuerunt:</span> <span class='ocrx_word' id='word_1_263' title='bbox 394 3306 500 3374; x_wconf 82' lang='lat' dir='ltr'>Eripite</span> <span class='ocrx_word' id='word_1_264' title='bbox 517 3326 565 3358; x_wconf 89' lang='lat' dir='ltr'>nos</span> <span class='ocrx_word' id='word_1_265' title='bbox 583 3325 597 3357; x_wconf 88' lang='lat' dir='ltr'>e</span> <span class='ocrx_word' id='word_1_266' title='bbox 617 3308 749 3359; x_wconf 79' lang='lat' dir='ltr'>servitute</span> <span class='ocrx_word' id='word_1_267' title='bbox 770 3334 804 3344; x_wconf 92' lang='lat'>-</span> <span class='ocrx_word' id='word_1_268' title='bbox 825 3304 908 3356; x_wconf 87' lang='lat' dir='ltr'>nolite</span> <span class='ocrx_word' id='word_1_269' title='bbox 934 3304 1019 3355; x_wconf 82' lang='lat' dir='ltr'>sinere</span> <span class='ocrx_word' id='word_1_270' title='bbox 1037 3329 1072 3341; x_wconf 91' lang='lat'>-</span> <span class='ocrx_word' id='word_1_271' title='bbox 1091 3302 1144 3352; x_wconf 89' lang='lat' dir='ltr'>nisi</span> <span class='ocrx_word' id='word_1_272' title='bbox 1169 3299 1242 3352; x_wconf 80' lang='lat' dir='ltr'>vobis</span> <span class='ocrx_word' id='word_1_273' title='bbox 1261 3328 1296 3340; x_wconf 91' lang='lat'>-</span> 
     </span>
     <span class='ocr_line' id='line_1_30' title="bbox 240 3385 1295 3461; baseline -0.004 -21"><span class='ocrx_word' id='word_1_274' title='bbox 240 3388 339 3461; x_wconf 84' lang='lat' dir='ltr'>quibus</span> <span class='ocrx_word' id='word_1_275' title='bbox 358 3418 392 3428; x_wconf 90' lang='lat'><em>-</em></span> <span class='ocrx_word' id='word_1_276' title='bbox 412 3390 541 3446; x_wconf 77' lang='lat' dir='ltr'>debemur.</span> <span class='ocrx_word' id='word_1_277' title='bbox 578 3391 602 3445; x_wconf 90' lang='lat' dir='ltr'>ls</span> <span class='ocrx_word' id='word_1_278' title='bbox 620 3404 708 3447; x_wconf 90' lang='lat' dir='ltr'>autem</span> <span class='ocrx_word' id='word_1_279' title='bbox 725 3402 762 3445; x_wconf 89' lang='lat' dir='ltr'>est</span> <span class='ocrx_word' id='word_1_280' title='bbox 780 3390 809 3444; x_wconf 84' lang='lat' dir='ltr'>L.</span> <span class='ocrx_word' id='word_1_281' title='bbox 830 3389 941 3443; x_wconf 86' lang='lat' dir='ltr'>Crassus</span> <span class='ocrx_word' id='word_1_282' title='bbox 959 3398 1065 3451; x_wconf 88' lang='lat' dir='ltr'>orator,</span> <span class='ocrx_word' id='word_1_283' title='bbox 1093 3385 1126 3437; x_wconf 92' lang='lat' dir='ltr'>de</span> <span class='ocrx_word' id='word_1_284' title='bbox 1145 3404 1199 3455; x_wconf 88' lang='lat' dir='ltr'>quo</span> <span class='ocrx_word' id='word_1_285' title='bbox 1216 3404 1295 3455; x_wconf 88' lang='lat' dir='ltr'>saepe</span> 
     </span>
     <span class='ocr_line' id='line_1_31' title="bbox 238 3471 1295 3550; baseline -0.007 -20"><span class='ocrx_word' id='word_1_286' title='bbox 238 3476 351 3544; x_wconf 88' lang='lat' dir='ltr'>Cicero,</span> <span class='ocrx_word' id='word_1_287' title='bbox 371 3488 398 3531; x_wconf 92' lang='lat' dir='ltr'>et</span> <span class='ocrx_word' id='word_1_288' title='bbox 416 3476 504 3531; x_wconf 78' lang='lat' dir='ltr'>Livius</span> <span class='ocrx_word' id='word_1_289' title='bbox 521 3479 579 3532; x_wconf 87' lang='lat' dir='ltr'>Lib.</span> <span class='ocrx_word' id='word_1_290' title='bbox 598 3484 642 3536; x_wconf 87' lang='lat'>80.</span> <span class='ocrx_word' id='word_1_291' title='bbox 663 3480 725 3549; x_wconf 85' lang='lat' dir='ltr'>[rid.</span> <span class='ocrx_word' id='word_1_292' title='bbox 747 3479 889 3550; x_wconf 86' lang='lat' dir='ltr'>Epitomen</span> <span class='ocrx_word' id='word_1_293' title='bbox 915 3476 970 3528; x_wconf 90' lang='lat' dir='ltr'>eius</span> <span class='ocrx_word' id='word_1_294' title='bbox 989 3472 1061 3540; x_wconf 90' lang='lat' dir='ltr'>libri]</span> <span class='ocrx_word' id='word_1_295' title='bbox 1088 3471 1295 3524; x_wconf 84' lang='lat' dir='ltr'>meminerunt.“</span> 
     </span>
     <span class='ocr_line' id='line_1_32' title="bbox 236 3557 1294 3640; baseline -0.008 -24"><span class='ocrx_word' id='word_1_296' title='bbox 236 3564 313 3619; x_wconf 84' lang='lat' dir='ltr'>Fre.</span> <span class='ocrx_word' id='word_1_297' title='bbox 332 3564 393 3637; x_wconf 87' lang='lat' dir='ltr'>syl</span> <span class='ocrx_word' id='word_1_298' title='bbox 405 3585 426 3618; x_wconf 82' lang='lat' dir='ltr'>v.</span> <span class='ocrx_word' id='word_1_299' title='bbox 463 3566 525 3620; x_wconf 87' lang='lat' dir='ltr'>Fuit</span> <span class='ocrx_word' id='word_1_300' title='bbox 545 3569 639 3634; x_wconf 90' lang='lat' dir='ltr'>oratio,</span> <span class='ocrx_word' id='word_1_301' title='bbox 659 3588 710 3640; x_wconf 91' lang='lat' dir='ltr'>qua</span> <span class='ocrx_word' id='word_1_302' title='bbox 731 3566 810 3620; x_wconf 86' lang='lat' dir='ltr'>suasit</span> <span class='ocrx_word' id='word_1_303' title='bbox 827 3566 914 3637; x_wconf 83' lang='lat' dir='ltr'>legem</span> <span class='ocrx_word' id='word_1_304' title='bbox 933 3559 1072 3616; x_wconf 78' lang='lat' dir='ltr'>Serviliam</span> <span class='ocrx_word' id='word_1_305' title='bbox 1093 3557 1200 3629; x_wconf 80' lang='lat' dir='ltr'>egitque</span> <span class='ocrx_word' id='word_1_306' title='bbox 1216 3576 1294 3609; x_wconf 89' lang='lat' dir='ltr'>sena·</span> 
     </span>
     <span class='ocr_line' id='line_1_33' title="bbox 237 3645 1294 3709; baseline -0.01 -3"><span class='ocrx_word' id='word_1_307' title='bbox 237 3662 278 3706; x_wconf 92' lang='lat' dir='ltr'>tus</span> <span class='ocrx_word' id='word_1_308' title='bbox 297 3671 405 3707; x_wconf 88' lang='lat' dir='ltr'>causam</span> <span class='ocrx_word' id='word_1_309' title='bbox 422 3664 516 3707; x_wconf 88' lang='lat' dir='ltr'>contra</span> <span class='ocrx_word' id='word_1_310' title='bbox 535 3656 654 3709; x_wconf 90' lang='lat' dir='ltr'>iudicum</span> <span class='ocrx_word' id='word_1_311' title='bbox 667 3667 693 3709; x_wconf 90' lang='lat' dir='ltr'>et</span> <span class='ocrx_word' id='word_1_312' title='bbox 711 3666 897 3709; x_wconf 88' lang='lat' dir='ltr'>accusatorum</span> <span class='ocrx_word' id='word_1_313' title='bbox 916 3651 1069 3705; x_wconf 79' lang='lat' dir='ltr'>factionem.</span> <span class='ocrx_word' id='word_1_314' title='bbox 1107 3646 1175 3699; x_wconf 89' lang='lat' dir='ltr'>Vide</span> <span class='ocrx_word' id='word_1_315' title='bbox 1185 3646 1213 3697; x_wconf 89' lang='lat' dir='ltr'>in</span> <span class='ocrx_word' id='word_1_316' title='bbox 1224 3645 1294 3696; x_wconf 90' lang='lat' dir='ltr'>libro</span> 
     </span>
     <span class='ocr_line' id='line_1_34' title="bbox 237 3732 1294 3813; baseline -0.008 -20"><span class='ocrx_word' id='word_1_317' title='bbox 237 3741 270 3794; x_wconf 88' lang='lat' dir='ltr'>de</span> <span class='ocrx_word' id='word_1_318' title='bbox 289 3739 378 3794; x_wconf 86' lang='lat' dir='ltr'>Claris</span> <span class='ocrx_word' id='word_1_319' title='bbox 406 3739 568 3797; x_wconf 87' lang='lat' dir='ltr'>Oratoribus</span> <span class='ocrx_word' id='word_1_320' title='bbox 587 3745 623 3811; x_wconf 92' lang='lat' dir='ltr'>[c.</span> <span class='ocrx_word' id='word_1_321' title='bbox 640 3746 696 3813; x_wconf 83' lang='grc'><strong>44.]</strong></span> <span class='ocrx_word' id='word_1_322' title='bbox 724 3756 750 3797; x_wconf 86' lang='lat' dir='ltr'>et</span> <span class='ocrx_word' id='word_1_323' title='bbox 774 3744 819 3798; x_wconf 86' lang='lat' dir='ltr'>lib.</span> <span class='ocrx_word' id='word_1_324' title='bbox 847 3742 892 3796; x_wconf 93' lang='grc' dir='ltr'>ΙΙΙ.</span> <span class='ocrx_word' id='word_1_325' title='bbox 923 3741 956 3794; x_wconf 91' lang='lat' dir='ltr'>de</span> <span class='ocrx_word' id='word_1_326' title='bbox 975 3737 1061 3792; x_wconf 88' lang='lat' dir='ltr'>Claris</span> <span class='ocrx_word' id='word_1_327' title='bbox 1088 3746 1155 3789; x_wconf 90' lang='lat' dir='ltr'>orat.</span> <span class='ocrx_word' id='word_1_328' title='bbox 1185 3735 1234 3801; x_wconf 89' lang='lat' dir='ltr'>[est</span> <span class='ocrx_word' id='word_1_329' title='bbox 1260 3732 1294 3785; x_wconf 92' lang='lat' dir='ltr'>de</span> 
     </span>
     <span class='ocr_line' id='line_1_35' title="bbox 235 3820 1293 3900; baseline -0.008 -19"><span class='ocrx_word' id='word_1_330' title='bbox 235 3828 314 3883; x_wconf 86' lang='lat' dir='ltr'>Orat.</span> <span class='ocrx_word' id='word_1_331' title='bbox 325 3828 346 3894; x_wconf 95' lang='lat' dir='ltr'>l,</span> <span class='ocrx_word' id='word_1_332' title='bbox 366 3832 410 3881; x_wconf 82' lang='grc'>52.</span> <span class='ocrx_word' id='word_1_333' title='bbox 429 3826 508 3883; x_wconf 85' lang='lat' dir='ltr'>Conf.</span> <span class='ocrx_word' id='word_1_334' title='bbox 528 3832 562 3883; x_wconf 89' lang='lat' dir='ltr'>ad</span> <span class='ocrx_word' id='word_1_335' title='bbox 581 3831 698 3885; x_wconf 86' lang='lat' dir='ltr'>Herenn.</span> <span class='ocrx_word' id='word_1_336' title='bbox 710 3831 789 3900; x_wconf 79' lang='lat' dir='ltr'>tV,o.</span> <span class='ocrx_word' id='word_1_337' title='bbox 808 3831 854 3885; x_wconf 89' lang='lat' dir='ltr'>ubi</span> <span class='ocrx_word' id='word_1_338' title='bbox 873 3830 924 3882; x_wconf 86' lang='lat' dir='ltr'>vid.</span> <span class='ocrx_word' id='word_1_339' title='bbox 943 3836 1046 3881; x_wconf 91' lang='lat' dir='ltr'>annott.</span> <span class='ocrx_word' id='word_1_340' title='bbox 1065 3820 1171 3877; x_wconf 77' lang='lat' dir='ltr'>Graevii</span> <span class='ocrx_word' id='word_1_341' title='bbox 1182 3841 1209 3892; x_wconf 95' lang='lat' dir='ltr'>p.</span> <span class='ocrx_word' id='word_1_342' title='bbox 1219 3820 1293 3886; x_wconf 67' lang='grc'>190]</span> 
     </span>
     <span class='ocr_line' id='line_1_36' title="bbox 235 3908 1222 3989; baseline -0.007 -22"><span class='ocrx_word' id='word_1_343' title='bbox 235 3916 281 3969; x_wconf 87' lang='lat' dir='ltr'>ubi</span> <span class='ocrx_word' id='word_1_344' title='bbox 302 3916 396 3969; x_wconf 85' lang='lat' dir='ltr'>eadem</span> <span class='ocrx_word' id='word_1_345' title='bbox 416 3917 472 3983; x_wconf 89' lang='lat' dir='ltr'>[sed</span> <span class='ocrx_word' id='word_1_346' title='bbox 490 3917 579 3989; x_wconf 91' lang='lat' dir='ltr'>plura]</span> <span class='ocrx_word' id='word_1_347' title='bbox 599 3917 686 3972; x_wconf 88' lang='lat' dir='ltr'>Crassi</span> <span class='ocrx_word' id='word_1_348' title='bbox 704 3919 783 3972; x_wconf 81' lang='lat' dir='ltr'>rerba</span> <span class='ocrx_word' id='word_1_349' title='bbox 801 3917 975 3971; x_wconf 84' lang='lat' dir='ltr'>recitantur.“</span> <span class='ocrx_word' id='word_1_350' title='bbox 1002 3910 1075 3965; x_wconf 78' lang='lat' dir='ltr'>Ald.</span> <span class='ocrx_word' id='word_1_351' title='bbox 1093 3908 1222 3962; x_wconf 89' lang='lat' dir='ltr'>Manut.</span> 
     </span>
    </p>

    <p class='ocr_par' dir='ltr' id='par_1_5' title="bbox 235 3995 1292 4255">
     <span class='ocr_line' id='line_1_37' title="bbox 307 3995 1292 4075; baseline -0.009 -20"><span class='ocrx_word' id='word_1_352' title='bbox 307 4004 359 4055; x_wconf 85' lang='lat' dir='ltr'>illa</span> <span class='ocrx_word' id='word_1_353' title='bbox 378 4033 414 4046; x_wconf 89' lang='lat'>-</span> <span class='ocrx_word' id='word_1_354' title='bbox 433 4007 577 4059; x_wconf 86' lang='lat' dir='ltr'>Crassi-</span> <span class='ocrx_word' id='word_1_355' title='bbox 595 4009 695 4075; x_wconf 81' lang='lat' dir='ltr'>oratio]</span> <span class='ocrx_word' id='word_1_356' title='bbox 715 4006 796 4075; x_wconf 87' lang='lat' dir='ltr'>„Qua</span> <span class='ocrx_word' id='word_1_357' title='bbox 815 4004 925 4058; x_wconf 87' lang='lat' dir='ltr'>Crassus</span> <span class='ocrx_word' id='word_1_358' title='bbox 942 3999 1022 4054; x_wconf 90' lang='lat' dir='ltr'>suasit</span> <span class='ocrx_word' id='word_1_359' title='bbox 1039 3999 1125 4070; x_wconf 81' lang='lat' dir='ltr'>legem</span> <span class='ocrx_word' id='word_1_360' title='bbox 1144 3995 1292 4057; x_wconf 76' lang='lat' dir='ltr'>Serviliam,</span> 
     </span>
     <span class='ocr_line' id='line_1_38' title="bbox 235 4081 1292 4163; baseline -0.007 -18"><span class='ocrx_word' id='word_1_361' title='bbox 235 4092 348 4163; x_wconf 75' lang='lat' dir='ltr'>egitque</span> <span class='ocrx_word' id='word_1_362' title='bbox 368 4090 481 4145; x_wconf 86' lang='lat' dir='ltr'>Senatus</span> <span class='ocrx_word' id='word_1_363' title='bbox 500 4112 624 4160; x_wconf 87' lang='lat' dir='ltr'>causam,</span> <span class='ocrx_word' id='word_1_364' title='bbox 650 4094 695 4148; x_wconf 89' lang='lat' dir='ltr'>sed</span> <span class='ocrx_word' id='word_1_365' title='bbox 715 4093 794 4147; x_wconf 88' lang='lat' dir='ltr'>nimis</span> <span class='ocrx_word' id='word_1_366' title='bbox 813 4090 987 4154; x_wconf 88' lang='lat' dir='ltr'>assentando,</span> <span class='ocrx_word' id='word_1_367' title='bbox 1013 4097 1042 4140; x_wconf 89' lang='lat' dir='ltr'>ut</span> <span class='ocrx_word' id='word_1_368' title='bbox 1060 4094 1172 4158; x_wconf 90' lang='lat' dir='ltr'>apparet</span> <span class='ocrx_word' id='word_1_369' title='bbox 1189 4102 1218 4134; x_wconf 82' lang='lat' dir='ltr'>ex</span> <span class='ocrx_word' id='word_1_370' title='bbox 1237 4081 1292 4133; x_wconf 70' lang='lat' dir='ltr'>eius</span> 
     </span>
     <span class='ocr_line' id='line_1_39' title="bbox 235 4170 1292 4255; baseline -0.012 -23"><span class='ocrx_word' id='word_1_371' title='bbox 235 4179 337 4243; x_wconf 78' lang='lat' dir='ltr'>verbis,</span> <span class='ocrx_word' id='word_1_372' title='bbox 353 4179 451 4250; x_wconf 89' lang='lat' dir='ltr'>quibus</span> <span class='ocrx_word' id='word_1_373' title='bbox 470 4182 603 4252; x_wconf 81' lang='lat' dir='ltr'>professus</span> <span class='ocrx_word' id='word_1_374' title='bbox 623 4195 707 4238; x_wconf 88' lang='lat' dir='ltr'>estse</span> <span class='ocrx_word' id='word_1_375' title='bbox 726 4182 818 4255; x_wconf 90' lang='lat' dir='ltr'>populi</span> <span class='ocrx_word' id='word_1_376' title='bbox 838 4179 953 4233; x_wconf 88' lang='lat' dir='ltr'>Romani</span> <span class='ocrx_word' id='word_1_377' title='bbox 973 4187 1076 4232; x_wconf 80' lang='lat' dir='ltr'>servum</span> <span class='ocrx_word' id='word_1_378' title='bbox 1095 4173 1177 4225; x_wconf 81' lang='lat' dir='ltr'>esse.‘⁴</span> <span class='ocrx_word' id='word_1_379' title='bbox 1195 4170 1292 4221; x_wconf 85' lang='lat' dir='ltr'>Face.</span> 
     </span>
    </p>

    <p class='ocr_par' dir='ltr' id='par_1_6' title="bbox 233 4256 1293 4518">
     <span class='ocr_line' id='line_1_40' title="bbox 306 4256 1293 4339; baseline -0.003 -22"><span class='ocrx_word' id='word_1_380' title='bbox 306 4267 383 4338; x_wconf 84' lang='lat' dir='ltr'>Quid</span> <span class='ocrx_word' id='word_1_381' title='bbox 399 4267 474 4319; x_wconf 77' lang='lat' dir='ltr'>valet</span> <span class='ocrx_word' id='word_1_382' title='bbox 494 4270 581 4339; x_wconf 76' lang='lat' dir='ltr'>igitur</span> <span class='ocrx_word' id='word_1_383' title='bbox 599 4271 650 4322; x_wconf 80' lang='lat' dir='ltr'>itta</span> <span class='ocrx_word' id='word_1_384' title='bbox 663 4301 697 4310; x_wconf 93' lang='lat'><em>-</em></span> <span class='ocrx_word' id='word_1_385' title='bbox 711 4272 845 4324; x_wconf 82' lang='lat' dir='ltr'>Crassi-</span> <span class='ocrx_word' id='word_1_386' title='bbox 858 4265 977 4335; x_wconf 76' lang='lat' dir='ltr'>oratioi]</span> <span class='ocrx_word' id='word_1_387' title='bbox 996 4262 1064 4316; x_wconf 84' lang='lat' dir='ltr'>cod.</span> <span class='ocrx_word' id='word_1_388' title='bbox 1084 4258 1142 4313; x_wconf 79' lang='lat' dir='ltr'>Cn.</span> <span class='ocrx_word' id='word_1_389' title='bbox 1160 4260 1185 4311; x_wconf 78' lang='grc'>3·</span> <span class='ocrx_word' id='word_1_390' title='bbox 1218 4256 1293 4324; x_wconf 70' lang='lat' dir='ltr'>Quid</span> 
     </span>
     <span class='ocr_line' id='line_1_41' title="bbox 233 4342 1289 4429; baseline -0.016 -20"><span class='ocrx_word' id='word_1_391' title='bbox 233 4357 336 4411; x_wconf 79' lang='lat' dir='ltr'>volet.</span> <span class='ocrx_word' id='word_1_392' title='bbox 358 4353 431 4407; x_wconf 87' lang='lat' dir='ltr'>Gud.</span> <span class='ocrx_word' id='word_1_393' title='bbox 443 4354 474 4408; x_wconf 83' lang='grc' dir='ltr'>Λ.</span> <span class='ocrx_word' id='word_1_394' title='bbox 493 4357 591 4411; x_wconf 89' lang='lat' dir='ltr'>omittit</span> <span class='ocrx_word' id='word_1_395' title='bbox 606 4358 700 4429; x_wconf 79' lang='lat' dir='ltr'>igitur,</span> <span class='ocrx_word' id='word_1_396' title='bbox 732 4360 790 4411; x_wconf 79' lang='lat' dir='ltr'>Cra.</span> <span class='ocrx_word' id='word_1_397' title='bbox 803 4361 829 4410; x_wconf 94' lang='grc'>1.</span> <span class='ocrx_word' id='word_1_398' title='bbox 856 4374 950 4409; x_wconf 88' lang='lat' dir='ltr'>rocem</span> <span class='ocrx_word' id='word_1_399' title='bbox 968 4353 1034 4414; x_wconf 82' lang='lat' dir='ltr'>illa,</span> <span class='ocrx_word' id='word_1_400' title='bbox 1061 4365 1124 4402; x_wconf 92' lang='lat' dir='ltr'>cum</span> <span class='ocrx_word' id='word_1_401' title='bbox 1140 4342 1204 4396; x_wconf 75' lang='lat' dir='ltr'>Ore.</span> <span class='ocrx_word' id='word_1_402' title='bbox 1223 4342 1241 4395; x_wconf 94' lang='grc' dir='ltr'>Ι.</span> <span class='ocrx_word' id='word_1_403' title='bbox 1259 4358 1289 4400; x_wconf 83' lang='grc' dir='ltr'>ψ.</span> 
     </span>
     <span class='ocr_line' id='line_1_42' title="bbox 238 4428 1290 4518; baseline -0.016 -21"><span class='ocrx_word' id='word_1_404' title='bbox 238 4442 316 4498; x_wconf 83' lang='lat' dir='ltr'>Drsd.</span> <span class='ocrx_word' id='word_1_405' title='bbox 335 4447 377 4508; x_wconf 81' lang='lat' dir='ltr'>l.;</span> <span class='ocrx_word' id='word_1_406' title='bbox 403 4443 483 4497; x_wconf 86' lang='lat' dir='ltr'>Drsd.</span> <span class='ocrx_word' id='word_1_407' title='bbox 502 4448 527 4499; x_wconf 84' lang='lat'>4.</span> <span class='ocrx_word' id='word_1_408' title='bbox 545 4444 624 4499; x_wconf 90' lang='lat' dir='ltr'>babet</span> <span class='ocrx_word' id='word_1_409' title='bbox 650 4446 715 4518; x_wconf 87' lang='lat' dir='ltr'>quid</span> <span class='ocrx_word' id='word_1_410' title='bbox 738 4446 825 4518; x_wconf 78' lang='lat' dir='ltr'>igitur</span> <span class='ocrx_word' id='word_1_411' title='bbox 848 4443 939 4502; x_wconf 52' lang='lat' dir='ltr'>vatem·</span> <span class='ocrx_word' id='word_1_412' title='bbox 967 4436 1048 4492; x_wconf 89' lang='lat' dir='ltr'>Drsd.</span> <span class='ocrx_word' id='word_1_413' title='bbox 1066 4439 1092 4488; x_wconf 82' lang='grc'>5.</span> <span class='ocrx_word' id='word_1_414' title='bbox 1120 4430 1187 4504; x_wconf 81' lang='lat' dir='ltr'>qnid</span> <span class='ocrx_word' id='word_1_415' title='bbox 1203 4428 1290 4501; x_wconf 81' lang='lat' dir='ltr'>igitur</span> 
     </span>
    </p>
   </div>
   <div class='ocr_carea' id='block_1_3' title="bbox 236 4517 1290 4605">
    <p class='ocr_par' dir='ltr' id='par_1_7' title="bbox 236 4517 1290 4605">
     <span class='ocr_line' id='line_1_43' title="bbox 236 4517 1290 4605; baseline -0.015 -22"><span class='ocrx_word' id='word_1_416' title='bbox 236 4532 286 4585; x_wconf 78' lang='lat' dir='ltr'>itta</span> <span class='ocrx_word' id='word_1_417' title='bbox 297 4532 375 4585; x_wconf 76' lang='lat' dir='ltr'>valet</span> <span class='ocrx_word' id='word_1_418' title='bbox 383 4551 394 4594; x_wconf 85' lang='lat'>‚·</span> <span class='ocrx_word' id='word_1_419' title='bbox 417 4529 476 4585; x_wconf 85' lang='lat' dir='ltr'>Cre.</span> <span class='ocrx_word' id='word_1_420' title='bbox 487 4536 511 4585; x_wconf 90' lang='grc'>2.</span> <span class='ocrx_word' id='word_1_421' title='bbox 530 4532 580 4584; x_wconf 87' lang='lat' dir='ltr'>illa</span> <span class='ocrx_word' id='word_1_422' title='bbox 599 4549 662 4586; x_wconf 76' lang='lat' dir='ltr'>vox</span> <span class='ocrx_word' id='word_1_423' title='bbox 679 4530 898 4605; x_wconf 79' lang='lat' dir='ltr'>eloquentissimi,</span> <span class='ocrx_word' id='word_1_424' title='bbox 917 4527 962 4581; x_wconf 84' lang='lat' dir='ltr'>aed</span> <span class='ocrx_word' id='word_1_425' title='bbox 977 4526 1004 4579; x_wconf 92' lang='lat' dir='ltr'>in</span> <span class='ocrx_word' id='word_1_426' title='bbox 1016 4542 1091 4593; x_wconf 84' lang='lat' dir='ltr'>seqq.</span> <span class='ocrx_word' id='word_1_427' title='bbox 1101 4517 1232 4572; x_wconf 91' lang='lat' dir='ltr'>omittitur</span> <span class='ocrx_word' id='word_1_428' title='bbox 1243 4534 1290 4567; x_wconf 78' lang='lat' dir='ltr'>ro·</span> 
     </span>
    </p>
   </div>
   <div class='ocr_carea' id='block_1_4' title="bbox 1014 4612 1060 4686">
    <p class='ocr_par' dir='ltr' id='par_1_8' title="bbox 1014 4612 1060 4686">
     <span class='ocr_line' id='line_1_44' title="bbox 1014 4612 1060 4686; baseline -0.043 0"><span class='ocrx_word' id='word_1_429' title='bbox 1014 4612 1060 4686; x_wconf 89' lang='lat'>17</span> 
     </span>
    </p>
   </div>
   <div class='ocr_carea' id='block_1_5' title="bbox 0 0 1764 5450">
    <p class='ocr_par' dir='ltr' id='par_1_9' title="bbox 0 0 1764 5450">
     <span class='ocr_line' id='line_1_45' title="bbox 0 0 1764 5450; baseline 0 7"><span class='ocrx_word' id='word_1_430' title='bbox 0 0 1764 5450; x_wconf 95' lang='lat' dir='ltr'> </span> 
     </span>
    </p>
   </div>
  </div>
 </body>
</html>
