3517 5450
627 729 821 778 ramnoxou
839 731 888 776 ιιι.
912 732 982 780 car.
999 734 1034 780 ιι.
1274 709 1346 787 137

320 885 473 941 uimediam
494 886 615 941 tollerent
639 888 749 960 eiusque
774 889 836 944 ioco
862 901 1027 961 reponerent
1049 893 1172 963 quondo,
1199 894 1272 966 quod
1293 915 1347 949 non

320 973 354 1028 leo
371 974 505 1046 ingratam
525 973 617 1029 dixisse
639 974 742 1030 ridetur
760 975 811 1032 Or.
831 977 932 1032 inferre
950 978 1120 1045 varietatem,
1154 981 1217 1052 quia
1237 984 1348 1038 auribus

320 1062 492 1136 belingario,
518 1063 562 1118 sed
583 1063 644 1136 quia
665 1063 753 1134 primo
780 1064 907 1137 adspectu
933 1065 1133 1138 ambiguitatem
1159 1068 1244 1140 parit,
1272 1090 1348 1142 quae,

332 1152 546 1224 quandoquidem
572 1151 751 1219 scriberetur,
780 1154 892 1208 abesset.
942 1154 1069 1221 Accedit,
1095 1156 1169 1227 quod
1188 1160 1348 1229 compendia
1443 1164 1446 1169 ’

320 1255 386 1293 >tum
406 1240 516 1310 quondo
533 1250 559 1293 et
577 1240 703 1311 quonium
727 1250 790 1294 eunt
818 1239 968 1306 simillima,
990 1252 1016 1295 et
1034 1242 1112 1314 pauci
1131 1253 1192 1297 eunt
1211 1242 1350 1301 Ciceronis

320 1325 360 1392 o',
374 1345 375 1349 ¹
387 1326 487 1398 quibus
506 1326 614 1399 quondo
641 1325 691 1380 bac
716 1328 846 1381 sententia
865 1329 999 1400 positum,
1028 1341 1128 1384 certam
1153 1329 1232 1386 babet
1250 1332 1349 1387 eedem.

321 1413 355 1468 id.
373 1414 462 1469 Oreli.
480 1416 514 1469 ad
543 1413 574 1467 F.
593 1414 626 1467 Α.
642 1412 737 1467 wetti
767 1414 879 1470 Sobolas
903 1415 931 1470 iu
950 1417 1049 1471 Tusce.
1068 1415 1114 1470 tV.
1133 1415 1157 1488 5.
1176 1419 1220 1472 34.
1239 1437 1265 1489 p.
1284 1422 1347 1475 413.

321 1519 344 1556 os
363 1503 396 1557 ad
420 1503 518 1559 Tusco.
546 1501 637 1556 iocum
667 1501 783 1555 eundem
808 1502 841 1557 T.
859 1502 893 1557 11.
921 1525 947 1576 p.
964 1508 1016 1560 331
1035 1525 1076 1577 sq.
1095 1533 1130 1544 -·
1165 1504 1220 1557 Pro
1236 1506 1348 1574 profici-

321 1600 406 1645 untur
429 1602 470 1645 eet
490 1591 718 1661 proficiscantur
748 1589 777 1643 in
797 1590 864 1645 cod.
890 1592 971 1646 Drad.
990 1596 1016 1649 1.
1062 1590 1092 1646 in
1120 1592 1171 1647 Oa.
1189 1590 1209 1646 1.
1229 1594 1350 1665 sequitur

321 1677 523 1733 aiereduertunt.
559 1675 590 1730 ln
611 1697 685 1751 seqq.
712 1697 762 1750 pro
780 1679 896 1752 itemque
916 1679 1003 1735 Codd.
1026 1680 1098 1735 Gud.
1118 1680 1150 1734 Α.
1177 1680 1243 1735 Oea.
1260 1680 1293 1736 E.
1312 1681 1347 1734 U.

321 1764 385 1820 iuieb.
404 1768 415 1818 i
421 1776 531 1838 toque,
549 1765 630 1821 Drsd.
650 1770 676 1822 1.
696 1769 721 1821 3.
738 1767 856 1839 itemque
873 1768 936 1822 itu.
970 1768 1041 1821 Tum
1061 1767 1126 1823 Οιι.
1138 1767 1169 1822 Ε.
1183 1767 1203 1822 l.
1221 1781 1348 1822 esiconem

321 1871 349 1906 uo
362 1862 490 1919 mouent,
509 1872 565 1926 quo
583 1854 611 1908 in
629 1854 762 1909 consimili
781 1854 912 1909 sententia
930 1874 994 1909 usus
1012 1866 1052 1910 eet
1069 1854 1125 1910 Cic.
1145 1855 1178 1908 ad
1199 1858 1286 1921 atet,
1300 1859 1347 1908 21:

321 1941 367 1992 reio
379 1952 473 1994 »rostro
490 1941 571 1994 istinc
588 1952 763 1997 ensuerunt.
802 1941 856 1996 Sed
871 1941 1019 1996 admodum
1033 1943 1126 2014 exigua
1139 1943 1250 1997 istorum
1261 1943 1348 1997 Codd.

321 2028 500 2083 etauctoritae.
537 2029 620 2084 iidem
641 2028 784 2103 posthaec
803 2049 865 2084 cum
885 2031 966 2084 Drsd.
986 2037 1011 2086 1.
1037 2030 1135 2085 babent
1160 2042 1199 2082 ut
1222 2031 1293 2093 sinte
1319 2033 1347 2085 in

321 2111 375 2169 tot.
400 2120 426 2170 ⁵.
456 2115 555 2188 iegitur
581 2118 710 2190 aequalia
733 2136 811 2172 esse
834 2113 938 2172 necesse
962 2129 1012 2172 est.
1068 2119 1092 2173 Α
1119 2117 1190 2173 Gud.
1216 2119 1248 2173 Α.
1274 2119 1347 2174 abeat

321 2201 362 2256 iat.
393 2202 422 2256 M
429 2222 452 2256 r.

369 2294 394 2344 A
409 2292 603 2364 pbilosophis,]
624 2291 709 2347 codd.
729 2292 801 2348 Gud.
819 2295 851 2348 Α.
871 2293 922 2348 Οι.
943 2313 970 2357 p.
1008 2296 1189 2367 Epicurus
1215 2316 1232 2348 a
1259 2297 1349 2366 pbilo-

322 2380 399 2447 optim
422 2379 504 2435 Drsd.
522 2385 540 2436 4
558 2392 585 2435 et
603 2385 628 2436 b.
665 2382 845 2452 Epicurus
870 2393 988 2434 autem
1013 2401 1032 2435 u
1053 2383 1221 2454 pbilosophis
1247 2384 1346 2454 inquit.

322 2464 367 2522 iod.
383 2467 441 2524 Cre.
454 2473 479 2524 1.
515 2469 663 2521 Scilicet
681 2470 859 2539 Epicurus
877 2488 895 2521 o
905 2470 1181 2543 pbilosopbieirrqur't.
1216 2470 1349 2541 Agnoscis

322 2551 345 2606 tel
352 2555 452 2610 nemine
464 2568 593 2611 monente
604 2575 713 2610 manum
727 2555 888 2627 glossatoris,
901 2575 952 2611 nec
963 2576 1025 2610 vero
1036 2558 1183 2611 admodum
1196 2557 1276 2612 docti.
1291 2557 1319 2610 Μ
1328 2577 1350 2610 r.

368 2647 394 2699 A
407 2645 586 2716 pbilosophis]
607 2645 652 2716 qui
671 2643 774 2698 scilicet
792 2642 841 2696 sibi
859 2643 931 2698 inter
948 2663 976 2698 ee
993 2663 1049 2697 non
1062 2646 1241 2700 consentiunt.
1278 2645 1346 2698 Nam

322 2746 353 2787 uc
365 2734 416 2807 ipsa
435 2735 469 2789 de
488 2755 518 2788 re
536 2746 638 2806 pugnat
656 2752 718 2788 cum
737 2732 835 2788 Stoicis
854 2731 1017 2800 Antiochus,
1038 2744 1066 2788 ut
1084 2743 1123 2788 est
1140 2733 1168 2787 in
1180 2732 1307 2788 Academ.
1321 2737 1346 2788 4.

322 2832 360 2891 ap.
373 2826 414 2879 43.
452 2822 474 2875 F
482 2842 552 2877 acc.

367 2910 466 2983 inquis]
509 2911 635 2982 ,‚Iaquit,
661 2908 812 2964 duodecim.
858 2910 974 2981 [aquid.
1004 2910 1067 2964 duo.
1113 2914 1209 2983 Inquit
1239 2909 1349 2982 uliquis,

322 3001 393 3051 tuus.“
409 2999 485 3052 Atd.
504 2998 634 3052 Manat.
671 2998 800 3071 „ioquin
826 3016 863 3052 sc.
879 2998 989 3070 aliquis,
1016 3000 1171 3073 quicunque
1190 3003 1256 3055 est.“
1274 2999 1348 3053 Frc.

322 3075 387 3151 Sytv.
421 3087 564 3153 „imitatur
581 3086 777 3153 adversarium,
795 3086 850 3159 qui,
870 3106 934 3141 cum
952 3088 1069 3142 rationes
1087 3089 1204 3142 refutare
1218 3107 1273 3142 non
1287 3108 1349 3159 poe·

322 3166 352 3235 it,
366 3189 486 3231 auctores
504 3194 596 3229 earum
616 3174 700 3229 elevat
717 3184 798 3247 atque
816 3175 975 3229 contemnit.
1012 3174 1108 3230 Cicero
1126 3186 1216 3229 autem
1236 3195 1284 3245 per
1304 3177 1348 3229 in·

323 3261 443 3318 tutionem
471 3265 588 3318 rationes
610 3284 671 3318 suas
695 3263 787 3318 eadem
813 3264 984 3329 auctoritate,
1018 3283 1100 3335 quam
1124 3262 1169 3316 iile
1192 3264 1349 3327 contemnit,

323 3350 447 3407 confirmat.
485 3353 555 3422 Quis
572 3357 645 3406 enim
664 3363 759 3425 negat,
778 3352 856 3405 bonis
875 3363 901 3405 et
918 3352 1082 3422 sapientibus
1107 3351 1167 3403 siris
1185 3346 1349 3405 credendum

323 3448 357 3489 Ἢ
381 3442 483 3512 potius,
516 3459 597 3513 quam
623 3441 781 3507 lenonibus,
810 3438 906 3493 baiulis
930 3450 957 3493 et
983 3436 1155 3509 operariis?“
1188 3437 1220 3490 11.
1245 3436 1348 3491 Wolf.

324 3519 366 3581 ‚Eu
376 3528 520 3598 adversarii
539 3528 688 3583 obiicientis
705 3528 770 3582 baec
799 3538 826 3581 et
846 3526 921 3598 quasi
947 3526 1059 3581 dicentis
1076 3524 1143 3579 baec
1165 3543 1221 3578 erse
1241 3544 1300 3578 sera
1320 3524 1347 3578 in

323 3606 518 3690 tbiiosopborum
537 3616 650 3683 scholis,
670 3636 721 3672 nec
737 3635 801 3671 vero
819 3616 847 3668 in
866 3615 918 3669 vita
937 3612 1076 3670 communi
1095 3624 1122 3667 et
1140 3612 1256 3667 veritate.
1302 3610 1349 3663 Ci-

322 3711 363 3754 'ero
380 3705 525 3778 respondet
547 3705 664 3759 oratorie
691 3717 717 3760 et
737 3705 811 3779 quasi
837 3705 957 3760 comice:
985 3702 1155 3768 Metuebam‚
1185 3721 1219 3755 ne
1249 3699 1351 3753 diceres
1463 3764 1465 3767 Ι

323 3800 364 3845 ¹³te
379 3813 420 3847 mc
438 3792 609 3864 sumpsissea
628 3793 778 3848 lenonibus.
817 3794 876 3849 Hoc
892 3794 964 3848 enim
982 3790 1099 3847 absurdo
1116 3790 1193 3844 solvit
1205 3789 1350 3843 absurdum

323 3870 448 3947 '‘bersarii,
479 3882 552 3953 quasi
573 3902 692 3955 eaquae
718 3903 732 3936 a
753 3881 917 3954 philosophis
939 3891 1126 3946 sumerentur,
1153 3879 1241 3931 minus
1266 3889 1352 3932 essent

323 3975 373 4033 ua,
391 3988 471 4041 quam
492 3989 561 4040 quae
579 3990 593 4023 e
612 3970 713 4041 vulgari
733 3972 782 4025 vita
803 3973 986 4043 peterentur.“
1005 3968 1187 4041 Wyttenb.

369 4056 469 4129 inquit,
489 4059 545 4109 isto
563 4059 668 4126 suntin]
706 4058 783 4113 Unus
800 4058 852 4113 Or.
871 4077 899 4121 ψ.
918 4058 1065 4129 inquisito,
1089 4055 1161 4109 uude
1189 4053 1291 4108 Gernh.
1323 4074 1349 4107 se

324 4150 440 4202 *tenuere
465 4145 502 4198 ait
527 4145 555 4197 in
586 4148 758 4200 annotatione
786 4166 873 4200 reram
901 4144 1038 4199 Ciceronis
1065 4163 1193 4211 manum,
1224 4145 1353 4215 inquis,

324 4232 367 4295 W,
384 4252 464 4306 quam
478 4233 619 4288 exhibeant
639 4246 691 4288 trea
709 4234 815 4300 Aidini,
840 4234 907 4287 Edd.
927 4232 1024 4287 Graes.
1042 4232 1122 4286 Face.
1142 4231 1246 4284 Ernest.
1265 4228 1352 4299 bugd.

325 4309 377 4373 556.
410 4323 519 4374 Poterat
538 4321 635 4375 addere
655 4323 687 4377 11.
704 4323 790 4376 Wolf.
811 4322 880 4376 And.
899 4322 956 4374 Tai.
975 4321 1350 4393 syth.Att.ts‹18.e11552.

324 4392 374 4464 ι0111.
392 4412 505 4467 Lambb.
524 4410 603 4466 Grut.
623 4410 711 4466 Gron.
730 4413 813 4467 Verb.
831 4410 903 4466 oliv.
924 4413 1010 4467 Wete.
1029 4410 1117 4465 Scbte.
1161 4409 1214 4462 Sed
1239 4410 1295 4480 ipse
1324 4409 1350 4461 in

324 4485 430 4553 *idendis
455 4499 521 4553 baec
547 4501 683 4571 apposuit:
713 4499 800 4567 „Tha
826 4499 963 4554 Bentleius
989 4500 1077 4571 patrui
1104 4498 1263 4553 auctoritate
1289 4515 1350 4551 curu
