3517 5450
757 731 791 778 ll.
827 732 1015 782 uutrtoueu
1353 747 1412 794 ΧΙΧ

365 889 467 955 Ursini,
488 890 603 961 Longii,
631 894 690 944 Fre.
709 892 828 944 Fabricii
846 897 1020 961 Muscarium,
1040 898 1108 950 Aldi
1126 902 1248 952 lllcnutii
1269 915 1295 958 et
1313 904 1356 960 all.
1368 927 1410 960 se-

362 976 436 1032 lectis.
474 977 621 1033 Amstelod.
641 982 720 1034 1688.
740 985 764 1034 8.
810 980 865 1036 Hac
886 984 1002 1038 editione
1024 987 1143 1040 utnulla
1169 1001 1206 1043 est
1225 992 1347 1060 uberior,
1375 997 1410 1050 ita

361 1065 383 1116 in
401 1064 563 1118 Batavorum
583 1066 757 1134 editionibus,
778 1069 851 1140 quod
871 1071 904 1122 ad
926 1074 1128 1141 annotationes,
1154 1097 1255 1144 paucae
1274 1095 1335 1135 sunt
1353 1103 1411 1136 ma-

362 1154 395 1224 gis
422 1156 579 1226 inquinatae
606 1175 749 1226 operarum
777 1158 842 1211 vitiis
866 1171 892 1213 et
917 1163 1077 1216 correctoris
1103 1166 1272 1237 negligentia.
1318 1170 1410 1238 Quare

362 1244 498 1297 commode
515 1243 626 1308 accidit,
652 1245 723 1316 quod
744 1265 799 1299 non
826 1258 929 1301 tantum
949 1268 1008 1302 eam
1034 1250 1178 1306 editionem
1197 1254 1230 1308 ad
1250 1275 1345 1311 manus
1363 1259 1410 1312 ha·

362 1331 410 1398 bui,
429 1332 473 1385 sed
495 1333 574 1386 etiam
595 1335 802 1388 commentarios
822 1335 878 1388 lere
896 1356 990 1391 omnes
1009 1358 1112 1407 eorum,
1130 1360 1159 1393 ex
1179 1343 1332 1413 quibussua
1345 1346 1410 1400 hau-

363 1420 388 1472 sit
406 1419 549 1485 Graevius,
579 1420 651 1473 unde
669 1421 820 1492 saepissime
851 1443 945 1476 eorum
974 1427 1114 1479 sententias
1142 1440 1168 1481 et
1194 1432 1271 1486 verba
1300 1436 1409 1489 restitui.

364 1506 440 1560 Orell.
458 1507 476 1560 l.
496 1527 519 1561 c.
540 1528 565 1578 p.
584 1511 645 1563 ³56.

427 1599 470 1651 11.
508 1600 548 1652 M.
575 1601 603 1650 T.
624 1599 674 1651 Cic.
695 1597 749 1666 Offi
770 1610 819 1653 etc.
866 1602 1013 1652 Paradoxo
1033 1631 1067 1641 -
1087 1623 1146 1655 cum
1172 1608 1276 1661 selectis
1298 1611 1410 1662 varian-

366 1683 429 1737 tibus
456 1684 624 1739 lectionibus.
670 1689 798 1753 Patavii,
833 1691 1015 1742 Muccuxt.
1036 1695 1061 1746 8.
1091 1693 1153 1744 min.
1198 1693 1312 1748 Videtur
1335 1699 1409 1769 sequi

366 1769 500 1825 Olivetum.
546 1773 685 1828 Lectiones
705 1775 833 1829 variantes
853 1776 925 1829 unde
953 1781 1113 1851 excerpserit
1129 1782 1229 1849 editor,
1258 1803 1312 1836 non
1341 1786 1410 1839 dixit.

428 1865 470 1916 16.
507 1864 548 1916 Μ.
562 1862 717 1931 T.Cic.0ffi
738 1875 787 1917 etc.
825 1865 983 1918 Parauaea.
1019 1869 1086 1922 Adi.
1105 1880 1170 1920 sunt
1190 1869 1279 1924 breves
1298 1874 1336 1923 ad
1353 1876 1412 1925 col·

368 1951 627 2004 remunnotationes.
663 1950 771 2005 Patavii.
808 1951 895 2023 'l'ypis
913 1952 1014 2008 Semin.
1033 1954 1194 2009 MDCCXX.
1214 1961 1238 2009 8.
1282 1959 1326 2012 Est
1346 1959 1411 2013 lraec

368 2035 406 2090 tt.
426 2037 492 2091 lac.
510 2037 710 2093 Facciolati
730 2041 819 2109 prima
839 2040 905 2106 (vid.
924 2039 955 2093 C.
971 2041 1080 2095 Beier.
1098 2042 1116 2094 l.
1135 2043 1152 2095 l.
1171 2046 1296 2113 p.45‹t.):
1314 2066 1411 2117 quam-

370 2144 437 2195 quam
456 2126 512 2178 eius
522 2145 623 2180 nomen
643 2147 698 2181 non
709 2128 830 2181 additum
850 2139 896 2181 est.
933 2129 1128 2183 Annotationes
1137 2130 1235 2184 nullius
1244 2144 1305 2186 sunt
1321 2133 1410 2203 pretii:

369 2212 422 2265 nihil
440 2213 554 2280 docent,
572 2215 622 2267 nisi
643 2217 715 2287 quod
734 2216 833 2283 lector,
854 2217 892 2269 vel
914 2237 968 2270 non
989 2220 1120 2284 monitus,
1145 2218 1201 2289 ipse
1220 2220 1410 2275 animadvertit.

429 2304 472 2355 ll.
510 2304 560 2354 Ed.
588 2306 645 2356 loc.
664 2306 816 2356 Facciolati
843 2305 942 2373 altera,
971 2307 1006 2360 ita
1033 2307 1174 2378 inscripta:
1200 2311 1240 2360 M.
1270 2312 1301 2360 T.
1325 2314 1352 2362 C.
1379 2311 1411 2362 de

372 2391 460 2458 Officiis
476 2390 539 2443 libri
557 2395 614 2445 III.
650 2397 691 2444 De
717 2397 778 2447 Sen.
816 2397 858 2444 De
877 2395 965 2447 Amic.
1011 2399 1054 2446 Dc
1072 2399 1159 2447 Somn.
1179 2395 1249 2463 Scip.
1273 2406 1301 2446 et
1320 2399 1412 2448 Puro-

372 2479 437 2533 tlcxo.
475 2481 541 2532 Acc.
562 2481 594 2549 Q.
613 2481 721 2534 Fratris
742 2482 993 2533 Commentariolum
1011 2483 1164 2534 Petitionis.
1216 2485 1259 2532 Ex
1285 2501 1336 2536 rec.
1354 2488 1410 2537 Iac.

372 2569 570 2621 Facciolati.
607 2569 702 2621 Venet.
714 2569 940 2620 MDCCXLVII.
976 2571 1020 2619 Ex
1038 2579 1145 2640 typogr.
1163 2573 1186 2619 Ι.
1201 2566 1365 2620 B.Att›ritii.
1384 2574 1410 2624 8.

372 2657 511 2712 rldmodum
530 2657 681 2727 discrepant
701 2654 898 2707 Gernhardi
924 2666 950 2708 et
974 2655 1090 2708 Beieri
1116 2655 1212 2708 iudicia
1238 2654 1271 2706 de
1297 2667 1411 2709 annota-

373 2745 430 2800 tione
454 2745 668 2811 Facciolati,
703 2764 783 2816 quarn
810 2742 920 2815 quidem
952 2744 996 2797 ille
1028 2744 1132 2808 laudat,
1162 2743 1204 2797 hic
1232 2741 1434 2813 reprehendit.⁴

375 2828 428 2885 Cum
446 2854 507 2888 vero
527 2844 641 2905 uterque
659 2833 691 2885 de
710 2831 874 2885 Olsrciorum
896 2831 1061 2903 potissimum
1081 2830 1209 2904 loquatur
1226 2830 1307 2897 libris,
1328 2832 1411 2887 lecto-

374 2937 404 2971 res
419 2922 449 2974 ad
468 2942 514 2975 eos
540 2922 674 2974 remittere
700 2919 785 2986 malo,
816 2939 897 2991 quam
925 2940 1065 2991 excerpere
1090 2939 1183 2973 eorum
1208 2938 1240 2973 ac
1266 2919 1411 2975 diiudicare

373 3010 507 3063 sententias.
543 3008 610 3066 utihi
630 3007 738 3080 quidem
758 3018 861 3061 certum
881 3018 933 3074 est,
955 3009 1002 3061 nisi
1022 3008 1085 3061 alias
1103 3009 1137 3061 ob
1159 3028 1249 3061 causas
1267 3009 1335 3062 bene
1355 3030 1412 3063 me-

374 3099 452 3154 ruisset
470 3099 504 3152 de
523 3098 621 3152 nostris
639 3096 731 3150 litteris
749 3094 771 3147 F
780 3094 989 3161 asciolatus,
1009 3096 1086 3150 huius
1106 3096 1229 3149 editionis
1244 3096 1338 3150 merito
1350 3117 1411 3149 eum

373 3182 392 3234 id
407 3205 457 3239 non
476 3186 556 3239 luisse
576 3195 800 3247 consecuturum,
830 3202 993 3255 quamquam
1023 3204 1052 3236 ea
1081 3184 1134 3236 suis
1153 3204 1208 3237 non
1230 3195 1301 3237 caret
1326 3185 1412 3237 laudi-

372 3268 422 3338 bus,
440 3286 464 3327 et
483 3274 568 3347 priori
586 3273 701 3326 multum
720 3282 844 3344 praestat.
864 3271 925 3323 Vid.
941 3271 1026 3325 Orell.
1040 3271 1141 3325 Onom.
1156 3270 1228 3323 Tull.
1242 3270 1274 3323 T.
1286 3271 1303 3322 Ι.
1316 3293 1341 3342 p.
1351 3276 1411 3327 358,

429 3365 472 3416 18.
509 3366 552 3415 M.
575 3361 646 3413 Tull.
667 3362 721 3416 Cic.
740 3364 807 3413 Coto
826 3361 889 3412 mci.
907 3371 933 3412 et
953 3360 1032 3411 Lael.
1051 3370 1132 3409 -et
1151 3359 1312 3413 Paradoxa,
1338 3378 1411 3429 perp.

370 3460 449 3504 onrrot.
469 3460 499 3503 et
516 3468 631 3501 excursu
650 3449 804 3501 illustravit
822 3451 850 3501 I.
871 3452 898 3501 C.
917 3452 948 3502 F.
969 3448 1009 3500 W
1014 3446 1118 3499 etzel.
1156 3445 1273 3515 Lignitii
1291 3446 1368 3497 179².
1388 3449 1412 3499 8.

368 3549 389 3590 et
405 3538 453 3592 Ed.
471 3543 562 3591 altera
582 3549 700 3591 correcta
730 3548 756 3590 et
781 3548 857 3590 aucta
881 3536 916 3587 ib.
936 3537 1015 3588 1808.
1051 3533 1140 3601 [Quae
1168 3531 1267 3604 prodiit
1291 3530 1370 3584 editio
1390 3532 1427 3587 a.''

369 3626 443 3693 1817,
465 3625 530 3680 nihil
551 3626 640 3679 disten
660 3627 692 3678 ab
713 3624 811 3689 altera,
838 3624 887 3677 nisi
912 3644 982 3676 novo
1001 3622 1104 3687 indice,
1130 3620 1175 3692 qui
1195 3619 1275 3672 habet
1302 3621 1365 3673 item
1384 3623 1411 3674 in

367 3714 448 3768 lronte
466 3715 690 3787 significationem
710 3712 833 3765 editionis
852 3712 1004 3778 secundae]
1043 3707 1255 3761 Commendatur
1274 3706 1338 3761 haec
1356 3709 1414 3759 edi·

367 3801 397 3854 tio
415 3803 467 3856 suis
486 3803 625 3869 laudibus,
647 3820 811 3873 quamquam
831 3799 1064 3853 Gernhardianam
1084 3817 1138 3849 non
1158 3805 1262 3866 aequat.

433 3895 474 3945 19.
512 3892 552 3944 M.
581 3895 611 3944 Τ.
633 3892 685 3942 Cic.
708 3893 775 3942 Coto
801 3889 862 3941 rnoi.
891 3908 913 3941 s.
940 3890 971 3939 de
999 3891 1059 3939 Sere.
1084 3897 1111 3936 et
1136 3883 1284 3935 Paradoxa
1309 3902 1362 3937 rec.
1388 3897 1414 3938 et

361 3981 474 4034 Sclsoiiis
493 3978 586 4031 Iocobi
605 3979 756 4031 Facciolati
775 3978 885 4049 suisque
902 3971 1177 4028 animadversionibus
1194 3972 1326 4023 instruxit
1336 3973 1371 4023 A.
1384 3975 1414 4025 G.

361 4068 554 4121 Gernhard.
572 4068 641 4139 Lips.
662 4069 741 4120 1819.
760 4070 784 4119 8.
822 4065 911 4120 Editio
929 4061 1160 4137 praestantissima.
1198 4058 1286 4111 Notos
1305 4058 1412 4130 quidem

360 4155 467 4209 codices
486 4156 612 4209 conferre
631 4175 686 4208 non
705 4155 779 4209 licuit
798 4156 853 4207 viro
874 4153 1047 4217 doctisssimo,
1065 4151 1110 4203 sed
1130 4150 1228 4222 paratis
1240 4147 1347 4200 aliunde
1367 4164 1413 4197 co-

359 4242 411 4314 piis
428 4243 530 4313 optime
551 4262 612 4295 usus
631 4254 668 4296 est
687 4244 712 4296 et
732 4243 764 4295 ad
784 4241 861 4294 verba
883 4240 1049 4294 emendanda
1074 4250 1099 4291 et
1118 4238 1151 4290 ad
1177 4256 1219 4289 res
1238 4232 1412 4306 explicandas.

358 4331 407 4383 Est
425 4331 551 4402 quidem,
570 4331 616 4383 ubi
636 4330 749 4384 aliorum
770 4332 941 4394 testimoniis,
972 4330 1017 4401 qui
1038 4337 1173 4391 errarent,
1201 4322 1328 4387 confisus,
1358 4320 1414 4391 ipse

357 4420 385 4471 in
408 4438 529 4472 errorem
549 4419 674 4474 inductus
693 4430 818 4492 apparet,
847 4430 886 4472 est
911 4419 955 4472 ubi
975 4417 1053 4471 aliam
1078 4415 1112 4468 ob
1137 4430 1242 4465 causam
1269 4429 1354 4462 meam
1381 4409 1414 4461 ab

351 4509 412 4561 eius
433 4507 568 4561 sententia
588 4508 791 4580 disiungendam
811 4509 967 4573 existimaui3
994 4506 1038 4559 sed
1064 4502 1178 4575 plurima
1204 4499 1303 4563 nitent;
1333 4515 1415 4569 quare

1140 4589 1188 4659 b.
