3517 5450
461 700 535 774 314
788 727 962 776 ramuoxt
989 728 1183 777 sroiconuu.

459 885 509 939 Cn.
530 886 653 953 Plancio,
673 908 687 941 a
705 887 816 953 Labico,
836 900 935 943 vetusto
954 889 1072 960 oppido,
1092 888 1165 958 quod
1183 908 1269 961 prope
1287 890 1439 944 Tusculum
1453 894 1500 954 luit,

459 994 514 1027 nou
534 975 627 1045 procul
643 977 676 1028 ab
696 976 762 1029 urbe
777 976 873 1042 Roma,
893 976 1058 1030 Labicanum
1076 975 1177 1029 dictum
1196 986 1250 1028 est:
1268 976 1351 1047 idque
1365 997 1416 1048 pro
1437 1000 1503 1049 prae·

459 1064 504 1117 dio
522 1063 670 1130 Labicano,
690 1075 719 1117 ut
735 1064 935 1131 Tusculanum,
955 1064 1167 1136 Pompeianum,
1186 1063 1381 1130 Formianum,
1412 1066 1503 1137 aliaque

459 1153 576 1206 eiusdem
595 1154 729 1224 generis.“
748 1153 822 1207 Frc.
841 1152 932 1225 Syls.

529 1241 677 1308 divitiores]
714 1241 771 1308 „lta
797 1241 899 1313 primae
917 1241 978 1296 edd.
997 1253 1022 1296 et
1047 1241 1127 1295 MSS.
1152 1240 1236 1294 nostri
1265 1259 1371 1295 omnes.
1416 1241 1502 1296 Subse-

459 1339 570 1398 quentes
588 1328 660 1381 enim
680 1329 788 1382 ditiores
806 1349 899 1382 eumue
918 1332 965 1402 qui
981 1349 1010 1400 p.
1029 1329 1080 1384 tn?
1098 1350 1125 1387 e.
1146 1329 1252 1400 quidem
1270 1346 1401 1385 essemus.
1421 1350 1502 1402 super-

459 1418 601 1470 vacanee.‘⁴
638 1416 736 1471 Grut.

530 1509 587 1560 Nos
606 1507 693 1577 igitur
712 1507 921 1572 divitiores,
940 1507 986 1578 qui
1001 1505 1088 1575 plura
1104 1505 1254 1558 habemus?
1276 1507 1422 1558 Utinam
1440 1509 1503 1578 qei-

459 1595 549 1662 dem.]
587 1594 651 1659 „Sic
668 1594 748 1648 MSS.
784 1593 838 1648 Sed
855 1594 925 1648 Edd.
952 1613 1001 1647 nes
1019 1594 1107 1666 igitur
1132 1593 1287 1646 ditiores
1310 1613 1443 1659 sumus,
1466 1597 1504 1667 qui

454 1682 539 1753 plura
562 1682 711 1736 habemus?
751 1684 862 1736 Utinam
888 1682 994 1754 quidem
1019 1682 1155 1734 essemus!
1161 1683 1178 1711 ⁴⁴
1198 1679 1321 1734 Graes.
1370 1683 1502 1747 „Ditiores

459 1788 560 1822 omnes
597 1771 733 1823 Diotieres
751 1789 884 1836 sumus,
903 1771 964 1841 qui,
982 1769 1084 1823 decem.
1126 1773 1253 1821 Essemus
1271 1771 1347 1824 abest
1368 1791 1383 1824 a
1403 1770 1504 1842 quinde-

459 1856 540 1909 cim.⁴‘
566 1857 639 1912 Ald.
658 1856 743 1911 Man.
792 1856 973 1925 „pithoeanus
998 1857 1087 1911 Codex
1112 1859 1244 1912 consentit
1269 1857 1354 1913 MSS.
1381 1859 1505 1913 Gruteri.“

458 1943 581 1998 Graes.
618 1945 834 2018 „lncorruptam,
853 1958 926 2000 certe
945 1947 1143 2019 explicationem
1162 1945 1241 1999 liuius
1258 1945 1445 2018 Comparatiri
1457 1948 1504 1998 lor-

458 2053 530 2087 mam
546 2034 656 2088 servarit
673 2033 751 2089 Orat.
770 2034 814 2102 lll,
833 2039 878 2102 48,
898 2039 965 2089 185:
992 2035 1059 2086 Inde
1086 2034 1133 2086 ille
1157 2033 1282 2085 licentior
1308 2046 1339 2086 et
1365 2035 1504 2087 divitior

452 2123 541 2192 fluxit
561 2122 766 2192 dithyrambos:
791 2122 837 2175 ubi
865 2124 946 2177 etiam
971 2121 1102 2196 quaedam
1121 2121 1316 2174 adiectivorum
1343 2121 1505 2194 aequabilitas

458 2222 514 2264 erat
531 2211 683 2282 spectanda.
718 2211 789 2265 Tum
809 2222 902 2264 nostro
920 2211 981 2265 loco
1001 2211 1123 2274 divitem,
1150 2228 1206 2261 non
1226 2209 1323 2273 ditem,
1352 2210 1427 2280 quod
1445 2209 1504 2280 apud

458 2300 560 2353 Livium
579 2300 705 2372 frequens
724 2310 776 2362 est,
795 2311 835 2353 ter
854 2311 979 2371 quaterve
998 2296 1068 2351 dixit.
1117 2295 1257 2363 Quantum
1283 2297 1458 2352 tribuendum
1480 2296 1505 2348 sit

457 2386 604 2457 scripturae
623 2386 800 2459 compendio,
821 2405 875 2457 quo
894 2385 934 2438 usi
953 2385 1057 2437 scribae
1075 2395 1146 2450 suut,
1164 2384 1275 2438 difficile
1294 2396 1335 2438 est
1358 2386 1456 2458 ubique
1470 2384 1504 2435 iu·

458 2477 555 2530 dicare.
593 2476 653 2529 vid.
671 2477 747 2528 Voss.
768 2474 800 2528 de
819 2474 950 2546 Analogia
970 2473 1002 2540 ll,
1022 2476 1072 2538 25,
1093 2493 1119 2544 p·
1139 2474 1222 2526 804.'‘
1239 2471 1373 2528 Geruli,
1418 2473 1504 2524 Videa-

459 2585 518 2618 mus
537 2564 589 2618 iam
606 2565 639 2617 de
658 2564 741 2617 libris.
777 2563 827 2616 nd.
846 2563 931 2634 Lugd.
946 2582 997 2635 pro
1017 2581 1081 2614 noa
1098 2563 1187 2632 igitur
1203 2560 1309 2632 exbibet
1327 2581 1395 2614 non
1411 2562 1503 2632 igitur,¹

459 2652 530 2706 Gud.
543 2655 573 2705 A.
593 2652 744 2707 babetcunr
757 2651 848 2704 Guell.
867 2670 915 2703 nos
935 2669 1012 2703 num
1030 2650 1140 2702 ditiores
1159 2668 1295 2711 sumus,·
1313 2648 1404 2704 Codd.
1424 2649 1504 2702 Ceut.

459 2741 509 2795 Ox.
528 2742 560 2795 N.
577 2741 658 2794 Drsd.
675 2744 700 2795 1.
720 2743 745 2795 3.
765 2740 846 2794 Bern,
864 2759 913 2792 nea
932 2758 1020 2792 vere·
1055 2737 1102 2791 Est
1120 2738 1230 2790 ditiores
1248 2738 1277 2791 in
1297 2737 1366 2793 Oxs.
1379 2739 1410 2795 E.
1428 2738 1459 2791 N.
1475 2737 1503 2789 U.

458 2827 517 2883 Cra.
537 2832 564 2881 2.
582 2831 607 2883 3.
626 2828 705 2882 Drsd.
725 2832 750 2881 1.
768 2831 795 2882 3.
823 2827 901 2881 Sues.
925 2837 952 2879 et
978 2825 1109 2897 plurimae
1136 2826 1197 2879 edd.
1216 2837 1278 2880 vett.
1296 2829 1448 2881 Divitiores
1464 2826 1504 2879 ha·

458 2916 523 2969 beot
541 2916 627 2969 codd.
645 2916 757 2988 reliqui,
783 2916 900 2987 itemque
925 2913 994 2967 Edd.
1013 2913 1083 2966 Vict.
1110 2914 1201 2968 Lamb.
1226 2914 1313 2971 Sullr.
1344 2916 1417 2970 Petr·
1445 2915 1504 2968 ssus.

459 3004 556 3057 Colon.
576 3002 655 3058 Grut.
675 3002 770 3057 Graev.
790 3003 876 3056 Gron.
896 3002 1004 3056 Schrer.
1023 3003 1106 3056 Verb.
1125 3002 1196 3056 Oliv.
1215 3002 1281 3058 Ern.
1299 3026 1394 3078 seqq,
1412 3006 1444 3059 de
1462 3023 1504 3076 qua

459 3091 546 3143 lorma
566 3090 616 3142 vid.
637 3091 715 3143 etiam
734 3090 820 3144 Beier.
839 3090 872 3143 ad
891 3092 946 3144 Cic.
965 3090 1037 3145 lael.
1054 3095 1095 3145 to.
1116 3111 1140 3162 p.
1159 3093 1202 3144 tt.
1220 3092 1267 3164 qui
1282 3112 1346 3146 eam
1365 3095 1402 3147 ibi
1422 3095 1448 3147 in
1465 3112 1505 3145 an-

460 3188 515 3232 not.
535 3190 668 3249 receptam
689 3198 702 3231 a
723 3198 749 3231 se
768 3178 845 3245 dixit,
864 3179 908 3231 sed
928 3181 955 3232 in
975 3191 1045 3234 textu
1066 3179 1174 3251 reliquit
1192 3180 1283 3234 ditior.
1335 3183 1452 3236 Additur
1467 3202 1505 3233 su-

459 3284 534 3332 mus,
554 3285 583 3318 ex
603 3266 703 3337 glossa,
721 3267 750 3320 in
770 3266 855 3321 Codd.
875 3266 932 3321 Cra.
953 3275 978 3327 3.
997 3269 1076 3322 Drsd.
1094 3273 1119 3322 t.
1138 3272 1164 3321 5.
1185 3266 1236 3321 Ox.
1254 3268 1289 3323 U.
1310 3268 1384 3323 Gud.
1404 3270 1443 3335 A,
1461 3290 1505 3321 non

460 3354 559 3409 habent
579 3353 665 3408 Codd.
683 3356 796 3429 reliqui,
825 3376 914 3427 neque
933 3356 1001 3411 Edd.
1021 3376 1087 3428 quas
1104 3355 1202 3408 hahere
1230 3356 1374 3410 divitiores
1398 3358 1505 3420 diximus,

460 3445 578 3517 itemque
599 3445 658 3498 Ald.
678 3448 757 3500 tstt.
777 3448 856 3500 1552.
877 3449 939 3500 Car.
958 3444 1051 3516 Steph.
1069 3444 1171 3497 Sturm.
1190 3443 1261 3496 Aud.
1280 3444 1427 3515 Tatsytb.
1441 3435 1506 3497 Face.

461 3534 527 3587 lllud
547 3552 607 3586 vero
632 3554 683 3605 pro
701 3535 788 3605 igitur
806 3546 845 3589 est
868 3534 947 3589 etiam
975 3534 1003 3586 in
1028 3533 1096 3586 Edd.
1121 3532 1181 3586 Par.
1200 3553 1220 3585 s.
1239 3553 1264 3586 a.
1291 3545 1320 3588 et
1347 3535 1409 3589 Asc.
1436 3538 1506 3589 1511:

462 3621 532 3674 unde
551 3640 612 3674 cum
631 3622 660 3675 in
679 3621 736 3675 aliis
754 3623 810 3676 eius
827 3622 889 3677 loeo
904 3624 937 3676 sit
954 3641 1029 3686 num,
1058 3622 1137 3675 etiam
1165 3640 1257 3675 vocem
1283 3625 1377 3695 igitur
1402 3625 1505 3695 eglesia

461 3728 515 3761 esse
532 3708 820 3780 suspicaturOrellius:
839 3731 854 3764 a
872 3731 926 3783 qua
945 3711 1094 3783 suspicione
1114 3730 1164 3782 ego
1182 3730 1294 3783 quoque
1316 3732 1361 3766 me
1381 3734 1437 3766 non
1454 3712 1506 3765 alie-

463 3814 527 3847 num
547 3816 601 3850 esse
621 3797 757 3868 profiteor.
793 3799 928 3867 Alteram,
948 3799 1004 3865 rel,
1022 3800 1043 3852 si
1063 3799 1158 3864 mavis,
1177 3799 1282 3852 tertiam
1303 3800 1432 3871 glossam,
1448 3820 1506 3853 esse·

461 3901 536 3949 mus,
558 3896 617 3955 post
640 3888 750 3938 Utinam
770 3889 890 3960 quidem,
911 3908 1005 3942 omnes
1023 3888 1121 3941 liabent
1138 3886 1224 3952 Edd.,
1247 3886 1276 3938 in
1299 3889 1403 3960 quibus
1422 3901 1458 3943 est
1475 3890 1506 3938 di-

461 3973 559 4032 tiores,·
579 3991 634 4025 non
654 3971 752 4028 liabent
769 3976 897 4049 reliquae,
915 3978 1032 4049 itemque
1052 3976 1137 4030 codd.
1155 3973 1220 4029 Oxx.
1232 3975 1360 4048 (excepto
1369 3978 1404 4046 Ι.)
1420 3996 1506 4039 omnes,

462 4063 519 4115 Cre.
540 4067 564 4114 2.
591 4062 632 4132 (in
652 4079 706 4134 quo
725 4075 762 4118 est
789 4066 926 4138 equidem,
957 4086 1011 4137 quo
1037 4084 1091 4118 nou
1118 4064 1155 4118 uti
1182 4063 1254 4118 solet
1278 4062 1356 4128 Cic..
1384 4066 1435 4119 nisi
1458 4082 1506 4118 cun

460 4150 546 4220 prima
556 4149 697 4220 singularis
707 4153 811 4205 numeri
822 4154 949 4224 persona)
959 4153 1031 4207 Gud.
1041 4152 1108 4206 AB.
1127 4151 1206 4205 Sues.
1214 4152 1315 4211 Duisb.
1325 4155 1409 4209 Drsd.
1419 4161 1442 4209 2.
1462 4152 1506 4205 ltr.

533 4239 587 4290 Sed
603 4259 655 4291 non
673 4243 859 4293 aestimatione
879 4242 999 4308 census,]
1036 4240 1074 4307 „i.
1093 4259 1116 4292 e.
1134 4239 1303 4294 divitiarum:
1331 4254 1362 4297 ut
1387 4243 1456 4315 apud
1474 4241 1505 4291 lu·

463 4326 581 4379 venalem
602 4339 640 4381 est
657 4326 743 4381 Satira
757 4328 832 4381 XlV:
853 4331 937 4398 [304]
957 4332 1054 4382 misera
1067 4339 1107 4381 est
1127 4329 1220 4399 magni
1239 4332 1372 4383 custodia
1390 4347 1506 4384 census.

463 4414 493 4465 ln
512 4413 562 4467 bac
580 4435 608 4467 re
627 4434 721 4469 census
743 4437 821 4488 saepe
847 4419 952 4471 dicitur.
1000 4422 1097 4470 Census
1123 4416 1286 4472 adiectirum
1318 4439 1370 4491 pro
1395 4420 1506 4473 divites

466 4502 611 4568 pecunioso
636 4503 743 4558 dicitur:
769 4518 798 4561 ut
827 4508 854 4560 in
880 4508 951 4577 Lege
974 4506 1109 4562 Voconia:
1140 4508 1181 4558 Ne
1208 4509 1273 4577 quis
1295 4509 1375 4561 homo
1394 4520 1506 4564 census,
