3517 5450
648 748 843 796 rtntnoxos
867 749 915 794 ιιι.
948 749 1016 795 ιιι.
1041 750 1075 796 ιι.
1321 726 1393 797 159

359 906 387 958 tis
403 938 429 947 -
448 925 511 959 suo:
538 908 555 959 i.
575 926 598 961 e.
619 907 664 978 qui
692 917 832 978 propterea
860 925 887 958 se
907 919 1057 961 recusutum
1082 918 1171 978 putet,
1201 907 1273 977 quod
1299 927 1392 977 peeca-

358 996 407 1047 ierit
424 995 547 1067 quidem,
567 994 612 1048 sed
633 1013 720 1066 neque
739 1013 817 1066 saepe
837 1013 926 1066 neque
947 995 1050 1065 magnis
1068 994 1096 1049 iu
1116 995 1221 1048 rebus.“
1239 994 1271 1046 H.
1291 995 1394 1048 Wolf.

412 1099 597 1166 dimetientem]
623 1098 714 1170 „quod
746 1109 839 1169 poetae
867 1098 956 1152 iacere
981 1099 1067 1154 solent
1085 1101 1204 1155 carmina
1222 1102 1395 1155 dimetientes.

355 1187 408 1239 Vide
425 1186 564 1241 Horatium
585 1185 612 1238 in
632 1185 715 1257 Epist.
735 1184 768 1238 ad
788 1184 898 1238 Pisones
912 1204 934 1238 v.
953 1190 1033 1240 214.“
1052 1188 1149 1243 Face.

409 1294 484 1361 Quae
503 1291 527 1342 si
546 1291 604 1342 visa
624 1301 689 1342 sunt
709 1289 831 1341 breviora
850 1290 897 1356 —]
918 1289 965 1354 „ld
987 1301 1039 1345 est:
1065 1294 1085 1344 si
1104 1292 1192 1346 minus
1210 1293 1290 1365 longe
1310 1311 1396 1346 reces-

349 1380 432 1434 serisu
453 1378 558 1442 medio,
587 1379 604 1430 i.
623 1398 645 1433 e.
672 1398 686 1430 a
716 1378 838 1431 virtute.“
884 1379 999 1431 Leviora
1018 1408 1054 1419 -
1072 1381 1169 1434 videri:
1198 1380 1395 1451 „interrogatio

347 1479 376 1521 est
393 1465 613 1520 asseverationem
642 1465 782 1519 includens
807 1465 852 1519 itta
879 1466 1006 1537 quidem,
1036 1468 1081 1520 sed
1111 1467 1175 1521 nihil
1204 1469 1344 1540 probans.“
1363 1467 1395 1518 11.

346 1554 442 1608 tvotf.
481 1554 589 1619 „Verba
608 1565 671 1606 sunt
691 1553 760 1618 eius,
787 1573 867 1626 quem
888 1567 983 1609 auctor
1002 1555 1078 1626 fingit
1105 1556 1153 1609 sibi
1174 1557 1395 1627 respondentem:

343 1646 362 1695 si
378 1645 437 1695 visu
457 1653 531 1707 sunt,
551 1642 646 1713 inquit,
667 1641 807 1708 breviora,
826 1640 878 1695 hoc
897 1654 934 1695 est
955 1644 1067 1708 minora,
1088 1644 1241 1696 iudicentur
1258 1645 1340 1695 etiam
1359 1647 1397 1696 Ie-

345 1732 423 1786 vioru.
463 1735 566 1797 Breve,
586 1750 634 1800 pro
655 1749 753 1801 parvo,
780 1729 880 1800 ubique
900 1731 1005 1784 obviam
1025 1744 1078 1787 est:
1103 1732 1148 1784 sed
1176 1752 1238 1785 usus
1257 1744 1345 1787 tamen
1365 1753 1397 1785 eo

344 1818 416 1871 rideri
438 1819 521 1888 possit
540 1829 651 1889 propter
668 1818 814 1871 institutam
841 1820 1073 1890 comparationem
1101 1820 1263 1891 syllabarum
1290 1823 1397 1892 quanti—

343 1911 414 1960 tate.“
445 1905 476 1962 C.
504 1907 606 1978 Lang.
659 1906 748 1974 „Viso
776 1906 830 1957 sint
848 1906 985 1960 breviora:
1014 1910 1115 1960 leviora
1143 1910 1189 1980 qui
1217 1911 1322 1977 possint
1347 1922 1396 1964 etc.

343 1995 416 2049 Recta
438 1995 549 2068 quidem
569 1995 671 2049 videtur
690 1994 756 2049 haec
775 1995 920 2066 scriptura:
950 1996 994 2048 sed
1023 2016 1057 2048 ne
1076 2015 1106 2049 ea
1126 1996 1234 2068 quidem
1254 1997 1395 2050 reiicienda

342 2096 387 2150 est,
408 2103 491 2155 quam
512 2083 538 2135 in
560 2081 626 2135 Cod.
644 2081 812 2135 Memmiano
831 2082 996 2155 adscriptam
1016 2083 1116 2155 reperi:
1135 2083 1166 2135 Si
1184 2086 1243 2135 visa
1263 2095 1325 2136 sunt
1338 2083 1397 2134 bre-

344 2175 427 2224 viora:
448 2173 550 2224 leviora
570 2172 619 2243 qui
635 2171 740 2241 possint
749 2169 785 2222 ?“
821 2171 863 2225 La
872 2171 975 2224 mbin.

408 2278 507 2349 digitis
526 2276 703 2328 dimetientem
723 2305 755 2314 -
777 2275 913 2343 breviora,
931 2277 1033 2329 leviora
1052 2278 1103 2346 -]
1136 2278 1227 2345 „Haec
1244 2278 1300 2350 ipss
1320 2298 1396 2332 com·

345 2367 441 2436 paratio
462 2383 518 2417 non
537 2363 641 2434 probat,
662 2362 734 2434 quod
756 2361 810 2416 vult
828 2367 954 2432 (peccata
972 2366 1060 2417 omnia
1072 2384 1128 2418 esse
1144 2366 1254 2436 paria):
1273 2366 1318 2418 sed
1332 2385 1397 2436 pro-

345 2453 398 2518 bat,
418 2452 492 2524 quod
513 2471 568 2504 non
589 2451 651 2503 vult.
688 2448 814 2505 Ceterum
835 2450 932 2505 Cicero
951 2452 1043 2506 alludit
1064 2453 1095 2505 ad
1115 2454 1333 2525 supputationem
1353 2475 1396 2508 ve-

347 2552 441 2607 terum,
463 2560 532 2612 quae
552 2539 697 2610 digitorum
716 2537 785 2591 flexu
804 2537 899 2605 fiebat,
921 2551 950 2593 ut
969 2539 1041 2593 Beda
1061 2539 1153 2604 docet,
1181 2541 1219 2592 vel
1245 2541 1277 2592 ad
1297 2547 1397 2612 politas,

347 2630 386 2700 qui
406 2629 487 2701 pedes
505 2645 628 2680 versuum
648 2626 736 2698 digitis
755 2627 919 2692 metiuntur,
953 2638 983 2681 ut
1001 2639 1040 2682 est
1068 2626 1140 2699 apud
1159 2628 1308 2682 Horatium.
1332 2629 1395 2696 [sid.

347 2714 461 2788 Wyit.]“
481 2715 562 2769 And.
580 2715 652 2769 Tat.

410 2824 545 2889 breviora]
576 2821 685 2889 „minus
703 2832 806 2875 extensa
826 2834 852 2875 et
881 2822 1029 2893 producta.
1055 2834 1160 2894 sumpta
1189 2821 1395 2876 similitudinea

348 2911 502 2981 syllabarum
522 2911 695 2981 quantitate.“
714 2910 811 2965 Face.

409 3020 439 3069 Si
458 3019 592 3070 uisasunt
612 3017 741 3081 breviora,
759 3019 860 3070 leuiora
871 3018 1025 3073 vitleuntur.
1044 3019 1099 3087 Qui
1114 3018 1219 3087 possint
1234 3018 1395 3084 sidericis]

348 3106 395 3168 „lta
414 3125 477 3159 cum
498 3105 618 3159 Victorio
637 3116 662 3158 et
680 3105 781 3176 Langio
800 3106 866 3177 regii
887 3107 999 3161 codices.
1043 3106 1097 3159 Atii
1116 3098 1255 3158 mendose:
1284 3109 1395 3177 quaesi

348 3193 399 3244 visa
417 3203 483 3245 sunt
503 3191 638 3256 breuiora,
664 3194 766 3245 leviora
793 3198 839 3266 qui
853 3196 961 3264 possint
980 3195 1065 3246 videri
1083 3197 1153 3248 etc.“
1183 3192 1397 3247 Lallemand.

347 3280 475 3345 „leviora
504 3280 519 3332 i.
539 3299 562 3333 e.
589 3281 701 3333 minoris
719 3281 857 3334 momenti.
893 3281 948 3334 Pro
967 3280 1039 3334 Mur.
1057 3284 1108 3334 19:
1138 3282 1187 3333 secl
1209 3284 1233 3333 si
1259 3283 1324 3332 haec
1350 3284 1396 3334 le-

347 3369 442 3419 viora
462 3368 552 3434 ducis,
570 3379 722 3440 quaesunt
740 3370 913 3441 gravissima.
960 3368 1038 3422 cont.
1063 3387 1113 3439 pro
1139 3367 1232 3423 Plane.
1251 3370 1294 3422 35.
1320 3370 1398 3422 Verr.

345 3452 362 3523 1,
381 3460 405 3509 8.
443 3455 533 3527 Nepos
551 3456 638 3510 Praei.
659 3470 685 3511 et
703 3459 755 3511 An.
774 3459 837 3512 13³⁴
856 3458 955 3528 Borg.
974 3486 1008 3497 -
1060 3456 1210 3522 „Breviora
1233 3475 1287 3507 non
1315 3457 1396 3526 perti·

346 3557 406 3599 nent
425 3544 457 3596 ad
477 3563 581 3596 versum
602 3564 655 3598 una
674 3545 774 3617 syllaba
794 3546 943 3599 breviorem
969 3555 1015 3598 aut
1035 3543 1186 3614 longiorem
1213 3561 1294 3614 quam
1314 3561 1399 3614 opor-

344 3639 391 3696 tet,
413 3650 474 3683 narn
490 3630 610 3702 alioquin
630 3634 709 3687 etiam
730 3634 763 3687 de
781 3632 905 3706 longiore
923 3652 999 3686 versu
1019 3632 1132 3686 debebat
1143 3633 1242 3685 mentio
1261 3631 1329 3697 fieri,
1349 3650 1397 3683 ne-

342 3738 393 3791 que
412 3718 465 3773 boc
489 3719 552 3772 satis
577 3734 740 3792 congrueret
764 3743 826 3777 cum
853 3724 973 3796 sequenti
999 3722 1116 3774 meliora.
1162 3721 1291 3771 Breviom
1316 3719 1397 3791 igitur

340 3801 454 3875 peccare
472 3808 586 3874 dicitur,
610 3810 630 3861 si
651 3810 710 3881 quis
729 3830 756 3863 se
779 3831 794 3864 a
814 3822 885 3865 recta
906 3810 1007 3865 virtutis
1026 3808 1065 3861 via
1084 3807 1271 3861 tantummodo
1298 3807 1397 3860 brevis-

339 3898 408 3949 simo
426 3898 512 3969 spatio
532 3898 674 3951 removit.‘⁴
691 3898 870 3970 Wyttenb.

411 4005 489 4073 Quae
513 4004 539 4055 si
565 4003 624 4054 visa
649 4014 714 4055 sunt
733 4003 867 4069 breviora,
896 4003 998 4055 leviora
1018 4001 1064 4072 qui
1079 4002 1184 4070 possint
1204 4000 1322 4068 videri?]
1359 3999 1397 4052 Ita

338 4088 405 4143 Oxii.
426 4110 451 4159 η.
470 4108 501 4152 ψ.
520 4089 580 4142 Bes.
600 4088 699 4142 Crn1.
717 4091 791 4161 (sed:
810 4092 834 4142 si
851 4090 907 4142 sint
925 4088 999 4157 visa)
1011 4091 1035 4141 3.
1054 4088 1104 4141 Ed.
1120 4108 1177 4159 pre.
1188 4090 1266 4142 1165.
1283 4088 1397 4139 Lambb.

338 4174 418 4230 Grut.
445 4175 532 4230 Gron.
559 4176 654 4230 Graes.
679 4179 763 4231 Verb.
788 4177 852 4229 Ern.
877 4178 964 4230 Weta.
990 4174 1077 4230 Schtz.
1108 4175 1188 4248 Borg.
1214 4177 1263 4230 Or.
1292 4176 1398 4243 Quibus

338 4266 461 4332 proxime
481 4266 629 4331 accedunt,
658 4268 704 4339 qui
730 4267 828 4319 habent
852 4267 924 4317 siut:
948 4264 1006 4318 Cre.
1025 4268 1050 4317 1.
1076 4264 1126 4317 Ed.
1152 4286 1194 4334 ap.
1215 4264 1298 4317 Meus
1318 4263 1396 4315 Hdlb.

339 4371 359 4405 s
378 4353 395 4407 l.
417 4366 442 4406 et
460 4373 484 4406 a.
505 4355 573 4407 Ven.
592 4357 670 4407 1492.
687 4355 749 4408 Par.
771 4367 837 4418 tres,
857 4353 941 4424 Lugd.
961 4355 1026 4423 Arg.
1044 4355 1116 4405 Crat.
1135 4352 1222 4404 Herw.
1242 4351 1319 4404 Boul.
1334 4353 1396 4404 Car.

340 4440 434 4514 steph.
454 4443 524 4496 Aud.
543 4442 602 4496 Tal.
630 4442 730 4497 Sturm.
751 4443 811 4496 Ald.
831 4445 909 4495 1545.
941 4440 1016 4511 syth.
1034 4440 1129 4503 Fecc.;
1156 4439 1182 4491 in
1209 4439 1278 4491 Edd.
1304 4438 1398 4509 Magn.

343 4524 419 4584 Man.
438 4531 499 4586 Ald.
520 4534 599 4585 1511.
620 4536 699 4586 1552.
718 4544 768 4585 est:
787 4532 817 4582 Si
837 4521 894 4583 uisa
914 4532 970 4580 sint
989 4539 1040 4582 etc.
1058 4527 1155 4581 omisso
1175 4545 1260 4600 quoe‚·
1280 4527 1307 4579 in
1328 4527 1394 4579 Edd.
