<?xml version="1.0" encoding="UTF-8"?>
<!DOCTYPE html PUBLIC "-//W3C//DTD XHTML 1.0 Transitional//EN"
    "http://www.w3.org/TR/xhtml1/DTD/xhtml1-transitional.dtd">
<html xmlns="http://www.w3.org/1999/xhtml" xml:lang="en" lang="en">
 <head>
  <title>
</title>
<meta http-equiv="Content-Type" content="text/html;charset=utf-8" />
  <meta name='ocr-system' content='tesseract 3.04.00' />
  <meta name='ocr-capabilities' content='ocr_page ocr_carea ocr_par ocr_line ocrx_word'/>
</head>
<body>
  <div class='ocr_page' id='page_1' title='image "./mtulliiciceroni15cicegoog_0206.png"; bbox 0 0 3517 5450; ppageno 0'>
   <div class='ocr_carea' id='block_1_1' title="bbox 360 718 1082 790">
    <p class='ocr_par' dir='ltr' id='par_1_1' title="bbox 360 718 1082 790">
     <span class='ocr_line' id='line_1_1' title="bbox 360 718 1082 790; baseline -0.003 -2"><span class='ocrx_word' id='word_1_1' title='bbox 360 718 433 790; x_wconf 85' lang='lat'>160</span> <span class='ocrx_word' id='word_1_2' title='bbox 689 739 860 787; x_wconf 76' lang='lat' dir='ltr'>nsnsnuxs</span> <span class='ocrx_word' id='word_1_3' title='bbox 889 738 1082 787; x_wconf 81' lang='lat' dir='ltr'>sruicunuu.</span> 
     </span>
    </p>
   </div>
   <div class='ocr_carea' id='block_1_2' title="bbox 308 895 1430 4584">
    <p class='ocr_par' dir='ltr' id='par_1_2' title="bbox 357 895 1401 1052">
     <span class='ocr_line' id='line_1_2' title="bbox 357 895 1400 969; baseline 0.004 -21"><span class='ocrx_word' id='word_1_4' title='bbox 357 901 426 952; x_wconf 86' lang='lat' dir='ltr'>Viet.</span> <span class='ocrx_word' id='word_1_5' title='bbox 445 899 513 951; x_wconf 82' lang='lat' dir='ltr'>[tob.</span> <span class='ocrx_word' id='word_1_6' title='bbox 532 897 623 969; x_wconf 81' lang='lat' dir='ltr'>Stepb.</span> <span class='ocrx_word' id='word_1_7' title='bbox 644 900 749 950; x_wconf 86' lang='lat' dir='ltr'>Camer.</span> <span class='ocrx_word' id='word_1_8' title='bbox 770 897 840 949; x_wconf 81' lang='lat' dir='ltr'>Olir.</span> <span class='ocrx_word' id='word_1_9' title='bbox 859 909 910 949; x_wconf 87' lang='lat' dir='ltr'>est:</span> <span class='ocrx_word' id='word_1_10' title='bbox 935 898 959 947; x_wconf 92' lang='lat' dir='ltr'>si</span> <span class='ocrx_word' id='word_1_11' title='bbox 986 897 1043 948; x_wconf 86' lang='lat' dir='ltr'>visu</span> <span class='ocrx_word' id='word_1_12' title='bbox 1069 898 1123 948; x_wconf 84' lang='lat' dir='ltr'>sint</span> <span class='ocrx_word' id='word_1_13' title='bbox 1146 895 1285 959; x_wconf 82' lang='lat' dir='ltr'>breviora,</span> <span class='ocrx_word' id='word_1_14' title='bbox 1312 901 1400 952; x_wconf 76' lang='lat' dir='ltr'>leviora</span> 
     </span>
     <span class='ocr_line' id='line_1_3' title="bbox 357 983 1401 1052; baseline 0.001 -13"><span class='ocrx_word' id='word_1_15' title='bbox 357 988 514 1049; x_wconf 79' lang='lat' dir='ltr'>videantur,</span> <span class='ocrx_word' id='word_1_16' title='bbox 538 986 601 1039; x_wconf 89' lang='lat' dir='ltr'>item</span> <span class='ocrx_word' id='word_1_17' title='bbox 626 984 707 1052; x_wconf 90' lang='lat' dir='ltr'>Lall.,</span> <span class='ocrx_word' id='word_1_18' title='bbox 739 986 784 1038; x_wconf 88' lang='lat' dir='ltr'>sed</span> <span class='ocrx_word' id='word_1_19' title='bbox 811 995 893 1044; x_wconf 82' lang='lat' dir='ltr'>sunt‚·</span> <span class='ocrx_word' id='word_1_20' title='bbox 930 983 997 1037; x_wconf 88' lang='lat' dir='ltr'>Edd.</span> <span class='ocrx_word' id='word_1_21' title='bbox 1025 984 1118 1037; x_wconf 83' lang='lat' dir='ltr'>bamb.</span> <span class='ocrx_word' id='word_1_22' title='bbox 1144 983 1243 1038; x_wconf 89' lang='lat' dir='ltr'>Colon.</span> <span class='ocrx_word' id='word_1_23' title='bbox 1268 985 1302 1042; x_wconf 87' lang='lat' dir='ltr'>H.</span> <span class='ocrx_word' id='word_1_24' title='bbox 1326 989 1401 1041; x_wconf 89' lang='lat' dir='ltr'>Woll.</span> 
     </span>
    </p>

    <p class='ocr_par' dir='ltr' id='par_1_3' title="bbox 361 1072 1400 1144">
     <span class='ocr_line' id='line_1_4' title="bbox 361 1072 1400 1144; baseline -0.001 -17"><span class='ocrx_word' id='word_1_25' title='bbox 361 1077 386 1127; x_wconf 91' lang='lat' dir='ltr'><em>V</em></span> <span class='ocrx_word' id='word_1_26' title='bbox 385 1076 426 1126; x_wconf 80' lang='lat' dir='ltr'>isa</span> <span class='ocrx_word' id='word_1_27' title='bbox 445 1085 509 1126; x_wconf 85' lang='lat' dir='ltr'>sunt</span> <span class='ocrx_word' id='word_1_28' title='bbox 529 1072 658 1140; x_wconf 75' lang='lat' dir='ltr'>breviora,</span> <span class='ocrx_word' id='word_1_29' title='bbox 677 1074 777 1126; x_wconf 83' lang='lat' dir='ltr'>leviora</span> <span class='ocrx_word' id='word_1_30' title='bbox 798 1074 845 1144; x_wconf 84' lang='lat' dir='ltr'>qui</span> <span class='ocrx_word' id='word_1_31' title='bbox 860 1083 988 1143; x_wconf 85' lang='lat' dir='ltr'>possunt,</span> <span class='ocrx_word' id='word_1_32' title='bbox 1007 1092 1089 1142; x_wconf 85' lang='lat' dir='ltr'>quum</span> <span class='ocrx_word' id='word_1_33' title='bbox 1110 1102 1140 1112; x_wconf 91' lang='lat'>-</span> <span class='ocrx_word' id='word_1_34' title='bbox 1150 1094 1159 1134; x_wconf 89' lang='lat'>,·</span> <span class='ocrx_word' id='word_1_35' title='bbox 1177 1072 1245 1126; x_wconf 81' lang='lat' dir='ltr'>Edd.</span> <span class='ocrx_word' id='word_1_36' title='bbox 1265 1073 1328 1127; x_wconf 87' lang='lat' dir='ltr'>Par.</span> <span class='ocrx_word' id='word_1_37' title='bbox 1346 1095 1363 1127; x_wconf 89' lang='lat' dir='ltr'>s.</span> <span class='ocrx_word' id='word_1_38' title='bbox 1381 1096 1400 1128; x_wconf 91' lang='lat' dir='ltr'>a.</span> 
     </span>
    </p>

    <p class='ocr_par' dir='ltr' id='par_1_4' title="bbox 358 1159 1401 1232">
     <span class='ocr_line' id='line_1_5' title="bbox 358 1159 1401 1232; baseline 0.002 -18"><span class='ocrx_word' id='word_1_39' title='bbox 358 1173 382 1215; x_wconf 87' lang='lat' dir='ltr'>et</span> <span class='ocrx_word' id='word_1_40' title='bbox 403 1161 462 1214; x_wconf 86' lang='lat' dir='ltr'>Asc.</span> <span class='ocrx_word' id='word_1_41' title='bbox 482 1164 560 1214; x_wconf 86' lang='grc'><strong>1511.</strong></span> <span class='ocrx_word' id='word_1_42' title='bbox 580 1180 649 1232; x_wconf 87' lang='lat' dir='ltr'>quoe</span> <span class='ocrx_word' id='word_1_43' title='bbox 669 1162 699 1213; x_wconf 91' lang='lat' dir='ltr'>si</span> <span class='ocrx_word' id='word_1_44' title='bbox 716 1170 800 1213; x_wconf 85' lang='lat' dir='ltr'>sunt</span> <span class='ocrx_word' id='word_1_45' title='bbox 819 1162 878 1212; x_wconf 81' lang='lat' dir='ltr'>viso</span> <span class='ocrx_word' id='word_1_46' title='bbox 898 1159 1036 1212; x_wconf 85' lang='lat' dir='ltr'>breviora:</span> <span class='ocrx_word' id='word_1_47' title='bbox 1063 1159 1165 1212; x_wconf 78' lang='lat' dir='ltr'>leviora</span> <span class='ocrx_word' id='word_1_48' title='bbox 1192 1162 1240 1232; x_wconf 86' lang='lat' dir='ltr'>qui</span> <span class='ocrx_word' id='word_1_49' title='bbox 1254 1177 1401 1231; x_wconf 82' lang='lat' dir='ltr'>possunt</span> 
     </span>
    </p>

    <p class='ocr_par' dir='ltr' id='par_1_5' title="bbox 308 1246 1419 3076">
     <span class='ocr_line' id='line_1_6' title="bbox 357 1246 1402 1320; baseline 0.002 -20"><span class='ocrx_word' id='word_1_50' title='bbox 357 1251 448 1304; x_wconf 83' lang='lat' dir='ltr'>videri.</span> <span class='ocrx_word' id='word_1_51' title='bbox 495 1248 558 1302; x_wconf 86' lang='lat' dir='ltr'>Sola</span> <span class='ocrx_word' id='word_1_52' title='bbox 578 1250 646 1302; x_wconf 88' lang='lat' dir='ltr'>Ven.</span> <span class='ocrx_word' id='word_1_53' title='bbox 666 1251 750 1302; x_wconf 80' lang='lat'><strong>1514:</strong></span> <span class='ocrx_word' id='word_1_54' title='bbox 780 1248 816 1300; x_wconf 89' lang='lat' dir='ltr'>Si</span> <span class='ocrx_word' id='word_1_55' title='bbox 834 1264 900 1299; x_wconf 84' lang='lat' dir='ltr'>suo</span> <span class='ocrx_word' id='word_1_56' title='bbox 916 1247 971 1300; x_wconf 85' lang='lat' dir='ltr'>sint</span> <span class='ocrx_word' id='word_1_57' title='bbox 989 1246 1124 1298; x_wconf 85' lang='lat' dir='ltr'>breviora:</span> <span class='ocrx_word' id='word_1_58' title='bbox 1150 1247 1325 1320; x_wconf 81' lang='lat' dir='ltr'><em>levioraque</em></span> <span class='ocrx_word' id='word_1_59' title='bbox 1348 1268 1402 1318; x_wconf 88' lang='lat' dir='ltr'>pos-</span> 
     </span>
     <span class='ocr_line' id='line_1_7' title="bbox 308 1332 1403 1407; baseline -0.004 -15"><span class='ocrx_word' id='word_1_60' title='bbox 308 1371 311 1377; x_wconf 95' lang='lat'>·</span> <span class='ocrx_word' id='word_1_61' title='bbox 356 1342 411 1392; x_wconf 82' lang='lat' dir='ltr'>sint</span> <span class='ocrx_word' id='word_1_62' title='bbox 428 1339 510 1391; x_wconf 65' lang='lat' dir='ltr'>endi</span> <span class='ocrx_word' id='word_1_63' title='bbox 533 1339 599 1407; x_wconf 86' lang='lat' dir='ltr'>(sie;</span> <span class='ocrx_word' id='word_1_64' title='bbox 630 1356 665 1389; x_wconf 89' lang='lat' dir='ltr'>an</span> <span class='ocrx_word' id='word_1_65' title='bbox 692 1335 773 1389; x_wconf 80' lang='lat' dir='ltr'>voluit</span> <span class='ocrx_word' id='word_1_66' title='bbox 797 1334 884 1388; x_wconf 87' lang='lat' dir='ltr'>editor</span> <span class='ocrx_word' id='word_1_67' title='bbox 903 1332 1048 1401; x_wconf 76' lang='lat' dir='ltr'>ostendit).</span> <span class='ocrx_word' id='word_1_68' title='bbox 1087 1334 1153 1387; x_wconf 86' lang='lat' dir='ltr'>Cod.</span> <span class='ocrx_word' id='word_1_69' title='bbox 1181 1334 1278 1389; x_wconf 86' lang='lat' dir='ltr'>Duisb.</span> <span class='ocrx_word' id='word_1_70' title='bbox 1302 1337 1327 1388; x_wconf 93' lang='lat' dir='ltr'>si</span> <span class='ocrx_word' id='word_1_71' title='bbox 1353 1339 1403 1390; x_wconf 85' lang='lat' dir='ltr'>viso</span> 
     </span>
     <span class='ocr_line' id='line_1_8' title="bbox 357 1422 1402 1492; baseline -0.003 -12"><span class='ocrx_word' id='word_1_72' title='bbox 357 1437 420 1480; x_wconf 87' lang='lat' dir='ltr'>sunt</span> <span class='ocrx_word' id='word_1_73' title='bbox 438 1426 567 1480; x_wconf 78' lang='lat' dir='ltr'>breviora.</span> <span class='ocrx_word' id='word_1_74' title='bbox 601 1425 701 1478; x_wconf 84' lang='lat' dir='ltr'>leviora</span> <span class='ocrx_word' id='word_1_75' title='bbox 731 1423 926 1475; x_wconf 78' lang='lat' dir='ltr'>videantur</span> <span class='ocrx_word' id='word_1_76' title='bbox 954 1441 1018 1492; x_wconf 82' lang='lat' dir='ltr'>quo</span> <span class='ocrx_word' id='word_1_77' title='bbox 1042 1422 1147 1492; x_wconf 87' lang='lat' dir='ltr'>possint</span> <span class='ocrx_word' id='word_1_78' title='bbox 1172 1422 1267 1478; x_wconf 84' lang='lat' dir='ltr'>videri.</span> <span class='ocrx_word' id='word_1_79' title='bbox 1305 1422 1402 1478; x_wconf 86' lang='lat' dir='ltr'>Sueriu.</span> 
     </span>
     <span class='ocr_line' id='line_1_9' title="bbox 357 1505 1404 1585; baseline -0.001 -20"><span class='ocrx_word' id='word_1_80' title='bbox 357 1532 426 1585; x_wconf 82' lang='lat' dir='ltr'>quae</span> <span class='ocrx_word' id='word_1_81' title='bbox 445 1515 469 1564; x_wconf 88' lang='lat' dir='ltr'>si</span> <span class='ocrx_word' id='word_1_82' title='bbox 486 1514 547 1564; x_wconf 76' lang='lat' dir='ltr'>visu</span> <span class='ocrx_word' id='word_1_83' title='bbox 565 1522 630 1565; x_wconf 85' lang='lat' dir='ltr'>sunt</span> <span class='ocrx_word' id='word_1_84' title='bbox 648 1511 790 1563; x_wconf 82' lang='lat' dir='ltr'>leviora</span> <span class='ocrx_word' id='word_1_85' title='bbox 809 1508 839 1561; x_wconf 90' lang='lat' dir='ltr'>si</span> <span class='ocrx_word' id='word_1_86' title='bbox 859 1505 981 1560; x_wconf 82' lang='lat' dir='ltr'>breviora</span> <span class='ocrx_word' id='word_1_87' title='bbox 997 1509 1045 1579; x_wconf 84' lang='lat' dir='ltr'>qui</span> <span class='ocrx_word' id='word_1_88' title='bbox 1059 1525 1210 1578; x_wconf 77' lang='lat' dir='ltr'><em>possunt</em></span> <span class='ocrx_word' id='word_1_89' title='bbox 1227 1527 1280 1573; x_wconf 86' lang='lat'><em>-·-‚·</em></span> <span class='ocrx_word' id='word_1_90' title='bbox 1301 1510 1404 1566; x_wconf 74' lang='lat' dir='ltr'>Gutt.</span> 
     </span>
     <span class='ocr_line' id='line_1_10' title="bbox 357 1582 1419 1671; baseline 0 -19"><span class='ocrx_word' id='word_1_91' title='bbox 357 1601 388 1654; x_wconf 89' lang='lat' dir='ltr'>B.</span> <span class='ocrx_word' id='word_1_92' title='bbox 408 1602 471 1655; x_wconf 87' lang='lat' dir='ltr'>item</span> <span class='ocrx_word' id='word_1_93' title='bbox 492 1582 619 1654; x_wconf 79' lang='lat' dir='ltr'>omittunt</span> <span class='ocrx_word' id='word_1_94' title='bbox 638 1617 722 1671; x_wconf 84' lang='lat' dir='ltr'>quae,</span> <span class='ocrx_word' id='word_1_95' title='bbox 749 1609 806 1651; x_wconf 90' lang='lat' dir='ltr'>tum</span> <span class='ocrx_word' id='word_1_96' title='bbox 825 1595 859 1650; x_wconf 82' lang='lat' dir='ltr'>A.</span> <span class='ocrx_word' id='word_1_97' title='bbox 878 1597 1023 1653; x_wconf 81' lang='lat' dir='ltr'>interiora,</span> <span class='ocrx_word' id='word_1_98' title='bbox 1051 1616 1102 1666; x_wconf 89' lang='lat' dir='ltr'>pro</span> <span class='ocrx_word' id='word_1_99' title='bbox 1120 1597 1243 1660; x_wconf 83' lang='lat' dir='ltr'>leviora‚·</span> <span class='ocrx_word' id='word_1_100' title='bbox 1271 1600 1302 1652; x_wconf 91' lang='lat' dir='ltr'>B.</span> <span class='ocrx_word' id='word_1_101' title='bbox 1320 1620 1351 1652; x_wconf 89' lang='lat' dir='ltr'>eo</span> <span class='ocrx_word' id='word_1_102' title='bbox 1368 1588 1419 1652; x_wconf 81' lang='lat' dir='ltr'>di·¹</span> 
     </span>
     <span class='ocr_line' id='line_1_11' title="bbox 358 1684 1403 1760; baseline 0 -20"><span class='ocrx_word' id='word_1_103' title='bbox 358 1709 427 1754; x_wconf 85' lang='lat' dir='ltr'>cere,</span> <span class='ocrx_word' id='word_1_104' title='bbox 448 1709 497 1760; x_wconf 93' lang='lat' dir='ltr'>pro</span> <span class='ocrx_word' id='word_1_105' title='bbox 515 1689 600 1740; x_wconf 78' lang='lat' dir='ltr'>videri</span> <span class='ocrx_word' id='word_1_106' title='bbox 607 1709 617 1749; x_wconf 83' lang='lat'>,-</span> <span class='ocrx_word' id='word_1_107' title='bbox 636 1687 670 1740; x_wconf 85' lang='grc' dir='ltr'>Α.</span> <span class='ocrx_word' id='word_1_108' title='bbox 689 1686 787 1739; x_wconf 85' lang='lat' dir='ltr'>omittit</span> <span class='ocrx_word' id='word_1_109' title='bbox 805 1684 905 1748; x_wconf 73' lang='lat' dir='ltr'>videri,</span> <span class='ocrx_word' id='word_1_110' title='bbox 924 1703 1020 1756; x_wconf 85' lang='lat' dir='ltr'>quum:</span> <span class='ocrx_word' id='word_1_111' title='bbox 1040 1694 1153 1757; x_wconf 86' lang='lat' dir='ltr'>uterque</span> <span class='ocrx_word' id='word_1_112' title='bbox 1171 1686 1251 1741; x_wconf 88' lang='lat' dir='ltr'>babet</span> <span class='ocrx_word' id='word_1_113' title='bbox 1271 1690 1333 1760; x_wconf 84' lang='lat' dir='ltr'>quis</span> <span class='ocrx_word' id='word_1_114' title='bbox 1348 1708 1403 1758; x_wconf 87' lang='lat' dir='ltr'>pos-</span> 
     </span>
     <span class='ocr_line' id='line_1_12' title="bbox 356 1771 1403 1849; baseline -0.002 -19"><span class='ocrx_word' id='word_1_115' title='bbox 356 1781 401 1836; x_wconf 86' lang='lat' dir='ltr'>sit.</span> <span class='ocrx_word' id='word_1_116' title='bbox 438 1777 518 1830; x_wconf 85' lang='lat' dir='ltr'>Drsd.</span> <span class='ocrx_word' id='word_1_117' title='bbox 535 1780 560 1829; x_wconf 92' lang='lat'>1.</span> <span class='ocrx_word' id='word_1_118' title='bbox 579 1794 648 1849; x_wconf 84' lang='lat' dir='ltr'>quus</span> <span class='ocrx_word' id='word_1_119' title='bbox 667 1786 737 1827; x_wconf 83' lang='lat' dir='ltr'>tam</span> <span class='ocrx_word' id='word_1_120' title='bbox 755 1774 780 1826; x_wconf 90' lang='lat' dir='ltr'>si</span> <span class='ocrx_word' id='word_1_121' title='bbox 798 1771 924 1824; x_wconf 78' lang='lat' dir='ltr'>brevio</span> <span class='ocrx_word' id='word_1_122' title='bbox 954 1771 1013 1823; x_wconf 76' lang='lat' dir='ltr'>visa</span> <span class='ocrx_word' id='word_1_123' title='bbox 1032 1785 1115 1824; x_wconf 87' lang='lat' dir='ltr'>sunt</span> <span class='ocrx_word' id='word_1_124' title='bbox 1146 1773 1283 1840; x_wconf 79' lang='lat' dir='ltr'>breviore,</span> <span class='ocrx_word' id='word_1_125' title='bbox 1313 1777 1403 1829; x_wconf 82' lang='lat' dir='ltr'>leviora</span> 
     </span>
     <span class='ocr_line' id='line_1_13' title="bbox 361 1859 1399 1936; baseline -0.002 -19"><span class='ocrx_word' id='word_1_126' title='bbox 361 1866 549 1926; x_wconf 75' lang='lat' dir='ltr'>videantur</span> <span class='ocrx_word' id='word_1_127' title='bbox 570 1863 617 1936; x_wconf 87' lang='lat' dir='ltr'>qui</span> <span class='ocrx_word' id='word_1_128' title='bbox 636 1864 720 1915; x_wconf 84' lang='lat' dir='ltr'>videri</span> <span class='ocrx_word' id='word_1_129' title='bbox 733 1869 912 1931; x_wconf 77' lang='lat' dir='ltr'>possunt3</span> <span class='ocrx_word' id='word_1_130' title='bbox 932 1859 1012 1923; x_wconf 88' lang='lat' dir='ltr'>Drsd.</span> <span class='ocrx_word' id='word_1_131' title='bbox 1032 1865 1056 1913; x_wconf 80' lang='lat'>2.</span> <span class='ocrx_word' id='word_1_132' title='bbox 1076 1863 1101 1913; x_wconf 88' lang='lat' dir='ltr'>si</span> <span class='ocrx_word' id='word_1_133' title='bbox 1119 1863 1178 1914; x_wconf 83' lang='lat' dir='ltr'>visu</span> <span class='ocrx_word' id='word_1_134' title='bbox 1196 1874 1263 1914; x_wconf 85' lang='lat' dir='ltr'>sunt</span> <span class='ocrx_word' id='word_1_135' title='bbox 1283 1865 1399 1929; x_wconf 82' lang='lat' dir='ltr'>breviore,</span> 
     </span>
     <span class='ocr_line' id='line_1_14' title="bbox 356 1948 1398 2024; baseline -0.01 -20"><span class='ocrx_word' id='word_1_136' title='bbox 356 1955 457 2005; x_wconf 84' lang='lat' dir='ltr'>levioro</span> <span class='ocrx_word' id='word_1_137' title='bbox 477 1953 524 2024; x_wconf 83' lang='lat' dir='ltr'>qui</span> <span class='ocrx_word' id='word_1_138' title='bbox 539 1952 663 2021; x_wconf 86' lang='lat' dir='ltr'>possint,</span> <span class='ocrx_word' id='word_1_139' title='bbox 692 1969 774 2022; x_wconf 83' lang='lat' dir='ltr'>quum</span> <span class='ocrx_word' id='word_1_140' title='bbox 794 1977 838 2007; x_wconf 86' lang='grc'>-,</span> <span class='ocrx_word' id='word_1_141' title='bbox 856 1948 937 2001; x_wconf 88' lang='lat' dir='ltr'>Drsd.</span> <span class='ocrx_word' id='word_1_142' title='bbox 956 1949 982 2002; x_wconf 78' lang='lat'>3.</span> <span class='ocrx_word' id='word_1_143' title='bbox 1002 1959 1034 1998; x_wconf 87' lang='lat' dir='ltr'>et</span> <span class='ocrx_word' id='word_1_144' title='bbox 1051 1948 1080 1999; x_wconf 92' lang='lat' dir='ltr'>si</span> <span class='ocrx_word' id='word_1_145' title='bbox 1098 1967 1162 2011; x_wconf 74' lang='lat' dir='ltr'>suu</span> <span class='ocrx_word' id='word_1_146' title='bbox 1181 1951 1242 2001; x_wconf 79' lang='lat' dir='ltr'>viso</span> <span class='ocrx_word' id='word_1_147' title='bbox 1260 1964 1326 2004; x_wconf 71' lang='lat' dir='ltr'>sunt</span> <span class='ocrx_word' id='word_1_148' title='bbox 1352 1960 1398 2019; x_wconf 64' lang='lat' dir='ltr'><strong>(ce.</strong></span> 
     </span>
     <span class='ocr_line' id='line_1_15' title="bbox 357 2035 1398 2111; baseline -0.006 -15"><span class='ocrx_word' id='word_1_149' title='bbox 357 2052 457 2096; x_wconf 87' lang='lat' dir='ltr'>terant</span> <span class='ocrx_word' id='word_1_150' title='bbox 474 2040 555 2093; x_wconf 84' lang='lat' dir='ltr'>Drsd.</span> <span class='ocrx_word' id='word_1_151' title='bbox 574 2043 612 2104; x_wconf 82' lang='lat'>1.)</span> <span class='ocrx_word' id='word_1_152' title='bbox 632 2038 749 2092; x_wconf 69' lang='lat' dir='ltr'>Drsdd.</span> <span class='ocrx_word' id='word_1_153' title='bbox 772 2037 869 2091; x_wconf 87' lang='lat' dir='ltr'>omittit</span> <span class='ocrx_word' id='word_1_154' title='bbox 889 2055 958 2109; x_wconf 85' lang='lat' dir='ltr'>quae</span> <span class='ocrx_word' id='word_1_155' title='bbox 979 2065 1013 2074; x_wconf 97' lang='lat'><strong>—</strong></span> <span class='ocrx_word' id='word_1_156' title='bbox 1035 2035 1169 2102; x_wconf 82' lang='lat' dir='ltr'>breviora,</span> <span class='ocrx_word' id='word_1_157' title='bbox 1187 2050 1245 2092; x_wconf 91' lang='lat' dir='ltr'>tum</span> <span class='ocrx_word' id='word_1_158' title='bbox 1265 2041 1360 2111; x_wconf 88' lang='lat' dir='ltr'>pergit:</span> <span class='ocrx_word' id='word_1_159' title='bbox 1376 2043 1398 2092; x_wconf 86' lang='lat' dir='ltr'>si</span> 
     </span>
     <span class='ocr_line' id='line_1_16' title="bbox 355 2125 1397 2199; baseline -0.002 -19"><span class='ocrx_word' id='word_1_160' title='bbox 355 2129 489 2181; x_wconf 85' lang='lat' dir='ltr'>leviora</span> <span class='ocrx_word' id='word_1_161' title='bbox 508 2128 676 2199; x_wconf 84' lang='lat' dir='ltr'>quisquis</span> <span class='ocrx_word' id='word_1_162' title='bbox 692 2127 810 2196; x_wconf 88' lang='lat' dir='ltr'>possit</span> <span class='ocrx_word' id='word_1_163' title='bbox 828 2144 865 2177; x_wconf 87' lang='lat' dir='ltr'>ea</span> <span class='ocrx_word' id='word_1_164' title='bbox 885 2125 1013 2190; x_wconf 84' lang='lat' dir='ltr'>dicere,</span> <span class='ocrx_word' id='word_1_165' title='bbox 1032 2145 1114 2196; x_wconf 79' lang='lat' dir='ltr'>qrsum</span> <span class='ocrx_word' id='word_1_166' title='bbox 1131 2155 1180 2191; x_wconf 92' lang='lat'>—,</span> <span class='ocrx_word' id='word_1_167' title='bbox 1209 2127 1290 2180; x_wconf 85' lang='lat' dir='ltr'>Drsd.</span> <span class='ocrx_word' id='word_1_168' title='bbox 1305 2133 1334 2183; x_wconf 73' lang='grc'>5.</span> <span class='ocrx_word' id='word_1_169' title='bbox 1350 2129 1397 2181; x_wconf 86' lang='lat' dir='ltr'>sed</span> 
     </span>
     <span class='ocr_line' id='line_1_17' title="bbox 355 2212 1393 2285; baseline -0.002 -18"><span class='ocrx_word' id='word_1_170' title='bbox 355 2219 440 2267; x_wconf 75' lang='lat' dir='ltr'>liaeo</span> <span class='ocrx_word' id='word_1_171' title='bbox 458 2217 482 2267; x_wconf 88' lang='lat' dir='ltr'>si</span> <span class='ocrx_word' id='word_1_172' title='bbox 501 2217 560 2267; x_wconf 79' lang='lat' dir='ltr'>visa</span> <span class='ocrx_word' id='word_1_173' title='bbox 579 2225 644 2266; x_wconf 85' lang='lat' dir='ltr'>sunt</span> <span class='ocrx_word' id='word_1_174' title='bbox 663 2214 701 2267; x_wconf 87' lang='lat' dir='ltr'>br.</span> <span class='ocrx_word' id='word_1_175' title='bbox 721 2223 753 2264; x_wconf 86' lang='lat' dir='ltr'>et</span> <span class='ocrx_word' id='word_1_176' title='bbox 772 2213 824 2265; x_wconf 83' lang='lat' dir='ltr'>lev.</span> <span class='ocrx_word' id='word_1_177' title='bbox 842 2212 891 2283; x_wconf 81' lang='lat' dir='ltr'>qui</span> <span class='ocrx_word' id='word_1_178' title='bbox 915 2213 1029 2281; x_wconf 86' lang='lat' dir='ltr'>possint.</span> <span class='ocrx_word' id='word_1_179' title='bbox 1055 2214 1183 2285; x_wconf 82' lang='lat' dir='ltr'>quioquid</span> <span class='ocrx_word' id='word_1_180' title='bbox 1199 2227 1332 2285; x_wconf 76' lang='lat' dir='ltr'><em>peccetur.</em></span> <span class='ocrx_word' id='word_1_181' title='bbox 1372 2213 1393 2266; x_wconf 88' lang='lat' dir='ltr'>lu</span> 
     </span>
     <span class='ocr_line' id='line_1_18' title="bbox 357 2301 1393 2375; baseline -0.003 -18"><span class='ocrx_word' id='word_1_182' title='bbox 357 2306 406 2359; x_wconf 88' lang='lat' dir='ltr'>bac</span> <span class='ocrx_word' id='word_1_183' title='bbox 425 2315 497 2358; x_wconf 87' lang='lat' dir='ltr'>tanta</span> <span class='ocrx_word' id='word_1_184' title='bbox 514 2303 661 2356; x_wconf 87' lang='lat' dir='ltr'>lectionum</span> <span class='ocrx_word' id='word_1_185' title='bbox 680 2301 840 2357; x_wconf 82' lang='lat' dir='ltr'>confusione</span> <span class='ocrx_word' id='word_1_186' title='bbox 859 2310 965 2353; x_wconf 85' lang='lat' dir='ltr'>secutus</span> <span class='ocrx_word' id='word_1_187' title='bbox 992 2319 1051 2352; x_wconf 88' lang='lat' dir='ltr'>sum</span> <span class='ocrx_word' id='word_1_188' title='bbox 1076 2319 1134 2353; x_wconf 84' lang='lat' dir='ltr'>eam</span> <span class='ocrx_word' id='word_1_189' title='bbox 1153 2301 1313 2369; x_wconf 86' lang='lat' dir='ltr'>lectionem,</span> <span class='ocrx_word' id='word_1_190' title='bbox 1339 2321 1393 2375; x_wconf 86' lang='lat' dir='ltr'>qnae</span> 
     </span>
     <span class='ocr_line' id='line_1_19' title="bbox 358 2388 1392 2464; baseline -0.005 -20"><span class='ocrx_word' id='word_1_191' title='bbox 358 2393 476 2464; x_wconf 78' lang='lat' dir='ltr'>proxime</span> <span class='ocrx_word' id='word_1_192' title='bbox 503 2391 606 2443; x_wconf 89' lang='lat' dir='ltr'>accedit</span> <span class='ocrx_word' id='word_1_193' title='bbox 632 2390 666 2442; x_wconf 94' lang='lat' dir='ltr'>ad</span> <span class='ocrx_word' id='word_1_194' title='bbox 689 2388 872 2454; x_wconf 88' lang='lat' dir='ltr'>Orellianam,</span> <span class='ocrx_word' id='word_1_195' title='bbox 902 2388 937 2440; x_wconf 91' lang='lat' dir='ltr'>ita</span> <span class='ocrx_word' id='word_1_196' title='bbox 965 2399 1070 2455; x_wconf 87' lang='lat' dir='ltr'>tamen,</span> <span class='ocrx_word' id='word_1_197' title='bbox 1099 2400 1129 2442; x_wconf 87' lang='grc' dir='ltr'>ιιι</span> <span class='ocrx_word' id='word_1_198' title='bbox 1157 2390 1265 2443; x_wconf 84' lang='lat' dir='ltr'>ederem</span> <span class='ocrx_word' id='word_1_199' title='bbox 1288 2401 1392 2463; x_wconf 80' lang='lat' dir='ltr'>possunt,</span> 
     </span>
     <span class='ocr_line' id='line_1_20' title="bbox 358 2475 1391 2552; baseline -0.002 -19"><span class='ocrx_word' id='word_1_200' title='bbox 358 2480 446 2552; x_wconf 86' lang='lat' dir='ltr'>quod,</span> <span class='ocrx_word' id='word_1_201' title='bbox 467 2489 496 2531; x_wconf 94' lang='lat' dir='ltr'>ut</span> <span class='ocrx_word' id='word_1_202' title='bbox 516 2476 643 2543; x_wconf 83' lang='lat' dir='ltr'>vidimus,</span> <span class='ocrx_word' id='word_1_203' title='bbox 663 2476 744 2529; x_wconf 87' lang='lat' dir='ltr'>estin</span> <span class='ocrx_word' id='word_1_204' title='bbox 763 2476 866 2549; x_wconf 80' lang='lat' dir='ltr'>aliquot</span> <span class='ocrx_word' id='word_1_205' title='bbox 885 2475 958 2529; x_wconf 85' lang='lat' dir='ltr'>libris</span> <span class='ocrx_word' id='word_1_206' title='bbox 976 2477 1081 2548; x_wconf 84' lang='lat' dir='ltr'>seriptis</span> <span class='ocrx_word' id='word_1_207' title='bbox 1099 2488 1125 2530; x_wconf 87' lang='lat' dir='ltr'>et</span> <span class='ocrx_word' id='word_1_208' title='bbox 1143 2478 1232 2540; x_wconf 89' lang='lat' dir='ltr'>editis,</span> <span class='ocrx_word' id='word_1_209' title='bbox 1253 2481 1344 2550; x_wconf 84' lang='lat' dir='ltr'>quibus</span> <span class='ocrx_word' id='word_1_210' title='bbox 1359 2499 1391 2532; x_wconf 84' lang='lat' dir='ltr'>as·</span> 
     </span>
     <span class='ocr_line' id='line_1_21' title="bbox 357 2563 1391 2623; baseline -0.003 -2"><span class='ocrx_word' id='word_1_211' title='bbox 357 2568 455 2622; x_wconf 86' lang='lat' dir='ltr'>cedunt</span> <span class='ocrx_word' id='word_1_212' title='bbox 474 2565 559 2619; x_wconf 80' lang='lat' dir='ltr'>codd.</span> <span class='ocrx_word' id='word_1_213' title='bbox 580 2565 660 2618; x_wconf 89' lang='lat' dir='ltr'>Bern.</span> <span class='ocrx_word' id='word_1_214' title='bbox 680 2563 738 2618; x_wconf 79' lang='lat' dir='ltr'>Cre.</span> <span class='ocrx_word' id='word_1_215' title='bbox 757 2569 782 2618; x_wconf 88' lang='lat'>1.</span> <span class='ocrx_word' id='word_1_216' title='bbox 814 2575 839 2617; x_wconf 91' lang='lat' dir='ltr'>et</span> <span class='ocrx_word' id='word_1_217' title='bbox 858 2563 908 2616; x_wconf 87' lang='lat' dir='ltr'>Ed.</span> <span class='ocrx_word' id='word_1_218' title='bbox 927 2564 1013 2619; x_wconf 87' lang='lat' dir='ltr'>Bentl.</span> <span class='ocrx_word' id='word_1_219' title='bbox 1033 2565 1151 2620; x_wconf 88' lang='lat' dir='ltr'>Orellius</span> <span class='ocrx_word' id='word_1_220' title='bbox 1175 2578 1266 2622; x_wconf 87' lang='lat' dir='ltr'>tamen</span> <span class='ocrx_word' id='word_1_221' title='bbox 1285 2569 1391 2623; x_wconf 78' lang='lat' dir='ltr'>existimat</span> 
     </span>
     <span class='ocr_line' id='line_1_22' title="bbox 357 2653 1390 2729; baseline 0.001 -22"><span class='ocrx_word' id='word_1_222' title='bbox 357 2657 439 2707; x_wconf 81' lang='lat' dir='ltr'>videri</span> <span class='ocrx_word' id='word_1_223' title='bbox 459 2674 513 2708; x_wconf 87' lang='lat' dir='ltr'>esse</span> <span class='ocrx_word' id='word_1_224' title='bbox 532 2673 545 2707; x_wconf 87' lang='lat' dir='ltr'>e</span> <span class='ocrx_word' id='word_1_225' title='bbox 566 2653 659 2724; x_wconf 73' lang='lat' dir='ltr'>gloss,</span> <span class='ocrx_word' id='word_1_226' title='bbox 685 2672 747 2707; x_wconf 88' lang='lat' dir='ltr'>eum</span> <span class='ocrx_word' id='word_1_227' title='bbox 768 2653 835 2706; x_wconf 84' lang='lat' dir='ltr'>absit</span> <span class='ocrx_word' id='word_1_228' title='bbox 859 2653 892 2705; x_wconf 93' lang='lat' dir='ltr'>ab</span> <span class='ocrx_word' id='word_1_229' title='bbox 912 2653 1014 2727; x_wconf 88' lang='lat' dir='ltr'>aliquot</span> <span class='ocrx_word' id='word_1_230' title='bbox 1032 2653 1121 2721; x_wconf 88' lang='lat' dir='ltr'>libris,</span> <span class='ocrx_word' id='word_1_231' title='bbox 1149 2666 1175 2708; x_wconf 88' lang='lat' dir='ltr'>et</span> <span class='ocrx_word' id='word_1_232' title='bbox 1193 2653 1263 2710; x_wconf 90' lang='lat' dir='ltr'>Cod.</span> <span class='ocrx_word' id='word_1_233' title='bbox 1283 2657 1338 2712; x_wconf 87' lang='lat' dir='ltr'>Bas.</span> <span class='ocrx_word' id='word_1_234' title='bbox 1355 2675 1390 2729; x_wconf 83' lang='lat' dir='ltr'>pro</span> 
     </span>
     <span class='ocr_line' id='line_1_23' title="bbox 357 2733 1391 2812; baseline -0.001 -15"><span class='ocrx_word' id='word_1_235' title='bbox 357 2766 389 2797; x_wconf 72' lang='lat' dir='ltr'>eo</span> <span class='ocrx_word' id='word_1_236' title='bbox 408 2744 502 2797; x_wconf 68' lang='lat' dir='ltr'>habear</span> <span class='ocrx_word' id='word_1_237' title='bbox 522 2744 627 2794; x_wconf 63' lang='lat' dir='ltr'>ostenti</span> <span class='ocrx_word' id='word_1_238' title='bbox 642 2744 685 2812; x_wconf 75' lang='lat' dir='ltr'>(ur</span> <span class='ocrx_word' id='word_1_239' title='bbox 703 2744 753 2795; x_wconf 79' lang='lat' dir='ltr'>Es.</span> <span class='ocrx_word' id='word_1_240' title='bbox 772 2744 840 2795; x_wconf 75' lang='lat' dir='ltr'>ven.</span> <span class='ocrx_word' id='word_1_241' title='bbox 861 2733 956 2811; x_wconf 74' lang='lat'><strong>1514.)</strong></span> <span class='ocrx_word' id='word_1_242' title='bbox 963 2764 970 2807; x_wconf 60' lang='grc' dir='ltr'>ς</span> <span class='ocrx_word' id='word_1_243' title='bbox 988 2743 1055 2797; x_wconf 70' lang='lat' dir='ltr'>abui</span> <span class='ocrx_word' id='word_1_244' title='bbox 1074 2745 1137 2797; x_wconf 75' lang='lat' dir='ltr'>uem</span> <span class='ocrx_word' id='word_1_245' title='bbox 1156 2764 1170 2797; x_wconf 77' lang='lat' dir='ltr'>a</span> <span class='ocrx_word' id='word_1_246' title='bbox 1191 2742 1260 2799; x_wconf 75' lang='lat' dir='ltr'>coa.</span> <span class='ocrx_word' id='word_1_247' title='bbox 1279 2745 1360 2799; x_wconf 75' lang='lat' dir='ltr'>uuest.</span> <span class='ocrx_word' id='word_1_248' title='bbox 1374 2755 1391 2797; x_wconf 62' lang='grc' dir='ltr'>ιι</span> 
     </span>
     <span class='ocr_line' id='line_1_24' title="bbox 355 2830 1389 2906; baseline -0.002 -21"><span class='ocrx_word' id='word_1_249' title='bbox 355 2836 383 2885; x_wconf 88' lang='lat' dir='ltr'>in</span> <span class='ocrx_word' id='word_1_250' title='bbox 404 2831 470 2884; x_wconf 87' lang='lat' dir='ltr'>cod.</span> <span class='ocrx_word' id='word_1_251' title='bbox 490 2830 549 2884; x_wconf 87' lang='lat' dir='ltr'>Bas.</span> <span class='ocrx_word' id='word_1_252' title='bbox 570 2833 730 2901; x_wconf 86' lang='lat' dir='ltr'>transposito</span> <span class='ocrx_word' id='word_1_253' title='bbox 750 2831 845 2884; x_wconf 89' lang='lat' dir='ltr'>ordine</span> <span class='ocrx_word' id='word_1_254' title='bbox 864 2832 951 2884; x_wconf 74' lang='lat' dir='ltr'>videri</span> <span class='ocrx_word' id='word_1_255' title='bbox 969 2833 1016 2903; x_wconf 86' lang='lat' dir='ltr'>qui</span> <span class='ocrx_word' id='word_1_256' title='bbox 1032 2842 1154 2902; x_wconf 75' lang='lat' dir='ltr'>possunt.</span> <span class='ocrx_word' id='word_1_257' title='bbox 1193 2831 1278 2888; x_wconf 90' lang='lat' dir='ltr'>Cuius</span> <span class='ocrx_word' id='word_1_258' title='bbox 1296 2853 1342 2906; x_wconf 88' lang='lat' dir='ltr'>ego</span> <span class='ocrx_word' id='word_1_259' title='bbox 1356 2832 1389 2884; x_wconf 78' lang='lat' dir='ltr'>riri</span> 
     </span>
     <span class='ocr_line' id='line_1_25' title="bbox 356 2916 1389 2991; baseline -0.004 -18"><span class='ocrx_word' id='word_1_260' title='bbox 356 2921 533 2991; x_wconf 83' lang='lat' dir='ltr'>suspicionem</span> <span class='ocrx_word' id='word_1_261' title='bbox 552 2916 587 2972; x_wconf 86' lang='lat' dir='ltr'>ita</span> <span class='ocrx_word' id='word_1_262' title='bbox 608 2920 710 2990; x_wconf 89' lang='lat' dir='ltr'>probo,</span> <span class='ocrx_word' id='word_1_263' title='bbox 730 2932 759 2972; x_wconf 90' lang='grc' dir='ltr'>ιιι</span> <span class='ocrx_word' id='word_1_264' title='bbox 778 2919 883 2973; x_wconf 90' lang='lat' dir='ltr'>uncinis</span> <span class='ocrx_word' id='word_1_265' title='bbox 901 2919 1039 2974; x_wconf 74' lang='lat' dir='ltr'>includere</span> <span class='ocrx_word' id='word_1_266' title='bbox 1057 2940 1136 2973; x_wconf 87' lang='lat' dir='ltr'>ausus</span> <span class='ocrx_word' id='word_1_267' title='bbox 1153 2922 1203 2973; x_wconf 88' lang='lat' dir='ltr'>sim</span> <span class='ocrx_word' id='word_1_268' title='bbox 1224 2925 1319 2987; x_wconf 82' lang='lat' dir='ltr'>videri,</span> <span class='ocrx_word' id='word_1_269' title='bbox 1341 2921 1389 2975; x_wconf 88' lang='lat' dir='ltr'>abii·</span> 
     </span>
     <span class='ocr_line' id='line_1_26' title="bbox 356 3007 1388 3076; baseline -0.005 -12"><span class='ocrx_word' id='word_1_270' title='bbox 356 3028 417 3064; x_wconf 90' lang='lat' dir='ltr'>cere</span> <span class='ocrx_word' id='word_1_271' title='bbox 436 3028 492 3061; x_wconf 90' lang='lat' dir='ltr'>nou</span> <span class='ocrx_word' id='word_1_272' title='bbox 510 3007 632 3061; x_wconf 81' lang='lat' dir='ltr'>audeam.</span> <span class='ocrx_word' id='word_1_273' title='bbox 665 3008 810 3062; x_wconf 85' lang='lat' dir='ltr'>Est‘etiam</span> <span class='ocrx_word' id='word_1_274' title='bbox 827 3009 974 3062; x_wconf 79' lang='lat' dir='ltr'>videantur</span> <span class='ocrx_word' id='word_1_275' title='bbox 993 3008 1021 3062; x_wconf 95' lang='lat' dir='ltr'>in</span> <span class='ocrx_word' id='word_1_276' title='bbox 1041 3007 1106 3062; x_wconf 78' lang='lat' dir='ltr'>Ou.</span> <span class='ocrx_word' id='word_1_277' title='bbox 1123 3008 1154 3065; x_wconf 86' lang='lat' dir='ltr'>E.</span> <span class='ocrx_word' id='word_1_278' title='bbox 1174 3013 1194 3063; x_wconf 95' lang='grc' dir='ltr'>Ι.</span> <span class='ocrx_word' id='word_1_279' title='bbox 1214 3010 1247 3064; x_wconf 90' lang='grc' dir='ltr'>Ν.</span> <span class='ocrx_word' id='word_1_280' title='bbox 1268 3011 1301 3064; x_wconf 94' lang='lat' dir='ltr'>U.</span> <span class='ocrx_word' id='word_1_281' title='bbox 1317 3030 1353 3076; x_wconf 90' lang='lat' dir='ltr'>o.,</span> <span class='ocrx_word' id='word_1_282' title='bbox 1370 3009 1388 3059; x_wconf 85' lang='lat' dir='ltr'>iu</span> 
     </span>
    </p>

    <p class='ocr_par' dir='ltr' id='par_1_6' title="bbox 353 3096 849 3164">
     <span class='ocr_line' id='line_1_27' title="bbox 353 3096 849 3164; baseline 0 -13"><span class='ocrx_word' id='word_1_283' title='bbox 353 3097 406 3151; x_wconf 86' lang='grc' dir='ltr'>Οιι.</span> <span class='ocrx_word' id='word_1_284' title='bbox 426 3096 456 3150; x_wconf 90' lang='grc' dir='ltr'>Ε.</span> <span class='ocrx_word' id='word_1_285' title='bbox 479 3096 562 3148; x_wconf 82' lang='lat' dir='ltr'>videri</span> <span class='ocrx_word' id='word_1_286' title='bbox 580 3107 627 3149; x_wconf 86' lang='lat' dir='ltr'>aut</span> <span class='ocrx_word' id='word_1_287' title='bbox 645 3096 754 3164; x_wconf 66' lang='lat' dir='ltr'>offendi</span> <span class='ocrx_word' id='word_1_288' title='bbox 790 3096 849 3151; x_wconf 80' lang='lat' dir='ltr'>Mt.</span> 
     </span>
    </p>

    <p class='ocr_par' dir='ltr' id='par_1_7' title="bbox 339 3182 1388 3855">
     <span class='ocr_line' id='line_1_28' title="bbox 429 3182 1388 3257; baseline 0.004 -22"><span class='ocrx_word' id='word_1_289' title='bbox 429 3203 524 3255; x_wconf 84' lang='lat' dir='ltr'>quum,</span> <span class='ocrx_word' id='word_1_290' title='bbox 554 3184 683 3257; x_wconf 85' lang='lat' dir='ltr'>quicquid</span> <span class='ocrx_word' id='word_1_291' title='bbox 706 3195 847 3253; x_wconf 82' lang='lat' dir='ltr'>peccetur,</span> <span class='ocrx_word' id='word_1_292' title='bbox 866 3186 929 3251; x_wconf 75' lang='lat' dir='ltr'>eto]</span> <span class='ocrx_word' id='word_1_293' title='bbox 973 3182 1088 3250; x_wconf 84' lang='lat' dir='ltr'>„Cicero</span> <span class='ocrx_word' id='word_1_294' title='bbox 1120 3186 1215 3240; x_wconf 89' lang='lat' dir='ltr'>callide</span> <span class='ocrx_word' id='word_1_295' title='bbox 1244 3201 1270 3243; x_wconf 90' lang='lat' dir='ltr'>et</span> <span class='ocrx_word' id='word_1_296' title='bbox 1296 3184 1388 3241; x_wconf 81' lang='lat' dir='ltr'>oratorie</span> 
     </span>
     <span class='ocr_line' id='line_1_29' title="bbox 356 3271 1388 3346; baseline 0.002 -21"><span class='ocrx_word' id='word_1_297' title='bbox 356 3272 424 3325; x_wconf 85' lang='lat' dir='ltr'>hane</span> <span class='ocrx_word' id='word_1_298' title='bbox 443 3272 641 3343; x_wconf 80' lang='lat' dir='ltr'><strong>perorationem</strong></span> <span class='ocrx_word' id='word_1_299' title='bbox 659 3272 824 3342; x_wconf 70' lang='lat' dir='ltr'>composuit,</span> <span class='ocrx_word' id='word_1_300' title='bbox 850 3284 878 3324; x_wconf 88' lang='grc' dir='ltr'>ιιι</span> <span class='ocrx_word' id='word_1_301' title='bbox 898 3271 963 3325; x_wconf 90' lang='lat' dir='ltr'>illud</span> <span class='ocrx_word' id='word_1_302' title='bbox 983 3274 1069 3343; x_wconf 90' lang='lat' dir='ltr'>ipsum</span> <span class='ocrx_word' id='word_1_303' title='bbox 1096 3284 1223 3346; x_wconf 89' lang='lat' dir='ltr'>tanquam</span> <span class='ocrx_word' id='word_1_304' title='bbox 1243 3278 1388 3331; x_wconf 83' lang='lat' dir='ltr'>demonstra·</span> 
     </span>
     <span class='ocr_line' id='line_1_30' title="bbox 339 3359 1388 3437; baseline 0.004 -23"><span class='ocrx_word' id='word_1_305' title='bbox 339 3372 412 3437; x_wconf 53' lang='lat' dir='ltr'>⁴tum</span> <span class='ocrx_word' id='word_1_306' title='bbox 432 3371 552 3431; x_wconf 84' lang='lat' dir='ltr'>poneret,</span> <span class='ocrx_word' id='word_1_307' title='bbox 572 3359 645 3431; x_wconf 89' lang='lat' dir='ltr'>quod</span> <span class='ocrx_word' id='word_1_308' title='bbox 665 3360 752 3414; x_wconf 89' lang='lat' dir='ltr'>adbuc</span> <span class='ocrx_word' id='word_1_309' title='bbox 765 3372 821 3413; x_wconf 87' lang='lat' dir='ltr'>erat</span> <span class='ocrx_word' id='word_1_310' title='bbox 833 3360 1084 3427; x_wconf 90' lang='lat' dir='ltr'>demonstrandum,</span> <span class='ocrx_word' id='word_1_311' title='bbox 1103 3363 1232 3416; x_wconf 90' lang='lat' dir='ltr'>nimirum</span> <span class='ocrx_word' id='word_1_312' title='bbox 1250 3369 1318 3418; x_wconf 80' lang='lat' dir='ltr'><em>nihil</em></span> <span class='ocrx_word' id='word_1_313' title='bbox 1331 3382 1388 3437; x_wconf 72' lang='lat' dir='ltr'>posse</span> 
     </span>
     <span class='ocr_line' id='line_1_31' title="bbox 355 3451 1387 3526; baseline 0.001 -25"><span class='ocrx_word' id='word_1_314' title='bbox 355 3451 433 3514; x_wconf 83' lang='lat' dir='ltr'>addi,</span> <span class='ocrx_word' id='word_1_315' title='bbox 453 3469 505 3519; x_wconf 86' lang='lat' dir='ltr'>quo</span> <span class='ocrx_word' id='word_1_316' title='bbox 523 3451 610 3520; x_wconf 75' lang='lat' dir='ltr'>inagis</span> <span class='ocrx_word' id='word_1_317' title='bbox 625 3451 733 3518; x_wconf 84' lang='lat' dir='ltr'>peccori</span> <span class='ocrx_word' id='word_1_318' title='bbox 749 3470 828 3519; x_wconf 86' lang='lat' dir='ltr'>posse</span> <span class='ocrx_word' id='word_1_319' title='bbox 846 3451 990 3514; x_wconf 79' lang='lat' dir='ltr'>videatur,</span> <span class='ocrx_word' id='word_1_320' title='bbox 1009 3451 1027 3503; x_wconf 93' lang='lat' dir='ltr'>i.</span> <span class='ocrx_word' id='word_1_321' title='bbox 1045 3471 1068 3504; x_wconf 87' lang='lat' dir='ltr'>e.</span> <span class='ocrx_word' id='word_1_322' title='bbox 1086 3451 1119 3504; x_wconf 85' lang='lat' dir='ltr'>ad</span> <span class='ocrx_word' id='word_1_323' title='bbox 1139 3451 1250 3524; x_wconf 83' lang='lat' dir='ltr'>aliquod</span> <span class='ocrx_word' id='word_1_324' title='bbox 1271 3466 1387 3526; x_wconf 78' lang='lat' dir='ltr'>peccatum</span> 
     </span>
     <span class='ocr_line' id='line_1_32' title="bbox 356 3536 1388 3615; baseline 0.008 -26"><span class='ocrx_word' id='word_1_325' title='bbox 356 3536 419 3589; x_wconf 91' lang='lat' dir='ltr'>nihil</span> <span class='ocrx_word' id='word_1_326' title='bbox 440 3555 515 3606; x_wconf 85' lang='lat' dir='ltr'>posse</span> <span class='ocrx_word' id='word_1_327' title='bbox 535 3537 611 3603; x_wconf 92' lang='lat' dir='ltr'>addi,</span> <span class='ocrx_word' id='word_1_328' title='bbox 631 3557 680 3608; x_wconf 86' lang='lat' dir='ltr'>per</span> <span class='ocrx_word' id='word_1_329' title='bbox 703 3558 784 3609; x_wconf 88' lang='lat' dir='ltr'>quam</span> <span class='ocrx_word' id='word_1_330' title='bbox 804 3538 967 3593; x_wconf 70' lang='lat' dir='ltr'>additionem</span> <span class='ocrx_word' id='word_1_331' title='bbox 987 3538 1039 3593; x_wconf 85' lang='lat' dir='ltr'>boc</span> <span class='ocrx_word' id='word_1_332' title='bbox 1051 3551 1192 3611; x_wconf 86' lang='lat' dir='ltr'>peccatum</span> <span class='ocrx_word' id='word_1_333' title='bbox 1212 3545 1297 3596; x_wconf 86' lang='lat' dir='ltr'>maius</span> <span class='ocrx_word' id='word_1_334' title='bbox 1314 3559 1388 3615; x_wconf 75' lang='lat' dir='ltr'>pecct-</span> 
     </span>
     <span class='ocr_line' id='line_1_33' title="bbox 356 3625 1387 3703; baseline 0 -25"><span class='ocrx_word' id='word_1_335' title='bbox 356 3639 412 3678; x_wconf 88' lang='lat' dir='ltr'>tum</span> <span class='ocrx_word' id='word_1_336' title='bbox 431 3644 486 3678; x_wconf 87' lang='lat' dir='ltr'>esse</span> <span class='ocrx_word' id='word_1_337' title='bbox 502 3626 628 3679; x_wconf 87' lang='lat' dir='ltr'>videatur.</span> <span class='ocrx_word' id='word_1_338' title='bbox 678 3625 706 3678; x_wconf 92' lang='lat' dir='ltr'>Si</span> <span class='ocrx_word' id='word_1_339' title='bbox 734 3626 903 3698; x_wconf 82' lang='lat' dir='ltr'>syllogismus</span> <span class='ocrx_word' id='word_1_340' title='bbox 928 3628 1061 3681; x_wconf 85' lang='lat' dir='ltr'>oratorius</span> <span class='ocrx_word' id='word_1_341' title='bbox 1079 3628 1107 3681; x_wconf 94' lang='lat' dir='ltr'>in</span> <span class='ocrx_word' id='word_1_342' title='bbox 1128 3629 1247 3683; x_wconf 87' lang='lat' dir='ltr'>-lormam</span> <span class='ocrx_word' id='word_1_343' title='bbox 1267 3626 1387 3703; x_wconf 83' lang='lat' dir='ltr'>syllogismi</span> 
     </span>
     <span class='ocr_line' id='line_1_34' title="bbox 355 3713 1386 3788; baseline 0.001 -22"><span class='ocrx_word' id='word_1_344' title='bbox 355 3713 487 3766; x_wconf 84' lang='lat' dir='ltr'>dialectici</span> <span class='ocrx_word' id='word_1_345' title='bbox 509 3714 660 3784; x_wconf 74' lang='lat' dir='ltr'>redigatur,</span> <span class='ocrx_word' id='word_1_346' title='bbox 687 3716 779 3769; x_wconf 87' lang='lat' dir='ltr'>vitium</span> <span class='ocrx_word' id='word_1_347' title='bbox 797 3717 854 3769; x_wconf 90' lang='lat' dir='ltr'>eius</span> <span class='ocrx_word' id='word_1_348' title='bbox 872 3717 957 3786; x_wconf 86' lang='lat' dir='ltr'>magis</span> <span class='ocrx_word' id='word_1_349' title='bbox 974 3717 1122 3788; x_wconf 88' lang='lat' dir='ltr'>apparebit.</span> <span class='ocrx_word' id='word_1_350' title='bbox 1169 3718 1215 3772; x_wconf 85' lang='lat' dir='ltr'>Est</span> <span class='ocrx_word' id='word_1_351' title='bbox 1233 3731 1320 3772; x_wconf 88' lang='lat' dir='ltr'>antem</span> <span class='ocrx_word' id='word_1_352' title='bbox 1337 3718 1386 3770; x_wconf 83' lang='lat' dir='ltr'>eius·</span> 
     </span>
     <span class='ocr_line' id='line_1_35' title="bbox 355 3802 448 3855; baseline -0.032 0"><span class='ocrx_word' id='word_1_353' title='bbox 355 3802 448 3855; x_wconf 92' lang='lat' dir='ltr'>modi:</span> 
     </span>
    </p>

    <p class='ocr_par' dir='ltr' id='par_1_8' title="bbox 356 3889 1385 4234">
     <span class='ocr_line' id='line_1_36' title="bbox 356 3889 1385 3969; baseline 0.005 -27"><span class='ocrx_word' id='word_1_354' title='bbox 356 3890 397 3955; x_wconf 91' lang='lat' dir='ltr'>Si,</span> <span class='ocrx_word' id='word_1_355' title='bbox 419 3889 545 3960; x_wconf 88' lang='lat' dir='ltr'>quioquid</span> <span class='ocrx_word' id='word_1_356' title='bbox 568 3902 708 3959; x_wconf 88' lang='lat' dir='ltr'>peccatur,</span> <span class='ocrx_word' id='word_1_357' title='bbox 735 3892 935 3961; x_wconf 85' lang='lat' dir='ltr'>perturbatione</span> <span class='ocrx_word' id='word_1_358' title='bbox 966 3895 1075 3946; x_wconf 86' lang='lat' dir='ltr'>rationis</span> <span class='ocrx_word' id='word_1_359' title='bbox 1093 3906 1173 3966; x_wconf 87' lang='lat' dir='ltr'>atque</span> <span class='ocrx_word' id='word_1_360' title='bbox 1193 3897 1295 3949; x_wconf 86' lang='lat' dir='ltr'>ordinis</span> <span class='ocrx_word' id='word_1_361' title='bbox 1313 3909 1385 3969; x_wconf 75' lang='lat' dir='ltr'>pecct-</span> 
     </span>
     <span class='ocr_line' id='line_1_37' title="bbox 391 3977 1385 4055; baseline 0.004 -25"><span class='ocrx_word' id='word_1_362' title='bbox 391 3989 451 4053; x_wconf 83' lang='lat' dir='ltr'>tur,</span> <span class='ocrx_word' id='word_1_363' title='bbox 477 3977 630 4046; x_wconf 90' lang='lat' dir='ltr'>perturbata</span> <span class='ocrx_word' id='word_1_364' title='bbox 655 3991 743 4032; x_wconf 87' lang='lat' dir='ltr'>autem</span> <span class='ocrx_word' id='word_1_365' title='bbox 770 3981 849 4033; x_wconf 88' lang='lat' dir='ltr'>semel</span> <span class='ocrx_word' id='word_1_366' title='bbox 876 3983 980 4035; x_wconf 87' lang='lat' dir='ltr'>ratione</span> <span class='ocrx_word' id='word_1_367' title='bbox 1004 3994 1085 4054; x_wconf 89' lang='lat' dir='ltr'>atque</span> <span class='ocrx_word' id='word_1_368' title='bbox 1114 3985 1210 4037; x_wconf 88' lang='lat' dir='ltr'>ordine</span> <span class='ocrx_word' id='word_1_369' title='bbox 1238 3986 1300 4038; x_wconf 92' lang='lat' dir='ltr'>nibil</span> <span class='ocrx_word' id='word_1_370' title='bbox 1323 3987 1385 4055; x_wconf 81' lang='lat' dir='ltr'>potet</span> 
     </span>
     <span class='ocr_line' id='line_1_38' title="bbox 390 4064 1383 4145; baseline 0.006 -28"><span class='ocrx_word' id='word_1_371' title='bbox 390 4064 466 4129; x_wconf 86' lang='lat' dir='ltr'>addi,</span> <span class='ocrx_word' id='word_1_372' title='bbox 487 4074 514 4117; x_wconf 89' lang='lat' dir='ltr'>nt</span> <span class='ocrx_word' id='word_1_373' title='bbox 533 4077 673 4134; x_wconf 85' lang='lat' dir='ltr'>peccatum</span> <span class='ocrx_word' id='word_1_374' title='bbox 693 4071 864 4122; x_wconf 86' lang='lat' dir='ltr'>commissum</span> <span class='ocrx_word' id='word_1_375' title='bbox 886 4091 934 4142; x_wconf 89' lang='lat' dir='ltr'>per</span> <span class='ocrx_word' id='word_1_376' title='bbox 953 4072 1022 4125; x_wconf 86' lang='lat' dir='ltr'>banc</span> <span class='ocrx_word' id='word_1_377' title='bbox 1041 4072 1205 4128; x_wconf 84' lang='lat' dir='ltr'>additionem</span> <span class='ocrx_word' id='word_1_378' title='bbox 1217 4076 1383 4145; x_wconf 79' lang='lat' dir='ltr'>maiuspecet·</span> 
     </span>
     <span class='ocr_line' id='line_1_39' title="bbox 390 4152 1295 4234; baseline 0.011 -29"><span class='ocrx_word' id='word_1_379' title='bbox 390 4164 447 4205; x_wconf 92' lang='lat' dir='ltr'>tum</span> <span class='ocrx_word' id='word_1_380' title='bbox 467 4171 521 4204; x_wconf 86' lang='lat' dir='ltr'>esse</span> <span class='ocrx_word' id='word_1_381' title='bbox 541 4152 673 4217; x_wconf 74' lang='lat' dir='ltr'>videatur3</span> <span class='ocrx_word' id='word_1_382' title='bbox 694 4157 829 4227; x_wconf 78' lang='lat' dir='ltr'>sequitur,</span> <span class='ocrx_word' id='word_1_383' title='bbox 850 4160 941 4212; x_wconf 91' lang='lat' dir='ltr'>omnia</span> <span class='ocrx_word' id='word_1_384' title='bbox 962 4173 1069 4230; x_wconf 85' lang='lat' dir='ltr'>peccata</span> <span class='ocrx_word' id='word_1_385' title='bbox 1088 4180 1144 4215; x_wconf 87' lang='lat' dir='ltr'>esse</span> <span class='ocrx_word' id='word_1_386' title='bbox 1161 4164 1295 4234; x_wconf 87' lang='lat' dir='ltr'>aequalia:</span> 
     </span>
    </p>

    <p class='ocr_par' dir='ltr' id='par_1_9' title="bbox 357 4240 1430 4496">
     <span class='ocr_line' id='line_1_40' title="bbox 357 4240 1430 4321; baseline 0.011 -29"><span class='ocrx_word' id='word_1_387' title='bbox 357 4242 457 4312; x_wconf 83' lang='lat' dir='ltr'>Atqui,</span> <span class='ocrx_word' id='word_1_388' title='bbox 478 4240 607 4312; x_wconf 89' lang='lat' dir='ltr'>quicquid</span> <span class='ocrx_word' id='word_1_389' title='bbox 628 4256 761 4312; x_wconf 85' lang='lat' dir='ltr'>peccatur,</span> <span class='ocrx_word' id='word_1_390' title='bbox 781 4247 984 4315; x_wconf 84' lang='lat' dir='ltr'>perturbatione</span> <span class='ocrx_word' id='word_1_391' title='bbox 1004 4249 1114 4302; x_wconf 87' lang='lat' dir='ltr'>rationis</span> <span class='ocrx_word' id='word_1_392' title='bbox 1132 4261 1213 4321; x_wconf 87' lang='lat' dir='ltr'>atque</span> <span class='ocrx_word' id='word_1_393' title='bbox 1232 4251 1327 4305; x_wconf 87' lang='lat' dir='ltr'>ordinis</span> <span class='ocrx_word' id='word_1_394' title='bbox 1339 4262 1382 4319; x_wconf 68' lang='lat' dir='ltr'>pet·</span> <span class='ocrx_word' id='word_1_395' title='bbox 1429 4243 1430 4248; x_wconf 27' lang='lat'>¹</span> 
     </span>
     <span class='ocr_line' id='line_1_41' title="bbox 392 4332 1379 4409; baseline 0.007 -27"><span class='ocrx_word' id='word_1_396' title='bbox 392 4342 483 4395; x_wconf 85' lang='lat' dir='ltr'>catur,</span> <span class='ocrx_word' id='word_1_397' title='bbox 507 4342 534 4381; x_wconf 89' lang='lat' dir='ltr'>et</span> <span class='ocrx_word' id='word_1_398' title='bbox 552 4332 705 4401; x_wconf 88' lang='lat' dir='ltr'>perturbata</span> <span class='ocrx_word' id='word_1_399' title='bbox 724 4333 805 4384; x_wconf 87' lang='lat' dir='ltr'>semel</span> <span class='ocrx_word' id='word_1_400' title='bbox 824 4335 928 4388; x_wconf 85' lang='lat' dir='ltr'>ratione</span> <span class='ocrx_word' id='word_1_401' title='bbox 948 4348 974 4389; x_wconf 88' lang='lat' dir='ltr'>et</span> <span class='ocrx_word' id='word_1_402' title='bbox 991 4337 1086 4389; x_wconf 86' lang='lat' dir='ltr'>ordine</span> <span class='ocrx_word' id='word_1_403' title='bbox 1106 4338 1171 4390; x_wconf 89' lang='lat' dir='ltr'>nihil</span> <span class='ocrx_word' id='word_1_404' title='bbox 1191 4350 1276 4409; x_wconf 88' lang='lat' dir='ltr'>potest</span> <span class='ocrx_word' id='word_1_405' title='bbox 1293 4338 1321 4390; x_wconf 92' lang='lat' dir='ltr'>ad</span> <span class='ocrx_word' id='word_1_406' title='bbox 1338 4348 1379 4404; x_wconf 79' lang='lat' dir='ltr'>pec·</span> 
     </span>
     <span class='ocr_line' id='line_1_42' title="bbox 393 4419 1430 4496; baseline 0.005 -28"><span class='ocrx_word' id='word_1_407' title='bbox 393 4428 480 4469; x_wconf 87' lang='lat' dir='ltr'>catum</span> <span class='ocrx_word' id='word_1_408' title='bbox 501 4419 570 4484; x_wconf 87' lang='lat' dir='ltr'>addi,</span> <span class='ocrx_word' id='word_1_409' title='bbox 589 4431 617 4472; x_wconf 91' lang='lat' dir='ltr'>ut</span> <span class='ocrx_word' id='word_1_410' title='bbox 637 4420 766 4490; x_wconf 88' lang='lat' dir='ltr'>perhanc</span> <span class='ocrx_word' id='word_1_411' title='bbox 780 4423 943 4479; x_wconf 90' lang='lat' dir='ltr'>additionem</span> <span class='ocrx_word' id='word_1_412' title='bbox 959 4427 1045 4479; x_wconf 83' lang='lat' dir='ltr'>maius</span> <span class='ocrx_word' id='word_1_413' title='bbox 1055 4438 1195 4496; x_wconf 91' lang='lat' dir='ltr'>peccatum</span> <span class='ocrx_word' id='word_1_414' title='bbox 1210 4447 1264 4480; x_wconf 86' lang='lat' dir='ltr'>esse</span> <span class='ocrx_word' id='word_1_415' title='bbox 1278 4426 1379 4478; x_wconf 73' lang='lat' dir='ltr'>videatur:</span> <span class='ocrx_word' id='word_1_416' title='bbox 1429 4429 1430 4438; x_wconf 61' lang='lat'>¹</span> 
     </span>
    </p>

    <p class='ocr_par' dir='ltr' id='par_1_10' title="bbox 356 4497 1430 4584">
     <span class='ocr_line' id='line_1_43' title="bbox 356 4497 1430 4584; baseline 0.009 -26"><span class='ocrx_word' id='word_1_417' title='bbox 356 4506 429 4576; x_wconf 85' lang='lat' dir='ltr'>Ergo</span> <span class='ocrx_word' id='word_1_418' title='bbox 449 4522 557 4578; x_wconf 86' lang='lat' dir='ltr'>peccata</span> <span class='ocrx_word' id='word_1_419' title='bbox 577 4512 667 4564; x_wconf 91' lang='lat' dir='ltr'>omnia</span> <span class='ocrx_word' id='word_1_420' title='bbox 687 4523 748 4565; x_wconf 90' lang='lat' dir='ltr'>sunt</span> <span class='ocrx_word' id='word_1_421' title='bbox 765 4515 895 4584; x_wconf 86' lang='lat' dir='ltr'>aequalia.</span> <span class='ocrx_word' id='word_1_422' title='bbox 1429 4497 1430 4512; x_wconf 18' lang='grc' dir='ltr'>ἶ</span> 
     </span>
    </p>
   </div>
   <div class='ocr_carea' id='block_1_3' title="bbox 0 0 1764 5450">
    <p class='ocr_par' dir='ltr' id='par_1_11' title="bbox 0 0 1764 5450">
     <span class='ocr_line' id='line_1_44' title="bbox 0 0 1764 5450; baseline 0 1"><span class='ocrx_word' id='word_1_423' title='bbox 0 0 1764 5450; x_wconf 95' lang='lat' dir='ltr'> </span> 
     </span>
    </p>
   </div>
  </div>
 </body>
</html>
