3517 5450
764 725 968 775 rnoonumn.
1349 708 1392 777 ll

347 882 476 955 Sequitur
494 883 522 937 in
542 881 627 936 Codd.
646 881 712 939 On.
730 885 760 938 E.
778 884 813 938 U.
830 883 1096 955 interrogationibus,
1116 885 1144 938 in
1164 884 1222 938 Cra.
1241 889 1266 939 1.
1283 886 1398 938 interro·

347 973 546 1043 gaciunculiss
577 983 634 1027 tum
651 983 684 1024 st
703 973 783 1046 quasi
800 973 827 1026 in
847 969 933 1025 Codd.
952 970 1015 1025 Car.
1032 970 1126 1044 Steplv.
1142 973 1223 1027 Drsd.
1242 979 1267 1026 2.
1285 972 1336 1025 Ed.
1354 993 1397 1044 ap.

349 1059 458 1112 Meusel.
482 1059 552 1113 Viet.
575 1058 658 1112 Suslr.
683 1060 756 1114 Petri
782 1063 839 1132 (ap.
859 1058 924 1126 Or.)
952 1059 1048 1113 Parias.
1070 1061 1339 1115 venustatae&
1366 1059 1398 1112 11.

349 1147 449 1212 wall,
475 1146 527 1200 Ed.
548 1166 569 1201 s.
588 1147 606 1200 Ι.
634 1159 659 1202 et
682 1168 706 1202 a.
730 1149 827 1220 lldlbg.
850 1148 934 1202 Paris.
960 1152 1039 1202 taut.
1063 1147 1148 1220 Lugd.
1166 1152 1244 1202 1515.
1272 1149 1399 1202 Darentr.

351 1239 425 1290 1115.
443 1234 526 1288 Grut.
542 1234 629 1289 Gron.
648 1237 729 1290 Verb.
743 1266 777 1281 -
796 1237 877 1290 Recte
896 1236 993 1291 Graev.
1009 1236 1186 1291 omittendam
1204 1255 1258 1289 esse
1274 1235 1400 1308 copvrlam

352 1322 423 1386 disit;
442 1324 516 1395 ipsas
534 1323 606 1376 enim
626 1324 900 1396 interrogatiunculas
914 1336 1018 1395 puncta
1037 1325 1100 1392 dici,
1119 1323 1273 1379 bessula
1292 1335 1318 1378 et
1337 1326 1401 1379 bre·

352 1411 385 1464 via
403 1411 484 1465 dicta.
522 1412 582 1463 Vid.
603 1432 666 1466 ann.
682 1413 762 1467 Face.
780 1425 805 1468 et
824 1414 888 1468 Eru.
922 1406 982 1467 Mr.

414 1500 705 1572 interrogatiunculis]
732 1502 790 1557 llac
817 1522 882 1556 voce
907 1501 1040 1574 signifieat
1064 1501 1310 1571 argumentationes
1330 1501 1397 1555 Dia-

355 1584 521 1655 leeticorum,
541 1606 610 1659 quae
628 1587 728 1644 fiebant
747 1590 950 1661 interrogando.
986 1591 1098 1644 Face.-

416 1676 707 1746 Interrogatiunculis]
727 1676 768 1731 td
788 1696 844 1731 rem
864 1689 890 1731 et
908 1677 942 1731 ad
962 1679 1042 1731 verba
1056 1676 1158 1732 Gernb.
1175 1678 1266 1732 laudat
1278 1678 1311 1731 de
1322 1678 1401 1730 Finn.

356 1761 393 1830 lV,
410 1767 435 1830 3,
453 1767 485 1817 l:
510 1768 654 1836 Pungunt,
672 1766 752 1837 quasi
771 1764 880 1828 aculeis,
898 1765 1170 1837 interrogatiunculis
1187 1766 1323 1837 angustis,
1339 1767 1400 1835 qui·

357 1849 397 1902 lus
412 1852 498 1902 stiam
523 1852 571 1923 qui
597 1853 799 1917 assentiuntur,
825 1853 896 1905 nilvil
920 1863 1120 1906 commutantur
1143 1854 1246 1917 animo,
1269 1863 1297 1904 et
1321 1853 1401 1905 iidem

357 1939 461 2005 absum,
480 1939 530 2011 qui
547 1951 693 1994 uenerant:
720 1960 762 1993 res
779 1942 850 1993 enirn
861 1941 988 2012 sortasse
1005 1960 1097 2006 uerae,
1124 1951 1194 1994 certe
1209 1958 1322 2013 graues,
1348 1959 1402 1993 non

357 2025 390 2078 itu
405 2035 581 2090 tractantur,
600 2036 632 2079 ut
651 2028 759 2093 debent,
776 2029 824 2080 sed
843 2028 988 2099 aliquanto
1006 2029 1145 2080 minutius.
1180 2026 1285 2080 Acadd.
1304 2025 1335 2092 ll,
1355 2029 1400 2092 35,

357 2115 412 2167 lll:
436 2115 590 2167 Stoicorum
616 2116 724 2168 dumeta
732 2137 742 2178 ,·
771 2116 805 2171 de
829 2115 910 2170 Fiun.
927 2118 973 2182 lll,
993 2119 1019 2182 1,
1038 2118 1068 2170 3:
1094 2115 1230 2184 spinosum
1255 2114 1401 2166 disserendi

357 2219 445 2270 genus,
473 2203 522 2268 lv,
541 2206 585 2268 28,
604 2207 654 2258 tt:
674 2204 820 2257 disserendi
837 2206 939 2274 spinae.
957 2233 992 2245 -
1020 2202 1303 2274 Interrogatiunculas
1321 2201 1399 2256 inlel-

358 2286 400 2360 lige
419 2291 677 2361 argumentationes.
719 2291 779 2363 lpse
796 2291 895 2346 Cicero
914 2293 948 2346 de
965 2292 1016 2347 Or.
1035 2295 1055 2359 l,
1073 2295 1115 2344 1⁰.
1137 2290 1292 2344 Stoicorum
1318 2307 1401 2360 argu·

359 2387 437 2430 menta
454 2377 568 2448 laqueos
582 2378 799 2448 disputationum
811 2389 838 2430 et
853 2381 1094 2452 interrogationum
1108 2377 1233 2449 appellat.
1269 2376 1326 2431 Nec
1338 2395 1401 2430 vero

358 2482 440 2518 omnes
459 2464 617 2519 Stoicorum
637 2467 885 2537 argumentationes
909 2465 1153 2539 interrogationum
1177 2466 1294 2518 formam
1318 2463 1401 2518 babe·
1450 2506 1453 2512 .

359 2551 425 2616 bant,
445 2553 547 2607 multae
565 2554 792 2626 syllogismorum.
829 2554 890 2606 Mr.

415 2645 454 2692 Et
477 2643 559 2714 quusi
581 2643 701 2710 punctis]
726 2641 779 2696 Alii
806 2641 905 2697 tollunt
930 2638 1089 2711 particulam
1115 2651 1151 2694 et.
1190 2640 1295 2693 Puncta
1316 2657 1400 2709 porro

360 2726 411 2782 licit
428 2729 523 2784 eadem
542 2730 656 2797 ratione,
676 2730 811 2802 quandixit
825 2732 852 2783 in
871 2729 916 2783 lib.
926 2732 953 2783 4.
965 2729 998 2782 ‹le
1012 2729 1072 2781 Fin.
1088 2748 1146 2801 cap.
1155 2732 1180 2783 3.
1199 2728 1284 2795 (ll).
1301 2729 1400 2784 Face.

416 2818 547 2869 Minutas
564 2818 842 2890 interrogatiunculae
864 2828 927 2872 sunt
952 2815 1150 2889 enthymemata
1170 2829 1197 2871 et
1213 2817 1313 2871 similes
1331 2834 1401 2887 quae

360 2902 541 2977 interrogando
570 2904 639 2958 stunt
667 2906 854 2961 conclusiones
884 2918 910 2959 et
936 2905 1190 2976 argumentationes.
1217 2905 1264 2959 bas
1295 2906 1401 2976 punctis

360 3002 495 3063 comparat,
523 2994 577 3045 sive
599 2994 634 3047 ob
654 2994 824 3059 brevitatem,
845 2995 900 3048 sire
921 2995 983 3066 quis
1003 2995 1091 3047 acrius
1108 3004 1234 3065 pungunt
1251 3013 1270 3047 s.
1292 3005 1401 3047 movent

360 3079 468 3133 animum
487 3081 628 3134 audientis.
658 3091 686 3133 et
705 3082 791 3136 abluit
807 3082 868 3137 MS.
887 3084 1007 3149 Pithoni,
1030 3083 1180 3153 delevitque
1198 3081 1336 3134 Graevius.
1351 3083 1400 3134 ab-

361 3175 390 3218 at
412 3168 491 3221 etiam
518 3169 561 3222 ed.
580 3167 677 3223 Calon.
697 3170 807 3223 lllediol.
823 3170 888 3224 Atd.
905 3173 1009 3225 Victor.
1026 3182 1076 3224 etc.
1094 3171 1157 3224 item
1176 3169 1234 3223 MS.
1252 3170 1399 3240 Duisburg.

361 3254 411 3323 quia
422 3266 448 3308 et
461 3256 568 3309 formae
580 3255 720 3312 Ciceronis
730 3259 757 3311 in
772 3259 825 3314 boc
841 3278 941 3330 genere
959 3279 1016 3313 non
1034 3260 1176 3324 consentit,
1194 3257 1305 3311 tetevir‘
1323 3257 1400 3311 Era.

419 3348 457 3395 Et
480 3346 562 3416 quasi
581 3348 712 3415 punctis]
738 3347 776 3413 ‚,i.
794 3368 817 3401 e.
843 3350 925 3403 rebus
948 3347 1115 3401 brevissimis.
1155 3347 1292 3418 Punctum
1317 3345 1399 3410 enim,

362 3431 421 3499 quod
440 3432 521 3484 breve
539 3431 687 3485 admodum
706 3446 759 3502 est,
782 3435 912 3489 dicituro
934 3435 1090 3506 pungendo.
1107 3462 1143 3473 -
1170 3433 1205 3487 Et
1223 3434 1286 3505 quia
1307 3433 1400 3504 spinae

363 3530 482 3589 pungunt,
501 3519 634 3574 orationis
650 3540 745 3593 genus,
771 3542 826 3595 quo
844 3523 930 3577 Stoici
948 3533 1070 3588 utuntur,
1092 3520 1189 3576 Cicero
1207 3519 1326 3591 appellat
1343 3522 1399 3589 spi-

362 3620 449 3664 nosum,
468 3618 497 3662 ut
517 3606 588 3663 libro
607 3607 640 3662 de
658 3608 775 3664 Oratore
794 3615 815 3679 l,
833 3615 887 3669 182
912 3613 1124 3666 &alascemi
1142 3609 1250 3679 spinosa
1267 3610 1401 3679 quaedam

362 3702 382 3743 et
395 3697 470 3749 erilis
488 3697 587 3749 oratio.
605 3724 641 3737 -
669 3696 751 3753 Libro
770 3700 803 3753 de
821 3700 935 3754 Finibus
952 3702 978 3766 3,
996 3702 1027 3753 l:
1053 3698 1203 3751 Stoicorum
1220 3714 1273 3751 non
1290 3697 1400 3767 ignoras

363 3800 430 3851 quam
454 3784 491 3835 sit
517 3783 617 3840 subtile
643 3787 687 3838 uel
710 3788 847 3855 spinosum
867 3789 962 3858 potius
984 3788 1090 3840 dicendi
1104 3806 1200 3857 genus.
1234 3784 1335 3838 Eadem
1355 3804 1402 3837 ra·
1479 3793 1482 3798 ’

363 3867 422 3925 tione
440 3871 512 3925 idem
531 3870 602 3927 libro
616 3873 841 3929 Academiearum
858 3880 886 3941 4,
900 3879 944 3930 25.
962 3876 1112 3927 Stoicorum
1130 3874 1239 3926 dumeta
1257 3872 1400 3944 appellat.“

363 3953 424 4012 lec.
438 3959 532 4030 Sylv.
550 3988 586 3999 ·-
610 3960 778 4030 „Dialectici
798 3982 915 4034 quorum
934 3982 1034 4018 nomen
1052 3962 1149 4016 Stoicis
1167 3962 1343 4028 tribuebatur,
1362 3973 1400 4030 ut,

365 4060 414 4096 cum
431 4045 586 4100 dialecticus
605 4046 754 4116 diceretur,
779 4050 888 4105 Stoicus
904 4050 991 4105 audiri
1008 4051 1118 4105 soleret:
1148 4062 1323 4105 veruntamen
1342 4050 1399 4103 dia-

366 4127 451 4202 lectici,
470 4147 500 4190 ut
518 4136 609 4189 dicere
628 4136 811 4204 institueram,
835 4139 922 4193 solent
939 4139 1129 4209 interrogando
1147 4138 1300 4209 disputare,
1325 4136 1398 4209 quod

366 4237 444 4276 eorum
462 4224 657 4296 disputationes
674 4227 844 4280 sermonibus
869 4238 896 4282 et
919 4227 1032 4298 dialogis
1056 4225 1154 4281 similes
1173 4226 1242 4292 sint,
1268 4225 1350 4296 idque
1369 4245 1398 4277 ea

367 4304 475 4366 brevitate
494 4313 600 4367 iaciunt
617 4326 643 4368 et
662 4313 843 4369 adversarium
860 4317 896 4370 ita
917 4327 1059 4387 premunt,
1086 4325 1116 4369 ut
1135 4333 1190 4368 non
1208 4313 1324 4376 caesim,
1353 4312 1398 4365 sed

368 4407 469 4467 punctim
487 4406 569 4461 lerina
587 4406 734 4460 videantur.
771 4404 867 4461 Cicero
892 4406 976 4477 igitur
1000 4424 1063 4460 cum
1087 4402 1153 4456 dicit
1177 4411 1322 4470 punctum,
1347 4422 1398 4473 pro

371 4505 481 4554 punctura
508 4494 627 4565 accepit,
656 4496 729 4566 quod
749 4495 905 4562 seleseo,
937 4495 1010 4566 quod
1029 4494 1057 4547 in
1076 4491 1151 4546 libris
1166 4490 1275 4544 Finium
1298 4492 1398 4556 scribit,
