3517 5450
576 729 773 777 rtrruoxon
802 729 845 777 vr.
872 730 942 778 car.
968 732 1016 778 111.
1247 709 1320 781 315

268 890 376 941 unicam
397 887 498 941 habene
508 890 616 958 filiam,
634 908 694 942 eam
712 890 831 942 heredem
849 891 1038 963 relinqueret.“
1056 891 1078 942 F
1086 911 1130 944 rc.
1149 891 1238 964 Sylv.
1281 893 1323 946 De

268 998 297 1031 ea
318 976 377 1048 lege
397 976 446 1030 vid.
468 975 564 1031 Orellii
582 976 723 1032 Ouumcet.
749 978 820 1031 Tull.
840 976 885 1032 lll.
906 999 933 1050 p.
950 982 1112 1034 aut-305.
1161 979 1201 1032 De
1231 985 1325 1036 Oeneo»

267 1084 313 1130 ee,
344 1083 397 1136 que
417 1063 459 1118 hic
476 1077 522 1132 εει,
542 1066 745 1136 significatione,
764 1067 816 1120 vid.
833 1065 957 1120 Dirlseu.
995 1066 1121 1120 Manuale
1133 1067 1238 1122 Latinit.
1251 1069 1325 1122 Fon-

267 1153 335 1206 tium
355 1153 422 1206 luris
441 1152 496 1207 civ.
513 1154 591 1207 Rom.
619 1175 644 1227 p.
663 1158 723 1209 131.
749 1174 772 1209 a.
799 1152 823 1226 5.
842 1157 867 1209 3.
915 1155 954 1207 Ad
984 1174 1061 1208 usum
1088 1156 1160 1209 conf.
1192 1157 1248 1208 cte.
1275 1176 1325 1227 pro

268 1241 356 1295 Flacc.
377 1246 427 1296 222
447 1245 533 1294 Homo
550 1261 645 1314 egene,
664 1242 804 1308 sordidae,
828 1242 885 1294 eine
904 1243 1017 1307 honore,
1045 1243 1102 1295 cine
1119 1241 1327 1305 existimatione,

269 1331 326 1381 eine
345 1348 457 1383 cenea.
495 1329 550 1382 Pro
570 1331 757 1384 aestimatione
775 1330 874 1401 legitur
892 1330 1090 1382 existimatione
1107 1330 1136 1382 in
1156 1329 1242 1383 Codd.
1258 1328 1324 1383 On.

268 1415 299 1468 E.
319 1434 348 1478 ψ.
369 1418 427 1470 Cre.
448 1420 474 1472 2.
492 1416 571 1472 Dred.
590 1421 617 1471 4.
636 1421 677 1481 5.;
698 1418 736 1468 ad
752 1418 952 1470 extimationem
969 1417 998 1471 in
1017 1416 1068 1470 Ox.
1084 1417 1105 1472 l.
1146 1418 1238 1489 Pergit
1255 1417 1323 1472 Cod.

269 1503 328 1558 Cre.
347 1509 373 1558 2.
394 1524 486 1557 verum
511 1505 618 1556 etiam
637 1506 726 1564 victu,
752 1506 844 1577 peiore
870 1505 955 1577 glossa
984 1516 1086 1574 assuta,
1113 1525 1209 1578 quam,
1236 1507 1257 1559 si
1287 1517 1325 1560 εει

268 1594 371 1666 glossa,
390 1593 481 1664 paullo
500 1594 622 1665 superius
640 1594 727 1666 igitur
746 1605 807 1666 post
825 1597 891 1648 Noe.
910 1625 945 1635 -
991 1593 1032 1647 De
1059 1613 1108 1646 usu
1137 1595 1208 1647 vocis
1231 1613 1325 1646 censae

268 1679 444 1733 Gernlrardus
461 1681 539 1735 etiarn
558 1680 649 1734 laudat
666 1682 738 1736 Flor.
757 1682 805 1749 lV,
823 1687 849 1749 2,
868 1685 911 1735 21.
931 1681 1002 1735 Plin.
1026 1681 1146 1749 xxxvl,
1166 1686 1208 1736 15.
1233 1681 1324 1735 Horat.

269 1765 362 1821 Cerm.
378 1768 411 1834 ll,
430 1772 474 1835 15,
494 1773 554 1833 12.;
583 1769 748 1842 explicatque
772 1771 987 1823 aestimationem
1006 1790 1101 1823 censue
1119 1771 1170 1838 ita,
1199 1782 1228 1824 ut
1255 1771 1325 1824 dicet

268 1875 325 1910 esse
343 1857 480 1909 bonorum
499 1857 725 1926 aestimationem,
745 1878 813 1931 quae
835 1858 864 1912 fit
883 1878 932 1930 per
953 1877 1071 1912 censum.
1107 1857 1167 1912 Nlr.

341 1945 417 1998 victu
432 1955 516 2017 atque
534 1947 612 1998 cultu
631 1947 795 1999 terminatur
807 1947 938 2016 pecuniae
956 1946 1069 2013 modae]
1089 1945 1126 2011 ,‚i.
1145 1965 1168 1999 e.
1187 1964 1271 2018 quum
1287 1946 1320 1999 ad

271 2035 371 2088 rictum
390 2043 470 2104 etque
487 2033 589 2088 cultum
608 2036 671 2088 satie
694 2045 740 2088 εει.
759 2063 794 2073 -
821 2033 920 2086 Modus
938 2044 977 2088 εει
995 2033 1012 2086 i.
1032 2053 1058 2105 q.
1077 2035 1230 2086 mensure.“
1249 2033 1321 2086 Fre.

268 2122 358 2194 Sylv.
394 2123 496 2187 „Victa
515 2132 599 2194 atque
618 2122 696 2174 cultu
714 2133 753 2175 εει
768 2123 794 2172 ἓν
812 2117 859 2173 dm*
876 2123 967 2188 dvctv,
986 2140 1037 2192 pro
1056 2120 1130 2175 victu·
1145 2120 1231 2175 culto:
1257 2139 1320 2173 uam

268 2211 351 2266 rictus
370 2220 409 2264 εει
429 2210 512 2277 cibus,
530 2221 617 2281 potue,
635 2209 747 2276 vestitus,
766 2208 893 2263 habitatio
912 2219 962 2263 etc.
981 2219 1112 2280 quotenus
1129 2210 1161 2262 ad
1181 2208 1322 2261 vivendum

267 2299 417 2354 necessarie
437 2311 506 2354 suut.
556 2298 609 2351 Sed
634 2298 655 2351 εἰ
674 2298 753 2352 etiem
778 2298 840 2352 setis
858 2309 897 2351 εει
924 2317 979 2351 nou
999 2295 1102 2351 tantum
1122 2297 1154 2350 ed
1173 2297 1321 2364 vivendum,

267 2386 313 2439 sed
333 2386 366 2439 ed
386 2386 456 2441 culte
474 2387 505 2457 (i.
524 2406 547 2439 e.
566 2385 725 2455 liberaliter)
744 2386 899 2453 vivendum,
928 2397 986 2440 tum
1004 2384 1037 2438 cd
1058 2385 1154 2437 victum
1179 2384 1258 2438 etiam
1278 2404 1324 2440 ac·

268 2475 340 2529 cedit
358 2474 452 2528 cultus.
499 2475 599 2527 Modus
627 2486 715 2528 eutem
742 2485 781 2529 εει
797 2494 938 2539 mensure,
971 2491 1040 2544 quae
1066 2490 1122 2524 non
1150 2473 1261 2526 taxanda
1286 2485 1325 2527 εει

268 2581 350 2615 censu
370 2573 395 2615 et
415 2580 529 2615 numero
549 2563 758 2634 possessionum,
781 2564 826 2616 sed
846 2583 894 2628 εο,
925 2572 1055 2634 quantum
1074 2560 1185 2614 emissit
1203 2562 1236 2614 ed
1256 2561 1324 2615 libe-

267 2651 352 2703 ralem
373 2651 499 2703 victum.“
536 2652 641 2723 Wytt.

340 2742 403 2792 Non
419 2742 621 2811 eseecupidum
636 2742 752 2811 pecunia
769 2750 828 2793 εει.Ι
848 2741 901 2793 non
918 2758 974 2793 eece
991 2758 1105 2791 emacem
1125 2739 1243 2811 vectigal
1259 2742 1321 2808 εει]

267 2829 358 2882 Verba
377 2846 504 2881 noneste
522 2857 556 2867 -
573 2830 689 2898 pecunia
713 2839 754 2882 εει
774 2828 869 2882 omissa
897 2838 959 2881 eunt
982 2827 1011 2880 iu
1036 2827 1103 2880 cod.
1130 2826 1203 2880 Gud.
1219 2826 1268 2893 Α.,
1292 2827 1321 2880 iu

267 2915 340 2970 Gud.
359 2916 391 2969 B.
409 2916 507 2987 legitur
524 2936 577 2969 non
594 2935 651 2969 εεεε
668 2917 794 2987 cupidum
809 2916 985 2987 pecuniae
1003 2915 1059 2968 vel
1085 2934 1138 2968 non
1164 2933 1222 2967 ecee
1249 2934 1322 2967 ema-

267 3024 323 3055 cem
340 3004 461 3075 oectigal
477 3004 627 3076 ectrquod
646 3015 685 3059 εει
702 3005 860 3059 correctorie
885 3004 935 3058 sibi
963 3003 1106 3076 placentis,
1134 3022 1196 3057 cum
1222 3004 1325 3057 vidisset

268 3091 374 3168 multoe¹
385 3091 469 3145 libros
488 3091 610 3146 exhibere
625 3094 771 3164 pecuniae,
792 3093 839 3147 ubi
857 3093 1049 3165 compendium
1066 3093 1136 3146 vocis
1153 3103 1195 3145 εει
1213 3095 1261 3158 (e‘)
1274 3094 1323 3147 ad·

268 3179 351 3234 haesit
369 3180 427 3233 voci
454 3180 584 3249 pecunia,
616 3192 645 3234 ut
669 3191 707 3235 εει
730 3181 758 3234 in
786 3192 888 3254 septem
913 3192 940 3235 ει
966 3181 1059 3235 decem
1089 3180 1152 3233 Atti
1178 3181 1323 3246 codicibus,

268 3268 367 3320 nostris
385 3267 443 3320 Cre.
463 3272 488 3319 2.
507 3279 623 3340 quatuor
641 3267 707 3323 Orx.
725 3270 757 3324 E.
772 3269 791 3323 l.
810 3270 844 3322 U.
862 3286 908 3334 aa,
928 3268 1006 3321 Suer.
1024 3267 1104 3320 Drsd.
1123 3271 1148 3320 1.
1166 3273 1190 3321 2.
1210 3272 1235 3322 4.
1266 3268 1323 3337 (hic

268 3355 376 3407 inverso
396 3354 475 3407 etiarn
495 3355 589 3409 ordine
608 3356 734 3425 cupidum
748 3357 891 3425 pecuniae,
910 3356 1051 3428 pergitque
1069 3375 1122 3407 nan
1139 3374 1196 3407 eece
1211 3374 1322 3409 aman-

268 3454 335 3494 tem
353 3443 702 3513 veetigaliumlDred.
724 3448 750 3500 5.
769 3443 888 3516 itemque
906 3443 988 3496 Beru.
1005 3453 1032 3496 et
1050 3442 1110 3495 Bas.
1155 3441 1209 3495 Sed
1234 3461 1322 3514 neque

267 3527 331 3582 editi
342 3529 521 3596 consentiunt,
534 3518 699 3603 quemquern
712 3532 781 3584 Edd.
793 3543 899 3586 nostrae
913 3530 1110 3603 antiquissimae
1122 3549 1210 3582 veram
1225 3529 1323 3585 habent

266 3616 420 3670 lectionem.
454 3618 751 3674 lnEdd.Ase1511.
773 3621 833 3674 Par.
852 3624 932 3674 1501.
951 3631 976 3673 ει
995 3622 1075 3673 1512.
1101 3618 1186 3689 Lugd.
1210 3618 1321 3689 legitur:

267 3723 321 3756 non
338 3722 394 3756 εεεε
413 3705 539 3774 cupidum
554 3709 748 3777 pecuniae:
767 3728 820 3762 non
837 3727 894 3761 eree
911 3725 1024 3759 emacem
1042 3706 1263 3777 vectigalie,·
1292 3707 1321 3760 in

267 3792 334 3863 Arg.
353 3792 444 3847 llerw.
460 3792 552 3849 Cem.:
572 3815 624 3849 non
643 3815 699 3849 ecee
713 3798 839 3867 cupidum
855 3797 1041 3867 pecuniae,
1058 3814 1111 3848 non
1128 3813 1184 3847 esse
1202 3814 1324 3862 emacem,

268 3869 388 3953 vectigal
404 3892 454 3934 eet·
501 3881 565 3937 sota
584 3884 632 3937 Ed.
660 3884 763 3939 Sturm.
788 3906 839 3938 non
864 3903 920 3937 erce
946 3885 1072 3953 cupidam
1093 3885 1324 3952 pecuniarum

267 3989 319 4021 non
336 3988 394 4022 eece
412 3988 539 4037 emacem,
559 3973 677 4045 vectigal
694 3983 746 4029 eet.
782 3974 836 4026 Pro
855 3973 975 4044 vectigal
991 3984 1032 4025 εει
1051 3972 1148 4043 legitur
1166 3974 1322 4044 vectigalem

268 4059 296 4110 iu
316 4056 368 4111 Ox.
386 4076 416 4121 ψ.
436 4061 493 4113 Cra.
512 4066 537 4114 2.
558 4060 638 4114 Drsd.
655 4064 694 4126 3.;
717 4063 892 4133 vectigalium
916 4062 944 4114 iu
968 4061 1048 4116 Drsd.
1069 4065 1092 4114 1.
1112 4066 1137 4114 2.
1156 4065 1182 4115 4.
1203 4066 1227 4115 5.
1254 4059 1319 4115 Oea.

267 4144 298 4196 E.
316 4143 337 4201 l.
356 4144 391 4198 U.
427 4146 486 4200 lltlr.

339 4236 466 4301 emacem]
501 4237 588 4303 „Ceto
613 4238 646 4291 de
670 4238 709 4291 Re
732 4239 806 4295 Rust.
830 4240 865 4306 [c.
884 4238 917 4293 lt.
936 4241 1011 4306 ertu]
1055 4243 1166 4290 Patrem
1191 4237 1319 4308 familias

266 4323 470 4390 vendacem,
488 4344 551 4377 non
568 4345 711 4378 emacem
729 4346 784 4380 erse
803 4336 915 4397 oportet.
954 4325 1101 4380 Columella
1121 4325 1221 4378 lib.lV.
1241 4326 1319 4394 [c.3.]

266 4410 405 4481 Quaedam
423 4414 597 4466 emacitas
613 4416 642 4466 in
659 4417 806 4479 armentia,
832 4416 962 4487 quosdam
979 4424 1082 4468 exercet
1106 4415 1134 4466 in
1162 4432 1322 4483 comparan-

267 4499 309 4551 dis
328 4498 486 4568 mancipiis:
514 4501 561 4553 ced
576 4503 668 4555 iisdem
686 4504 794 4556 tuendis
812 4503 890 4557 nulla
910 4523 975 4556 cura
995 4503 1115 4573 tangit.“
1142 4502 1215 4556 Fre
1234 4502 1323 4573 Sylr.
1395 4504 1397 4507 ’
