3517 5450
377 722 414 768 1v.
438 722 661 774 commun
680 725 721 773 ΕΤ
743 727 815 774 tots
834 727 1030 776 exettctxot
1050 730 1246 781 Aiifflffl'ib.
1299 735 1384 782 xxm

438 891 483 948 tv.
529 891 812 951 commentust!
836 896 893 952 tt'r
917 895 1009 954 Alta
1034 898 1278 959 expulerunt

735 997 983 1057 ADIUMENTA.

352 1164 369 1212 t.
384 1164 411 1211 In
427 1162 557 1214 Ciceronis
585 1163 734 1214 Parodana
761 1165 951 1216 Francisci
975 1167 1107 1235 Sylvii,
1137 1168 1279 1232 Ambiani,
1309 1173 1384 1220 Com-

407 1249 560 1300 mentarius.
598 1248 639 1316 [in
658 1249 728 1303 libro
749 1251 794 1323 qui
814 1251 979 1305 inscribitur:
1006 1257 1039 1305 In
1059 1254 1261 1324 Piriiosopbicos
1278 1255 1384 1327 aliquot

406 1341 440 1389 M.
470 1340 501 1392 Τ.
530 1339 660 1390 Ciceronis
688 1339 769 1391 libros
801 1342 1013 1393 doctissimorum
1038 1344 1155 1396 virorum
1179 1345 1384 1396 Annotetiones.

406 1424 518 1477 basileae
538 1445 588 1496 per
605 1425 642 1480 lo.
660 1425 825 1498 Opori‘num.
846 1427 884 1482 Μ.
902 1430 937 1482 1).
958 1430 1061 1484 XLiiii.
1082 1433 1119 1499 4.]

353 1516 371 1564 2.
384 1513 460 1581 Xysti
481 1512 652 1576 BetuIeii,
671 1516 833 1587 Augustani
851 1517 879 1569 in
900 1522 938 1572 M.
954 1525 983 1572 Τ.
998 1519 1128 1571 Ciceronis
1146 1519 1294 1570 Paradoxa
1310 1525 1383 1571 Com-
1429 1540 1434 1547 ·

405 1599 533 1655 mentarii.
572 1601 688 1656 Basiieae
708 1623 756 1675 per
775 1604 811 1658 io.
830 1605 986 1676 Oporinum
1007 1607 1060 1672 (M.
1074 1606 1108 1658 D.
1128 1607 1173 1674 L.)
1191 1612 1215 1660 8.

353 1687 370 1736 i.
387 1690 466 1740 Fulvii
487 1689 581 1741 Ursini
599 1691 627 1741 in
646 1692 733 1742 omnia
753 1694 840 1761 Opera
860 1693 991 1747 Ciceronis
1012 1697 1107 1748 Notae.
1119 1693 1288 1767 Antrerpiee.
1302 1695 1383 1748 Pion·

407 1777 448 1828 tin.
467 1780 548 1831 1581.
566 1781 591 1830 8.

352 1865 461 1916 bicarii.
497 1867 707 1932 Camerarii,
734 1867 926 1942 Pubergensis,
953 1873 980 1922 in
1001 1874 1040 1927 M.
1069 1871 1141 1924 Tull.
1160 1872 1240 1926 Cicer.
1266 1882 1383 1922 annota-

406 1953 495 2006 tiones.
534 1953 619 2023 Lugd.
637 1953 656 2006 1.
675 1955 792 2012 Frelion.
813 1961 838 2010 8.
859 1961 939 2012 1560.

352 2040 369 2087 5.
385 2043 434 2092 Car.
466 2042 604 2111 Langii,
647 2043 813 2110 Gandensis,
857 2046 886 2095 in
914 2047 1060 2096 Ciceronem
1086 2045 1284 2096 annotationes.
1310 2062 1381 2094 anno

406 2128 542 2182 MDCXV.
599 2131 641 2197 [ln
676 2132 765 2184 Andr.
797 2133 904 2184 Sebotti
937 2131 1158 2184 Observationum
1191 2135 1382 2182 Humanarum

407 2216 491 2280 libris,
511 2217 609 2288 quibus
626 2218 703 2271 etism
724 2217 818 2274 adiecti
838 2232 899 2273 sunt
919 2221 1023 2272 Sebotti
1061 2220 1131 2271 Nodi
1151 2217 1315 2270 Ciceroniani
1334 2228 1383 2270 eet.

407 2305 550 2371 Hanosiae,
569 2305 692 2358 Wechet.
710 2309 749 2376 4,]

355 2395 372 2442 0.
386 2396 403 2446 t.
421 2398 451 2447 tt.
470 2394 681 2445 Laiiemand
687 2395 697 2444 i
723 2397 923 2448 Adnotationes
951 2397 988 2444 aci
1006 2396 1136 2447 Ciceronis
1154 2393 1317 2452 Paradoxa,
1338 2410 1382 2443 ex-

406 2494 507 2553 cerptae
526 2482 553 2534 in
574 2500 664 2535 meum
683 2502 760 2536 usum
781 2503 809 2537 ex
828 2483 876 2537 Ed.
895 2484 1023 2548 Latum,
1053 2502 1132 2554 quem
1160 2480 1223 2532 mihi
1249 2480 1381 2551 inspicere

406 2587 454 2621 non
473 2569 563 2635 licuit,
589 2589 603 2621 a
632 2571 664 2624 V.
696 2568 767 2623 Clas.
797 2569 829 2622 G.
849 2569 880 2623 H.
898 2570 1050 2636 Bardili,
1079 2570 1154 2623 cuius
1180 2568 1336 2621 humanitati
1357 2579 1381 2619 et

397 2655 538 2709 'doctrinae
556 2657 606 2709 siis
627 2657 712 2711 debeo
731 2657 821 2710 muita.
876 2655 1001 2710 Ceterum
1039 2656 1071 2710 de
1101 2658 1165 2710 batt.
1195 2657 1310 2710 editione
1330 2656 1380 2705 sid.
1406 2719 1410 2731 .

405 2744 483 2799 orett.
502 2745 643 2801 Onomast.
663 2745 720 2800 Cic.
737 2747 771 2802 T.
790 2750 808 2801 Ι.
830 2767 854 2817 p.
873 2750 935 2801 21⁰.

355 2832 373 2880 i·
387 2837 416 2887 Io.
433 2839 490 2889 lac.
510 2837 541 2884 11
547 2836 616 2887 otti
623 2838 726 2907 ageri
744 2842 840 2908 Progr.
859 2841 954 2907 Gymn.
974 2836 1125 2888 Turicensis
1145 2854 1168 2887 a.
1190 2838 1268 2888 1790.
1287 2839 1313 2886 1.
1341 2833 1379 2898 [in

406 2941 455 2992 quo
476 2933 594 2975 tentetur
612 2923 687 2978 locus
706 2925 802 2978 Parsd.
822 2926 854 2990 V,
875 2926 910 2991 2]
949 2924 1011 2977 Vid.
1030 2923 1142 2976 eandem
1162 2924 1332 2994 scriptionem
1353 2921 1380 2971 in

405 3013 424 3061 1.
440 3013 464 3062 1.
484 3012 643 3082 Hottingeri
668 3014 811 3082 Opusoulis
835 3013 1018 3084 philologieis,
1045 3012 1145 3064 criticis
1171 3021 1253 3081 atque
1279 3012 1380 3060 berme-

404 3099 520 3151 neuticis.
556 3099 626 3170 Lips.
649 3103 727 3154 181't.
747 3106 772 3155 8.

352 3182 370 3231 8·
384 3187 434 3237 Car.
460 3190 495 3238 M
500 3190 748 3258 orgensternii
780 3192 808 3243 in
845 3190 975 3242 Ciceronis
1003 3189 1151 3240 Paradoxo
1182 3186 1380 3257 Prolegomena.

402 3274 522 3346 (Frage.)
544 3274 672 3346 Uoconti,
693 3280 771 3331 1810.
791 3278 808 3329 f.
830 3296 864 3328 m.
884 3277 1003 3347 Repetite
1022 3287 1083 3330 sunt
1102 3275 1167 3329 baec
1185 3273 1378 3343 prolegomena

403 3363 427 3416 in
445 3363 571 3416 Seebodii
592 3362 760 3417 Miscettarm.
781 3363 896 3427 crint,
917 3366 941 3417 1.
961 3383 985 3433 p.
1006 3366 1058 3417 386
1077 3382 1137 3433 sqq.

351 3444 529 3503 bestiolarum
548 3454 628 3504 MSS.
648 3455 720 3506 Dan.
739 3453 781 3506 W
781 3449 1017 3521 yttenbacbii
1040 3458 1174 3516 excerpta.
1211 3446 1293 3513 Quod
1313 3447 1378 3499 feci-

402 3558 456 3591 mus
474 3540 502 3591 in
523 3538 571 3590 Ed.
591 3541 722 3592 Ciceronis
748 3540 778 3590 de
798 3522 865 3590 Not.
890 3541 1009 3589 Deorum
1035 3536 1150 3601 maiore,
1173 3535 1244 3587 idem
1271 3533 1321 3585 seci
1350 3535 1377 3586 in

402 3624 447 3680 boc
460 3626 561 3693 tibetto,
582 3638 609 3679 ut
629 3638 731 3698 partem
750 3626 910 3691 scholarum,
930 3644 996 3696 quas
1013 3625 1068 3696 ipse
1088 3644 1117 3678 es
1136 3643 1182 3676 ore
1203 3623 1248 3674 viri
1267 3624 1380 3674 immor-

404 3713 456 3768 talis
474 3716 577 3785 excepi,
603 3735 686 3787 quum
707 3736 729 3767 a.
750 3718 828 3768 1810.
873 3715 969 3767 Leidae
994 3732 1126 3776 versarer,
1151 3730 1321 3782 excerperem
1350 3712 1376 3763 in

403 3802 521 3856 editionis
539 3823 613 3856 meae
633 3823 724 3857 usumr
753 3804 854 3874 reliqua
874 3804 902 3855 in
926 3802 1028 3857 schedis
1046 3800 1153 3854 retinui.
1198 3797 1380 3852 Commenda-

404 3892 462 3946 bsnt
490 3912 517 3944 se
544 3891 602 3943 ittae
628 3892 733 3945 scholae
762 3892 812 3944 iilis
836 3892 988 3955 virtutibus,
1015 3884 1041 3942 in
1063 3889 1159 3960 quibus
1179 3888 1234 3958 ipse
1253 3889 1381 3958 Wytten-

402 3979 505 4033 bachius
524 3981 696 4052 praecipuam
715 3981 855 4035 scribentis
874 3980 979 4033 laudem
1006 3997 1060 4031 esse
1086 3976 1203 4029 volebas:
1233 3976 1381 4047 perspicui-

402 4078 463 4134 tate,
486 4068 627 4135 suavitate,
647 4070 781 4140 gravitate.

438 4155 573 4208 Plurimos
593 4170 682 4211 eutem
703 4170 839 4230 praeterea
859 4177 901 4210 me
920 4156 1059 4227 inspexisse
1079 4163 1103 4207 et
1123 4153 1205 4207 libros
1224 4163 1249 4205 et
1268 4149 1379 4214 libellos,

403 4253 496 4295 veteres
522 4254 547 4296 et
572 4248 749 4313 recentiores,
775 4248 802 4299 in
830 4247 927 4318 quibus
946 4242 1046 4314 aliquid
1067 4243 1175 4306 inesset,
1204 4238 1276 4308 quod
1303 4254 1378 4287 com-

402 4331 528 4383 mentario
548 4345 638 4389 nostro
659 4335 783 4405 prodesse
804 4344 908 4405 posset,
936 4350 1031 4404 quem,
1059 4339 1188 4401 qrrsntum
1208 4341 1325 4396 possem,
1345 4322 1377 4373 ad

402 4420 506 4471 modurn
529 4420 579 4472 mei
599 4423 625 4475 in
645 4423 811 4478 Tusculanas
833 4419 1033 4484 commentarii,
1060 4418 1094 4471 ita
1121 4421 1306 4483 comparatum
1330 4428 1377 4462 vo·

402 4501 499 4569 lebam,
520 4518 548 4559 nt
569 4509 631 4562 nihii
654 4531 833 4583 magnopore,
853 4510 925 4582 quod
946 4509 977 4562 ad
998 4508 1053 4559 iem
1074 4506 1160 4558 dicere
1181 4519 1255 4571 posse
1275 4499 1376 4550 videre-
