3517 5450
354 697 430 772 338
766 718 930 767 nxcunsus
954 717 999 764 rr.

359 883 469 935 debere:
496 881 542 931 sed
561 880 703 932 dementem
721 889 747 930 ει
766 879 893 932 insanum
912 877 1036 928 addicam
1063 881 1238 933 necessariis:
1265 881 1327 953 quia
1347 882 1408 936 insa·

359 990 456 1024 norum
488 987 551 1022 cura
578 968 610 1021 ad
642 979 753 1039 agnalos
779 966 923 1037 pertineret
942 963 999 1018 ΧΗ.
1025 966 1112 1018 Tabb.
1139 966 1222 1038 idque
1246 968 1408 1023 ridebalura

360 1070 497 1131 praetore,
518 1069 581 1110 lesle
600 1057 627 1109 in
646 1055 771 1127 Epistolis
788 1054 898 1107 Horatio
918 1051 949 1120 [1,
969 1055 994 1117 1,
1014 1057 1065 1107 102
1085 1055 1147 1125 sq.].
1185 1054 1239 1108 Sed
1271 1077 1333 1110 cum
1354 1058 1409 1113 baec

360 1148 458 1210 dictio,
477 1144 570 1202 rebus,
589 1145 616 1196 in
636 1145 761 1197 omnibus
779 1141 883 1213 legatur
901 1142 1109 1213 exemplaribus,
1144 1163 1207 1195 vero
1234 1143 1347 1198 similius
1372 1160 1408 1212 εει,

360 1255 388 1286 ex
408 1233 515 1299 ruibuc,
542 1233 580 1286 vel
600 1231 691 1296 ribus,
717 1232 790 1304 quod
810 1242 847 1284 εει
866 1229 1031 1292 rationibus,
1057 1230 1158 1283 saelum
1183 1249 1239 1284 esse
1269 1232 1362 1301 rebus,
1386 1249 1408 1289 ιιι

360 1324 422 1376 alibi
441 1343 469 1374 ειι
489 1326 546 1392 spi,
565 1321 591 1374 id
611 1332 648 1374 εει
666 1321 767 1390 specie,
785 1340 844 1389 spe,
864 1339 893 1372 ει
912 1320 1007 1382 sulio,
1025 1318 1051 1369 id
1068 1330 1105 1371 εει
1123 1320 1277 1384 sententia,
1296 1322 1408 1376 scientia.

361 1411 480 1463 Verbum
501 1421 588 1462 aulem
606 1409 730 1459 addicam
750 1410 839 1461 nescio
858 1406 996 1478 quomodo
1016 1405 1079 1458 mibi
1099 1406 1187 1460 adbuc
1200 1420 1354 1480 suspeclum
1374 1423 1411 1464 εει.

362 1500 427 1553 Scio
446 1519 501 1552 esse
519 1496 697 1550 Praetorium.
739 1495 792 1549 Sed
813 1495 876 1567 quid
897 1506 933 1547 εει
952 1494 984 1547 ad
1005 1495 1077 1548 bunc
1097 1494 1210 1549 locum?
1239 1495 1299 1550 Ser.
1336 1499 1410 1551 Pom·

362 1588 436 1660 peius
456 1586 560 1639 scribit:
579 1585 711 1637 Addicere
731 1603 784 1636 esse
803 1582 917 1636 allerias
936 1583 1097 1636 sententiam
1117 1586 1195 1656 sequi
1213 1596 1241 1636 ει
1260 1588 1409 1656 approbare,

363 1695 393 1728 ea
412 1673 513 1745 figura,
534 1691 585 1743 qua
605 1672 755 1743 acquirere,
776 1670 938 1726 allaborare.
986 1671 1038 1724 Sed
1065 1691 1098 1725 ne
1117 1671 1166 1726 bac
1184 1673 1295 1744 quidem
1315 1686 1412 1728 senlen-

366 1762 399 1813 lia
419 1760 583 1813 adiuvamur.
619 1758 790 1825 Videndum,
808 1778 842 1812 an
861 1760 995 1811 adducam
1013 1759 1092 1813 scribi
1112 1759 1201 1832 possit,
1222 1762 1270 1814 i.e.
1289 1765 1412 1834 probabo,

365 1848 503 1903 ostendam
522 1848 642 1902 adduclis
660 1848 831 1918 argumentis.
876 1848 998 1901 Placerel
1017 1849 1138 1912 vincam,
1167 1848 1188 1900 si
1215 1868 1272 1919 quo
1301 1851 1330 1902 in
1355 1851 1413 1903 libro

366 1936 535 2009 reperissem:
563 1955 719 2008 quanquam
739 1954 793 1989 non
813 1935 892 1988 nimis
911 1935 991 2006 longe
1011 1936 1099 2001 abest,
1119 1935 1204 2008 ‚quod
1224 1936 1338 2009 quidam
1362 1938 1412 1990 libri

365 2024 464 2079 babenl
479 2024 517 2075 ad
534 2024 659 2077 victum.“
679 2022 710 2076 C.
728 2023 833 2094 Lang.

435 2111 540 2181 „Sunt,
565 2114 610 2182 qui
630 2110 682 2164 hoe
700 2111 735 2164 ila
754 2117 901 2183 exponant:
930 2111 1098 2181 argumenlis
1124 2111 1194 2162 veris
1213 2121 1241 2162 ει
1262 2112 1345 2164 certis
1363 2131 1413 2164 coa-

365 2203 484 2253 vincam:
504 2198 576 2271 quod
595 2212 767 2269 argumenla,
789 2200 886 2272 quibus
904 2199 984 2251 dubia
1005 2209 1030 2252 ει
1050 2199 1151 2252 incerla
1173 2199 1335 2270 probamus,
1355 2211 1415 2254 reru

366 2300 391 2343 ει
407 2288 526 2342 conlassa
546 2305 601 2340 esse
619 2286 742 2341 debeant.
780 2287 890 2340 lncerlis
908 2286 980 2339 enirn
999 2286 1080 2339 dubia
1095 2287 1206 2358 probari
1226 2306 1283 2340 non
1305 2298 1416 2360 possunt.

365 2377 486 2430 Forlasse
506 2378 586 2446 possit
604 2375 725 2446 inlelligi,
747 2386 776 2429 ιιι
795 2373 892 2428 Cicero
911 2372 992 2428 dical:
1014 2379 1170 2426 Curatorem
1189 2375 1283 2428 Clodio
1298 2376 1416 2438 dandum,

366 2477 498 2536 tanquam
516 2465 635 2534 furioso.
683 2463 825 2516 Furiosum
854 2462 926 2513 enim
948 2462 1088 2515 dominum
1116 2481 1171 2514 esse
1199 2482 1316 2516 suarum
1335 2481 1415 2517 rerum

366 2562 454 2605 velant
478 2551 533 2603 Xll.
567 2551 673 2604 tabulae
700 2551 764 2618 [vid
796 2548 920 2603 Dirbsen.
946 2549 1015 2604 Kril.
1046 2551 1072 2604 d.
1097 2549 1153 2602 Xll.
1179 2549 1417 2623 Tasel-Fragmm.

366 2658 392 2709 p.
410 2641 596 2704 369-380.].
639 2638 767 2692 Furiosus
786 2639 881 2709 igilur,
909 2658 993 2711 quum
1011 2639 1035 2692 ei
1062 2648 1170 2691 curator
1194 2637 1274 2692 datus
1302 2651 1356 2707 εει,
1379 2659 1417 2694 ne·

367 2726 490 2778 cessariis
508 2724 585 2781 rebus
604 2726 805 2784 addicimur,
830 2745 881 2781 nec
899 2728 952 2781 suis
970 2728 1050 2781 rebus
1069 2726 1106 2780 uli
1133 2737 1220 2798 polest
1239 2728 1300 2782 sine
1320 2739 1418 2783 curalo·

367 2815 403 2867 ris
421 2814 584 2868 auctoritate.
629 2814 680 2869 llic
698 2834 789 2869 sensus
813 2815 833 2867 si
853 2815 985 2886 placeret,
1013 2814 1157 2887 legendum
1176 2826 1257 2871 esset:
1287 2820 1350 2889 Ego
1366 2835 1419 2870 aero

368 2912 394 2952 ιε
412 2920 465 2954 non
483 2903 576 2954 modo
594 2903 726 2969 stallum,
751 2915 780 2956 ιιι
803 2904 830 2957 in
850 2904 941 2975 aliquo
966 2923 1020 2957 uno
1047 2903 1140 2958 codice
1157 2903 1249 2957 inveni
1267 2906 1418 2979 scriplum.“

368 2988 441 3042 Frc.
460 2988 608 3061 Sylvius.

439 3076 512 3141 „Sed
524 3076 667 3129 dementem
685 3089 711 3129 ει
729 3080 855 3131 insonum
873 3080 1081 3134 rationibus
1099 3080 1238 3133 vincam
1256 3081 1417 3136 necessariis.

369 3163 397 3216 Si
417 3162 476 3234 quis
496 3161 571 3216 locus
587 3175 626 3217 εει
645 3164 673 3217 in
691 3165 835 3221 Paradoxis
851 3180 1009 3241 corruplus,
1034 3168 1077 3223 bic
1095 3179 1146 3223 εειε
1164 3188 1248 3241 quern
1267 3169 1418 3242 bangius,

369 3253 444 3319 (nam
473 3262 589 3319 celeras,
627 3253 672 3324 qui
697 3252 760 3308 huic
784 3254 866 3309 ulceri
901 3277 995 3310 manus
1024 3258 1216 3322 admoverunt,
1256 3256 1368 3327 omitto)
1389 3255 1420 3309 sio

370 3339 512 3393 emendare
531 3351 642 3394 conatus
660 3352 712 3395 ests
731 3344 778 3394 aad
796 3344 939 3397 dementem
957 3356 984 3396 ει
1002 3346 1136 3410 insanum,
1154 3344 1284 3396 addicam
1304 3363 1419 3397 necesso-

369 3429 426 3482 riis.
466 3428 594 3483 Addicam
615 3431 784 3499 necessariis,
804 3445 908 3500 autom,
933 3435 951 3486 i.
971 3453 993 3486 ε.
1012 3434 1114 3487 millam
1135 3434 1168 3486 ad
1189 3446 1324 3505 agnatos,
1344 3432 1421 3506 inquil

367 3515 428 3581 ille,
445 3515 477 3568 ad
497 3537 564 3588 quos
583 3530 671 3572 monle
690 3531 830 3591 caplorum
851 3521 930 3576 tulela
951 3523 1072 3594 perlinel.
1109 3521 1162 3575 Sed
1181 3522 1319 3593 egobanc
1338 3541 1421 3578 emen·

369 3603 503 3657 dationem
522 3607 637 3677 probare
656 3607 731 3660 nullo
750 3609 831 3662 modo
851 3630 968 3682 possum.
1015 3612 1082 3663 Nam
1108 3610 1228 3680 primurn
1253 3611 1283 3663 in
1304 3612 1422 3665 omnibus

369 3689 444 3744 libris
462 3694 595 3764 reperitur
614 3713 659 3747 vox
679 3694 772 3762 rebus,
799 3717 880 3768 quam
909 3699 1025 3769 bangius
1055 3697 1133 3751 delei.
1170 3698 1279 3751 Deinde
1300 3717 1421 3771 quorsum

351 3777 434 3832 boc:
456 3778 515 3849 Ego
536 3791 560 3834 ιε
580 3781 613 3833 ad
635 3792 761 3853 agnatos,
781 3795 809 3838 ιιι
828 3786 994 3853 demenlem,
1015 3785 1140 3840 millam?
1177 3786 1305 3852 Deinde,
1332 3790 1353 3840 si
1371 3805 1423 3839 cer·

369 3876 425 3919 lum
444 3877 495 3932 est,
526 3879 614 3922 mento
633 3882 741 3941 capium
770 3893 839 3940 esse,
865 3895 922 3928 non
942 3876 1069 3940 dubium,
1095 3874 1160 3945 quin
1180 3874 1214 3926 ad
1234 3887 1351 3945 agnalos
1368 3876 1424 3927 mil·

269 4006 277 4015 ,
368 3953 463 4008 landus
482 3954 529 4010 sil:
548 3956 587 4008 sin
601 3956 743 4025 incertum,
763 3962 789 4015 id
806 3963 1045 4020 demonstrandum
1060 3975 1106 4016 εει.
1142 3962 1288 4016 Postremo
1300 3964 1329 4017 in
1342 3962 1424 4016 omni-

368 4044 418 4096 bus
445 4042 501 4096 fere
526 4043 599 4098 libris
626 4048 730 4118 scriptis
755 4054 887 4122 reperitur
913 4073 960 4106 vor
985 4054 1130 4115 invictum,
1157 4053 1256 4123 parlim
1284 4053 1315 4105 in
1340 4054 1423 4107 locum

369 4131 442 4184 verbi
462 4132 599 4199 addicam,
618 4138 715 4205 parlim
735 4158 787 4192 una
811 4160 872 4193 cum
893 4162 925 4195 εο
942 4143 1001 4213 ipso
1020 4143 1110 4195 verbo.
1158 4141 1244 4195 Pauci
1274 4142 1377 4197 babent
1392 4142 1424 4192 ad

367 4219 468 4270 victum
494 4239 543 4291 pro
569 4221 708 4273 addicam:
745 4228 870 4281 nonnulli
896 4231 1048 4294 addictum,
1083 4228 1155 4281 unde
1183 4229 1339 4303 inlelligere
1361 4232 1423 4293 licel,

369 4306 497 4359 mendum
516 4328 570 4361 esse
589 4309 616 4361 in
637 4312 717 4365 verbo
735 4316 867 4371 addicam.
906 4318 990 4383 Adde,
1008 4317 1080 4389 quod
1101 4317 1230 4371 nonnulli
1249 4320 1313 4373 libri
1333 4320 1423 4373 babent

370 4392 528 4448 infinitivum
547 4416 603 4450 essa
616 4417 677 4453 curn
698 4403 778 4455 verbo
796 4405 934 4464 invictum,
973 4407 1031 4479 Ego
1050 4405 1139 4477 igilur,
1160 4410 1321 4463 coniectura
1337 4411 1422 4463 ductus

367 4484 577 4555 sententiamque
588 4484 725 4543 Ciceronis
743 4503 855 4561 seculus,
875 4495 913 4549 sic
932 4495 1131 4549 emendandum
1152 4497 1333 4553 bonolocum
1352 4509 1422 4569 pulo:
