3517 5450
604 741 645 784 xn
669 737 929 798 eternoacum,
957 733 982 782 t.
1248 715 1321 788 349

273 902 428 955 immittendi
448 901 529 953 verbo
549 909 575 952 et
602 898 665 951 alibi
685 916 747 951 usus
766 908 803 951 est
822 896 934 964 Cicero,
962 897 1058 969 quibus
1077 899 1157 965 locis,
1183 900 1255 971 quod
1274 901 1323 952 im-

273 992 376 1042 missum
396 999 450 1055 est,
478 987 511 1041 ad
530 986 612 1039 finem
639 986 787 1057 pervenisse
806 985 1025 1051 existimandum,
1052 998 1078 1040 et
1107 989 1195 1059 posuit
1212 988 1328 1059 scriptor

272 1079 406 1134 Orationis
425 1098 475 1150 pro
496 1076 601 1141 Domo,
621 1074 667 1146 qui
687 1074 771 1147 probe
790 1074 898 1128 tenebat
916 1073 1054 1128 Ciceronis
1072 1092 1165 1140 usum,
1195 1076 1255 1144 [nisi
1275 1095 1326 1147 po-

271 1172 333 1230 tius,
367 1166 441 1238 quod
470 1163 588 1217 Sarelius
611 1165 754 1235 probatum
780 1164 839 1230 ivit,
868 1163 924 1234 ipse
952 1163 1002 1216 luit
1029 1161 1124 1216 Cicero
1135 1162 1183 1231 ⁸)s]
1214 1165 1257 1228 15,
1277 1166 1328 1217 39:

272 1258 362 1326 Neque
380 1254 450 1304 enim
469 1270 526 1304 meu
544 1254 600 1304 ium
618 1251 767 1323 quidquam
784 1250 911 1314 interest,
929 1251 1046 1319 exceptis
1065 1252 1107 1302 liis
1125 1252 1196 1303 teli
1202 1271 1230 1316 s,
1255 1271 1325 1324 quoe

270 1361 300 1392 ex
319 1341 397 1393 illius
415 1339 568 1392 actionibus
586 1341 615 1390 iu
633 1358 718 1391 aueum
737 1357 832 1407 corpus
851 1339 1004 1391 immisso
1022 1350 1097 1393 sunt.
1139 1339 1220 1395 Recte
1246 1340 1326 1394 nimi-

271 1450 329 1485 rum
348 1427 509 1481 Franciscus
528 1426 714 1480 llotomannus
738 1427 774 1480 ita
799 1426 911 1499 explicat
935 1427 1013 1480 rerba
1040 1430 1156 1498 exeeptis
1180 1429 1222 1481 Iris
1248 1429 1327 1480 telis:

271 1521 305 1585 „i.
325 1539 348 1572 e.
369 1537 436 1571 cum
452 1517 505 1570 iam
524 1517 690 1586 exceperim,
717 1535 779 1569 curn
798 1517 851 1569 iam
878 1516 942 1569 mibi
966 1516 1089 1586 imposita
1113 1516 1166 1570 sint
1192 1517 1329 1570 vulnera.“

276 1608 351 1661 Adde
372 1605 460 1659 Paulli
481 1605 594 1659 Manutii
615 1603 848 1658 Coxnmentariuxn
867 1605 895 1657 in
914 1602 1040 1658 Ciceron.
1059 1603 1146 1658 Oratt.
1164 1624 1189 1674 p.
1207 1607 1268 1659 stt.
1289 1603 1330 1657 ed.

272 1696 406 1751 llichter.¹‘

343 1785 417 1839 llaec
435 1802 485 1855 ego
504 1781 596 1853 scripsi
615 1781 643 1834 in
662 1780 775 1852 Symbb.
796 1779 873 1834 Critt.
892 1780 919 1833 in
940 1778 998 1834 Cic.
1017 1782 1097 1851 Spec.
1106 1780 1137 1833 ll.
1157 1800 1180 1834 c.
1192 1783 1217 1833 1.
1250 1781 1330 1835 Nunc

271 1875 359 1940 addo,
385 1891 468 1944 quaxn
487 1869 713 1942 wyttenbachius
731 1870 759 1923 in
786 1867 884 1924 scholis
901 1867 988 1934 dedit,
1014 1868 1146 1921 rationem
1171 1870 1330 1934 accuratius,

273 1980 353 2032 qnam
373 1978 454 2030 supra
473 1956 617 2029 significari
643 1958 732 2029 potius
756 1976 837 2029 quam
862 1956 983 2028 exposui:
1011 1956 1059 2023 „Si
1088 1958 1207 2010 immissa
1230 1958 1330 2025 inisset,

271 2049 395 2118 „inquit,
423 2045 490 2099 haec
507 2045 605 2098 iniuria
625 2045 652 2098 in
673 2042 848 2110 Ciceronem,
873 2055 945 2099 certe
967 2044 1000 2097 ad
1026 2064 1087 2098 eum
1112 2046 1275 2115 pervenisset
1303 2057 1329 2099 et

271 2155 352 2202 „eum
374 2135 514 2207 tetigisset,
543 2134 615 2206 quod
642 2133 670 2187 in
698 2133 823 2205 proximis
848 2133 979 2189 continuo
1006 2144 1134 2205 negatur,
1165 2152 1227 2187 cum
1253 2119 1333 2187 dicit:¹
1402 2146 1407 2151 ·

272 2223 499 2292 „pervenisse
517 2222 556 2272 ud
572 2241 612 2273 me
630 2240 770 2292 nunquam
794 2224 921 2290 putavi.“
941 2250 974 2261 -
1020 2221 1102 2290 Quod
1127 2233 1216 2276 autem
1241 2222 1329 2294 ipsum

272 2310 436 2362 immittendi
446 2311 555 2362 verbum
575 2310 609 2363 ita
628 2308 755 2362 intellexit
768 2309 790 2361 F
792 2329 829 2363 rc.
843 2308 956 2380 Sylvius,
974 2309 1080 2364 dicensi
1097 2310 1230 2383 „Sumpta
1244 2324 1331 2366 trans·

273 2398 357 2462 „latio
376 2408 415 2450 est
433 2398 467 2450 ab
487 2397 531 2460 iis,
554 2397 600 2467 qui
619 2397 646 2449 in
666 2397 805 2451 inimicum
824 2397 926 2468 aliquid
944 2398 1118 2464 iacularetur,
1145 2400 1218 2471 quod
1237 2399 1328 2453 inimi·
1413 2454 1415 2459 ,

272 2505 355 2552 „cum
374 2504 429 2537 uon
452 2485 560 2551 laedat,
587 2485 659 2556 quod
678 2485 711 2538 ad
730 2505 791 2540 eum
810 2506 863 2539 non
879 2487 1059 2556 perueniut“:
1084 2488 1111 2541 id
1130 2500 1202 2542 recte
1221 2489 1330 2562 quidem

275 2574 326 2627 loci
345 2572 504 2627 sententiam
532 2573 653 2644 exponit,
679 2573 852 2644 scriptionem
879 2574 994 2644 probare
1019 2595 1075 2629 non
1104 2587 1197 2648 potest.
1244 2577 1332 2631 Erunt

273 2675 364 2716 autem
386 2661 511 2728 fortasse,
532 2662 660 2733 nimirum
679 2681 708 2714 ex
727 2681 822 2714 eorum
842 2681 973 2730 numero,
1000 2664 1045 2735 qui
1065 2683 1095 2716 ex
1114 2664 1213 2718 Lexicis
1238 2684 1330 2737 sapere

273 2763 479 2818 consueverunt,
499 2752 545 2823 qui
566 2751 680 2805 eandem
699 2750 779 2803 verbo
793 2750 938 2803 immissum
951 2750 1174 2824 significationem
1190 2752 1333 2817 vindicent,

274 2861 355 2910 quarn
375 2859 427 2911 ego
447 2840 506 2893 volo
525 2842 608 2893 inesse
634 2840 662 2892 in
687 2840 819 2891 emissum.
866 2838 895 2892 ln
922 2838 973 2893 illis
1001 2841 1074 2893 enim
1100 2840 1174 2893 libris
1197 2840 1332 2895 invenient

275 2928 366 2983 locum
386 2928 492 2994 Alieni,
512 2929 576 2981 iuris
594 2928 724 2994 consulti,
749 2927 849 2998 Digest.
868 2928 913 2981 lib.
930 2928 974 2982 lX.
993 2929 1046 2983 Tit.
1065 2935 1088 2983 2.
1107 2929 1171 3001 Leg.
1190 2934 1232 2984 52,
1250 2931 1333 2983 med:

273 3019 358 3070 telum
376 3036 416 3068 ex
444 3036 543 3069 manu
562 3017 758 3070 immittere
777 3021 848 3084 (non
877 3018 1021 3084 emittere).
1068 3017 1138 3084 Sed,
1167 3030 1196 3073 ut
1222 3030 1333 3086 taceam,

274 3107 366 3160 Alieni
386 3126 480 3172 usum,
505 3106 605 3160 etiamsi
632 3106 671 3159 rel
690 3106 803 3159 maxime
830 3106 1027 3161 contradiceret
1053 3107 1199 3161 sententiae
1218 3118 1331 3175 nostrae,

275 3194 432 3261 Ciceronis,
455 3213 523 3265 quse
542 3214 622 3266 supra
642 3196 825 3266 exposuimus,
843 3195 969 3266 exemplis
988 3214 1044 3248 non
1064 3214 1140 3267 posse
1159 3193 1280 3249 officere:
1311 3196 1332 3249 si

273 3284 363 3355 ipsum
383 3282 472 3336 Alfeni
491 3281 583 3337 locum
610 3295 727 3354 spectes,
751 3284 777 3337 id
803 3283 891 3354 ipsum
918 3283 1030 3353 probat,
1059 3283 1132 3353 quod
1158 3302 1208 3336 nos
1231 3303 1334 3356 propo-

274 3372 384 3424 suimus.
423 3372 460 3425 lta
480 3371 552 3423 enim
571 3371 665 3425 habet:
683 3374 792 3442 Aeque,
811 3372 836 3423 si
854 3371 915 3442 quis
932 3388 966 3421 ex
984 3388 1065 3422 murru
1083 3369 1167 3421 telum
1185 3381 1236 3422 out
1255 3373 1334 3424 uliud

276 3461 345 3531 quid
362 3458 526 3516 immisisset,
547 3460 676 3512 duranum
693 3460 796 3512 iniuria
815 3459 902 3513 duret.
948 3457 1032 3511 lluius
1050 3476 1112 3510 iero
1130 3456 1199 3523 loci,
1229 3458 1250 3511 si
1270 3476 1331 3510 eum

275 3567 338 3603 eum
359 3556 416 3601 toto
434 3546 561 3601 orationis
581 3568 648 3601 nexu
668 3547 882 3619 comparaveris,
909 3545 978 3600 lianc
996 3565 1050 3599 esse
1069 3544 1227 3599 sententiam
1247 3565 1332 3616 appa-

274 3637 358 3690 rebitr
378 3634 460 3688 sicui
479 3654 508 3687 ex
530 3654 612 3688 manu
631 3636 665 3690 ita
686 3657 749 3690 casu
768 3635 904 3689 excidisset
921 3633 1020 3700 telum,
1038 3644 1068 3686 ut
1086 3652 1119 3686 eo
1136 3631 1204 3686 alter
1223 3651 1333 3703 percus·

273 3744 317 3777 sus
345 3721 544 3787 vulneraretur,
579 3724 714 3778 immerito
739 3725 774 3777 ita
804 3743 867 3777 cum
886 3742 918 3776 eo
937 3734 1026 3778 actum
1054 3721 1104 3787 iri,
1139 3721 1214 3793 quasi
1243 3720 1333 3776 volens

273 3810 404 3863 damnum
424 3809 539 3875 dederit,
559 3811 576 3863 i.
596 3832 618 3865 e.
644 3813 775 3867 nocuerit.
812 3812 890 3865 Locis
915 3821 1004 3864 autem
1022 3829 1103 3881 supra
1128 3809 1240 3864 laudatis
1264 3810 1332 3865 adde

262 3897 332 3953 Cic.
354 3918 403 3969 pro
422 3898 533 3952 Plancio
547 3902 594 3953 23:
614 3901 755 3952 maledicto
773 3901 843 3953 nitit
855 3899 975 3971 facilius
992 3898 1189 3965 emittitur,
1207 3899 1277 3949 nilril
1295 3899 1332 3949 ci-

273 3989 332 4039 tius
351 3987 502 4055 excipitur,
523 3987 638 4059 denique
657 3987 833 4044 Horatianum
853 3986 919 4040 illud
938 3986 1020 4059 Epist.
1032 3985 1052 4054 l,
1066 3990 1110 4053 18,
1129 3990 1177 4039 ll:
1197 3990 1233 4040 Et
1253 3986 1333 4037 seruel

272 4076 434 4127 emissum
453 4075 527 4128 volut
546 4076 720 4129 irrevocabile
738 4077 856 4132 uerbum.
893 4074 952 4128 Mr.

322 4263 376 4387 up
391 4262 516 4387 iangu.
536 4263 622 4317 naen
640 4264 735 4319 uesci.
754 4266 779 4319 a.
798 4268 876 4320 netu.
896 4247 956 4321 iiii.
975 4269 1000 4321 a.
1021 4265 1051 4320 s.
1071 4266 1101 4317 u.
1121 4263 1170 4316 na.
1185 4261 1329 4333 §.ascia

272 4355 301 4406 p.
385 4362 417 4373 -
480 4372 487 4385 .

701 4481 909 4492 .---.---
