3517 5450
364 705 436 776 156
685 724 854 771 rsurooxs
884 722 1077 770 srotconuu.

358 906 420 937 vero
441 889 534 955 poema
553 903 630 953 supin
649 883 783 953 agendum
804 881 939 948 histrioni,
960 892 1100 953 propterea
1121 882 1192 934 solus
1211 880 1304 933 histrio
1323 885 1393 934 nomi-

358 983 451 1025 natur:
470 972 515 1042 qui
534 981 561 1024 et
577 981 681 1041 gestum
700 970 795 1040 agebat
814 980 916 1022 serrato
937 989 1059 1033 numero,
1078 981 1103 1021 et
1123 974 1217 1039 po'e'tae
1237 989 1326 1022 versus
1345 991 1391 1040 pro·

359 1060 524 1112 nuntiabat.“
560 1058 634 1112 Ald.
653 1058 682 1110 M
690 1069 778 1111 anut.

429 1151 463 1197 Ira
483 1148 540 1197 vita
560 1157 606 1212 lu,
626 1149 686 1217 qui
712 1137 783 1197 oriani
806 1157 888 1216 gestu
914 1147 1089 1211 moderatior,
1118 1149 1188 1198 omni
1217 1167 1295 1198 versu
1322 1147 1389 1216 aptior

358 1254 412 1286 esse
432 1233 546 1290 debes,
572 1244 603 1285 ot
623 1235 650 1284 in
669 1233 777 1303 syllaba
796 1236 856 1302 etc]
894 1233 960 1298 „sic
987 1235 1201 1304 quattuordecim
1229 1235 1326 1305 scripta
1345 1233 1388 1284 Atti

358 1323 481 1393 Nepotis,
501 1341 588 1392 neque
608 1320 684 1374 aliter
703 1320 758 1373 Pal.
778 1341 819 1392 pr.
836 1332 862 1374 et
880 1321 1072 1388 Mauricianus,
1093 1323 1141 1374 nisi
1162 1323 1235 1393 quod
1254 1321 1389 1375 destituere·

358 1423 402 1464 tur
420 1408 549 1482 particula
569 1421 614 1473 ut,
641 1428 721 1479 quam
741 1409 835 1462 ceteris
862 1409 916 1461 suis
935 1428 994 1461 mss.
1014 1430 1068 1463 non
1087 1410 1177 1462 adesse
1197 1410 1331 1462 adnotavit
1345 1407 1390 1459 Gu-

358 1499 471 1552 lielmius
492 1498 675 1569 probavitque.
723 1497 830 1568 Vulgati
850 1516 922 1567 quae
940 1508 990 1550 etc.
1016 1497 1108 1563 debet,
1128 1508 1158 1548 ut
1180 1499 1251 1550 etc.“
1274 1495 1391 1548 Gruter.

359 1591 387 1640 ln
408 1587 456 1641 Ed.
478 1587 587 1650 Lamb.‚
608 1605 669 1638 curn
690 1605 741 1656 qua
761 1586 788 1637 in
808 1586 935 1638 omnibus
953 1586 1016 1638 facit
1035 1597 1124 1638 nostra
1145 1583 1258 1647 Coton,
1286 1582 1392 1635 scribitur

358 1685 394 1725 tu
413 1677 442 1725 in
461 1677 536 1726 vito:
562 1673 703 1736 nimirum,
723 1685 751 1726 ut
771 1684 802 1724 tu
823 1693 837 1726 a
858 1673 991 1744 principio
1011 1673 1187 1745 oppositionis
1205 1671 1245 1724 sel
1265 1682 1392 1740 contrapo-

357 1762 398 1814 siti
416 1763 458 1831 (ut
476 1761 596 1833 loquitur
614 1760 827 1829 Quinctilianus)
846 1761 958 1831 legatur,
977 1773 1007 1814 ut
1022 1762 1119 1812 histrio
1138 1759 1324 1831 praeponitur.
1351 1757 1391 1810 set

358 1870 417 1903 vera
437 1850 570 1922 oppositio
591 1869 645 1902 non
665 1861 703 1902 est
723 1867 899 1920 personarum
919 1849 1029 1911 (histrio
1047 1859 1073 1902 et
1091 1853 1136 1915 tu)
1155 1848 1201 1900 sed
1220 1866 1315 1899 scenae
1326 1848 1392 1916 (qun

357 1937 526 2008 intelligitur)
545 1949 570 1990 et
590 1939 669 1989 vitoe.
706 1936 832 1991 Ceterum
852 1939 927 1990 abest
945 1956 1096 2008 pronomen
1118 1935 1259 2006 personale
1281 1946 1310 1986 tu
1329 1937 1390 1987 etiarn

356 2027 388 2078 ab
408 2024 472 2078 Orx.
490 2025 630 2090 omnibus,
662 2024 721 2078 Cra.
741 2029 766 2079 3.
785 2025 852 2077 Edd.
884 2035 943 2077 vett.
960 2044 1021 2078 cum
1041 2025 1112 2079 Oliv.
1141 2026 1220 2078 Facc.
1246 2020 1391 2095 paucissimis

356 2115 482 2185 exceptis:
511 2116 571 2167 Asc.
598 2114 727 2166 nimirum
753 2115 862 2180 (1511.)
891 2112 970 2165 habet
989 2132 1050 2166 curu
1071 2113 1137 2166 Cod.
1156 2112 1267 2165 Duisb.:
1297 2114 1323 2162 iu
1347 2111 1390 2161 vito

355 2214 419 2253 tua
438 2221 506 2274 quoe
525 2230 559 2240 -·
578 2201 666 2265 debet,
686 2214 711 2255 et
736 2201 784 2253 Ed.
803 2203 869 2253 Ven.
888 2205 972 2255 1514;
991 2203 1019 2252 in
1040 2203 1097 2252 vita
1117 2204 1211 2272 itaque
1230 2212 1278 2256 to,
1297 2200 1352 2270 qni
1364 2226 1387 2234 -

357 2289 459 2341 debes·
494 2289 572 2342 Unus
599 2288 734 2359 Borgersii
764 2289 832 2341 Cod.
862 2289 935 2340 Leid.
962 2289 1039 2342 habet
1058 2290 1086 2339 in
1111 2289 1168 2339 vito
1188 2299 1272 2349 turn,
1296 2285 1355 2339 alter
1368 2286 1387 2333 in

358 2377 414 2426 vito
433 2387 566 2431 turrito.
601 2378 732 2430 Duisb.r'n
751 2390 862 2431 v.tua.
881 2376 932 2430 Ox.
947 2375 978 2428 N.
992 2377 1070 2430 habet
1081 2379 1109 2429 iu
1124 2378 1181 2428 vita
1193 2395 1262 2428 vero.
1299 2374 1386 2428 Drsdi.

356 2468 384 2515 in
404 2465 460 2516 vita
480 2466 552 2524 toi‚·
572 2465 651 2518 Drst.
669 2469 693 2518 5.
715 2468 743 2516 in
769 2467 828 2516 vito
853 2467 978 2537 itaque
1008 2467 1152 2518 omniurn
1175 2475 1269 2534 gesto
1288 2464 1385 2515 modero-

356 2555 416 2607 tior.
452 2553 532 2606 Drsd.
548 2558 573 2606 4.
604 2556 674 2605 omni
690 2574 725 2604 re
744 2556 913 2609 moderatior.
957 2555 1011 2606 Pro
1030 2554 1100 2604 omni
1125 2572 1202 2603 versu
1222 2551 1274 2604 01.
1293 2552 1310 2602 Ι.
1327 2549 1384 2601 habet

354 2641 495 2711 omnique
521 2660 609 2693 versu.
645 2640 724 2694 Drsd.
747 2645 771 2694 1.
791 2645 816 2695 3.
834 2653 868 2692 et
888 2643 957 2694 omni
975 2661 1063 2697 versu.
1100 2641 1155 2693 Pro
1174 2643 1269 2705 versu,
1297 2661 1323 2691 er
1340 2658 1383 2708 per·

355 2747 446 2798 peram
474 2729 541 2781 lecto
571 2730 749 2799 compendio,
779 2741 817 2783 est
836 2750 888 2781 usu
921 2730 948 2782 in
975 2730 1041 2782 Edd.
1073 2750 1116 2801 ap.
1144 2728 1230 2781 Meus.
1250 2731 1309 2782 Par.
1327 2729 1383 2781 tttt.

355 2815 433 2867 Hdlb.
466 2815 550 2886 Lugd.
578 2819 644 2869 Ven.
673 2821 758 2870 stoa:
785 2818 857 2890 quod
884 2839 946 2872 curn
974 2820 1002 2871 in
1021 2820 1074 2871 suis
1101 2837 1212 2889 quoque
1238 2818 1304 2870 Edd.
1328 2835 1381 2885 repe-

356 2905 430 2956 risset
455 2903 518 2959 Fre.
543 2904 629 2975 Sylv.,
661 2907 809 2959 annotavit:
838 2907 887 2972 „ln
916 2905 1002 2959 Codd.
1021 2905 1079 2959 aliis
1106 2905 1202 2957 melius
1224 2906 1381 2976 scriptumest

356 2993 426 3043 omni
444 3011 563 3055 versu,
582 3003 611 3045 ut
627 3004 722 3063 gestos
741 2992 905 3058 admotum,
934 3014 1026 3045 versus
1046 2994 1078 3046 ad
1099 2993 1229 3064 syllabam
1250 2990 1381 3045 referatur·‘¹

356 3079 397 3132 Ad
417 3097 473 3130 rem
497 3080 617 3150 apposite
634 3080 685 3133 hoc
703 3080 776 3133 addit
794 3081 826 3133 H.
851 3081 982 3134 Wotfius:
1003 3083 1136 3147 „Notetur
1157 3093 1184 3133 et
1201 3082 1246 3135 hic
1265 3083 1343 3135 locus:
1357 3076 1380 3124 si-

356 3177 409 3217 tam
429 3165 502 3217 omni
521 3178 595 3235 gestu
614 3168 836 3236 moderatiorem,
865 3170 940 3221 omni
966 3189 1041 3222 versu
1066 3170 1198 3240 aptiorem
1225 3191 1281 3223 esse
1298 3170 1379 3222 debere:

356 3272 435 3323 quam
455 3254 664 3321 similitudinem,
684 3257 703 3308 si
723 3257 848 3310 Roscium
871 3256 1007 3328 Euripidis
1024 3258 1141 3328 aliquam
1156 3260 1318 3327 tragoediam
1335 3252 1380 3307 reri·

357 3353 454 3396 tantem
467 3354 666 3415 spectassemus
685 3344 765 3415 longe
785 3344 883 3397 rectius
900 3343 1136 3415 intelligeremus.“
1154 3345 1213 3397 Mr.

425 3432 596 3489 invitatu,
634 3452 724 3504 quoe
743 3461 775 3472 -
798 3432 923 3498 debet,]
943 3432 1085 3499 „Primum
1103 3434 1296 3486 attendendum
1314 3443 1346 3483 est
1359 3424 1379 3477 sl

355 3518 443 3570 vitium
464 3521 632 3591 scriptionis,
663 3520 735 3592 quod
762 3520 893 3591 plurimos
918 3520 1058 3592 occupavit
1076 3520 1174 3574 libros:
1204 3526 1252 3593 qui
1271 3552 1303 3561 -
1321 3518 1379 3569 tetes

355 3625 438 3674 quum
459 3608 586 3659 sententia
608 3608 722 3678 postulet
741 3628 809 3679 quae
831 3638 864 3647 -
886 3607 975 3664 debet,
995 3629 1030 3662 sc.
1051 3609 1115 3662 vito:
1142 3610 1209 3662 haec
1229 3612 1298 3662 eninr
1316 3622 1378 3677 ορμο-

356 3693 428 3746 nitur
446 3694 545 3746 actioni
567 3696 694 3748 dramatis
711 3718 731 3749 s.
750 3716 859 3750 scenae:
888 3697 984 3749 deiude
1008 3708 1104 3767 gestus
1131 3698 1249 3768 pertinet
1272 3699 1302 3750 ad
1327 3690 1377 3749 itud·

356 3781 428 3849 quod
448 3781 529 3832 modo
549 3782 649 3836 dictum
669 3795 720 3837 est:
745 3785 873 3836 semovit
897 3794 976 3836 extro
995 3804 1142 3838 numerum.
1161 3816 1194 3825 -
1243 3783 1378 3839 Moderatio

356 3868 371 3916 i.
392 3887 415 3919 e.
436 3868 598 3937 ordinatior,
618 3873 751 3942 magis'ad
773 3885 857 3927 certas
877 3873 948 3943 leges
966 3885 1083 3927 exactus:
1110 3895 1173 3927 narn
1193 3877 1339 3928 moderetur
1352 3867 1377 3918 li·

356 3956 425 4009 citur
444 3975 458 4007 a
477 3958 583 4022 modus,
603 3960 675 4029 quod
696 3961 775 4014 etiam
796 3973 871 4015 notat
889 3982 1057 4027 mensuram,
1076 3985 1095 4015 s.
1114 3976 1249 4029 metrum,
1274 3965 1322 4017 sire
1338 3974 1376 4013 ott·
1417 3979 1418 3990 ¹

356 4045 434 4095 minis
458 4043 510 4096 sivo
534 4044 686 4101 saltationis.
735 4054 836 4121 Aptior
861 4064 950 4104 autern
975 4065 1012 4104 est
1032 4054 1117 4123 magis
1136 4054 1310 4123 compositus,
1332 4062 1375 4100 cun·
1411 4079 1413 4086 ·

355 4133 465 4195 cinnus,
483 4132 536 4183 suis
550 4135 673 4203 'partibus
690 4139 834 4193 absolutus.
883 4141 951 4193 Nam
971 4141 1082 4194 latinum
1107 4144 1192 4210 optus
1211 4154 1238 4195 et
1254 4153 1339 4211 optare
1352 4142 1373 4183 2⁵¹

355 4242 368 4273 a
389 4238 485 4290 graeco
504 4213 609 4287 sineere,
630 4232 762 4279 nectere.‘⁴
782 4230 889 4299 Wytt.
925 4232 1019 4298 Aptus
1034 4230 1066 4282 ad
1087 4232 1244 4283 sententiam
1265 4222 1373 4299 respondet

355 4328 450 4378 gratim
485 4305 657 4378 ιῑῗιῖιψθῠῖοι,
688 4319 722 4367 'ut
758 4329 828 4370 recte
862 4318 999 4370 contendit
1033 4316 1217 4384 Forcellinus,
1249 4318 1291 4389 qui
1318 4308 1371 4367 sill·
1417 4363 1418 4368 ,

358 4406 452 4461 aptum
470 4396 575 4449 dicendi
595 4418 680 4470 genus
699 4422 760 4455 cunt
781 4424 919 4456 nutrieroso
938 4408 973 4457 ita
992 4405 1075 4475 iungi,
1096 4418 1124 4458 ut
1143 4407 1304 4460 concinnitas
1320 4408 1370 4452 ⁰⁰¹⁰·

357 4493 405 4534 tur.
445 4485 484 4536 Ad
505 4486 830 4547 totiuslocisententiam
850 4494 926 4557 facit,
957 4492 1028 4562 quod
1050 4504 1087 4546 est
1105 4493 1138 4547 de
1158 4494 1216 4548 ost.
1237 4496 1254 4560 l,
1273 4498 1309 4555 tr,
1325 4487 1367 4539 itt:
1414 4517 1418 4543 ·,
