3517 5450
552 714 747 763 ramosior
768 716 811 763 tv.
839 716 908 765 car.
928 718 950 764 r.
1205 691 1278 767 187

235 870 343 924 Aldinae
363 883 429 941 tres,
456 873 535 926 Boul.
556 877 617 928 Car.
636 874 727 945 Stcplt.
747 873 848 929 Sturm.
876 874 951 947 Sylb.
981 875 1012 929 ll.
1032 877 1117 930 Wott.
1161 877 1282 930 Eundem

235 961 373 1013 verborum
392 961 532 1028 ordinem,
551 963 597 1016 sed
616 963 757 1018 lectionem
777 973 829 1014 tua
841 964 938 1035 fecit
964 964 1066 1016 iniuria
1084 967 1167 1037 (quae
1186 976 1223 1018 est
1242 964 1284 1016 iu-

234 1050 353 1120 terpretis
371 1050 410 1103 rel
429 1049 593 1122 glossatoris)
611 1051 711 1105 habent
728 1049 796 1104 Cod.
815 1049 894 1104 Drsd.
914 1054 939 1104 1.
967 1050 1035 1105 Edd.
1053 1051 1114 1105 Par.
1133 1072 1154 1107 s.
1173 1071 1197 1104 a.
1223 1051 1284 1105 Asc.

233 1139 307 1192 1511.
324 1137 389 1190 Par.
410 1140 488 1193 1543.
509 1137 597 1192 llerw.
636 1139 726 1209 Quem
748 1139 890 1193 verborum
910 1139 1033 1192 ordinem
1060 1159 1123 1192 care
1141 1139 1285 1209 praeferas.

232 1221 285 1276 Nou
307 1223 383 1276 enim
405 1243 487 1278 wnus
504 1245 558 1279 esse
577 1226 655 1282 debet
674 1226 702 1279 in
721 1245 785 1280 voce
804 1238 870 1288 rua,
899 1245 953 1298 quo
977 1226 1050 1298 lacto
1074 1226 1162 1280 Clodii
1187 1227 1284 1280 iniuria

232 1325 415 1387 opponeretur
433 1315 546 1369 iniuriae
564 1315 674 1371 alteriue
692 1316 803 1370 alicuius
821 1315 950 1369 bominis:
982 1315 1028 1369 sed
1054 1316 1080 1368 id
1106 1315 1161 1370 vult
1179 1318 1283 1383 Cicero,

232 1399 280 1472 ipsa
301 1400 393 1455 Clodii
412 1399 509 1457 iniuria
529 1404 628 1459 lactum
645 1423 717 1469 esse,
736 1412 765 1456 ut
784 1422 839 1455 non
859 1402 942 1456 esitus
959 1422 1018 1455 eam
1037 1415 1193 1475 sequeretur
1212 1402 1284 1456 cala-

232 1490 348 1557 mitosus,
370 1489 415 1544 sed
434 1491 534 1546 reditus
552 1492 723 1547 honorabilis.
761 1492 802 1546 Ad
822 1491 989 1546 locutionem
1008 1477 1114 1546 conlert
1130 1491 1212 1563 Borg.
1229 1492 1285 1545 Cic.

233 1577 253 1631 iu
270 1579 368 1632 Pison.
387 1582 431 1645 14,
452 1581 500 1634 82:
518 1590 609 1633 cetere
627 1581 678 1632 itta
696 1608 731 1620 —-
750 1597 820 1653 quae
839 1597 913 1632 meus
932 1579 1121 1632 discessus
1138 1581 1177 1632 rei
1193 1579 1286 1648 patti-

232 1684 272 1718 cee
290 1666 409 1718 vulnera
427 1668 529 1737 inflixit
550 1697 584 1707 -
605 1669 652 1740 qui
675 1669 700 1721 si
717 1668 1066 1722 calamitosissimus
1089 1668 1209 1741 fuisset,
1237 1679 1283 1720 ta-

231 1771 283 1805 men
303 1765 356 1808 etc.
376 1754 410 1807 de
429 1755 505 1808 Pror.
527 1753 610 1810 Cous.
622 1759 726 1823 19‚45:
745 1759 795 1807 Est
815 1757 952 1827 mihiipsi
967 1758 1285 1830 perhonorificum,

230 1843 423 1896 discessum
442 1862 527 1895 meum
540 1843 656 1916 funus
675 1844 729 1897 dici
747 1845 785 1897 rei
802 1844 934 1915 publicae.
971 1843 1030 1898 ΜΓ.

297 1935 376 2004 Ergo
394 1951 443 2005 ego
460 1951 561 2002 semper
579 1932 645 1984 civis
653 1931 672 2002 ‚]
709 1935 836 2002 „Semper
860 1932 928 1984 civis
951 1949 1059 1998 eram,
1088 1951 1168 1986 unus.
1212 1932 1283 1984 Ciuis

226 2037 297 2086 ero,
316 2019 382 2074 duo.
420 2020 491 2073 Civis
503 2020 579 2091 fni,
597 2038 677 2074 unus.
718 2022 803 2071 Eram
821 2019 895 2073 abest
921 2020 961 2090 (et
987 2019 1101 2073 omuino
1128 2018 1283 2088 verbum)a

225 2106 471 2179 quattuordecim.“
493 2107 566 2161 Atd.
584 2107 672 2160 Man.
710 2108 841 2179 Agnoscis
858 2107 982 2180 glossam.
1018 2107 1066 2162 Sic
1079 2108 1159 2162 etiam
1170 2107 1284 2163 onds.

222 2216 330 2268 semper
358 2216 416 2250 ero
442 2197 517 2250 civis.
560 2196 648 2251 Aliam
674 2196 754 2251 ltabet
779 2196 830 2250 Ox.
850 2199 869 2251 l.
895 2217 995 2268 semper
1021 2199 1088 2252 civis
1112 2200 1266 2270 optimus
1274 2219 1284 2260 ‚·

222 2283 295 2340 Cod.
315 2285 413 2338 Duisb.
432 2284 528 2338 miram
548 2285 640 2352 habet,
660 2305 753 2340 errore
772 2286 890 2354 librarii,
909 2287 1031 2348 disponas:
1055 2289 1127 2358 Ego
1151 2305 1200 2358 ego
1218 2306 1285 2338 sem-

220 2391 270 2441 per
290 2375 370 2428 civis.
388 2375 446 2428 ΜΓ.
483 2374 593 2447 „Vulgo
611 2375 717 2429 additur
736 2391 826 2440 ercm‚·
836 2387 862 2432 et
877 2376 958 2442 inira,
973 2387 1033 2447 post
1048 2376 1161 2447 quidem,
1180 2375 1287 2429 additur

220 2465 304 2516 rivis.
341 2463 445 2535 Nempe
463 2462 497 2515 de
519 2482 595 2517 more
620 2464 798 2535 interpretum
818 2463 1064 2517 scholasticorum.“
1088 2463 1186 2517 Facc.
1230 2463 1284 2516 Re-

220 2549 276 2605 tert
297 2569 356 2604 esse
373 2549 440 2604 illud
458 2568 531 2602 eram
551 2550 653 2605 Gernh.
684 2552 712 2604 in
738 2542 806 2605 Edd.
830 2551 892 2605 Asc
911 2551 1000 2604 lderw.
1016 2551 1117 2622 Lugd.‚
1143 2551 1217 2605 addit
1233 2550 1284 2609 Or.

220 2635 295 2693 Edd.
315 2637 437 2710 Magnol.
454 2650 481 2694 et
499 2638 591 2707 Man„
612 2659 662 2693 nos
679 2640 747 2694 Edd.
776 2639 854 2692 tttdd.
875 2651 945 2707 tres,
971 2638 1041 2692 And.
1059 2638 1119 2692 Tal.
1146 2639 1178 2691 ll.
1195 2639 1283 2693 wott.

220 2726 305 2784 Boul.
325 2729 387 2782 Par.
407 2732 486 2784 1543.
505 2727 566 2782 Car.
584 2728 676 2801 steph.
695 2728 772 2801 syth.
791 2729 903 2783 Lambb.
924 2727 1005 2782 Goth.
1026 2727 1116 2781 llerw.
1135 2730 1210 2780 Cam.
1253 2723 1283 2780 lu

219 2814 323 2873 iisdem
342 2817 422 2872 etiarn
442 2818 470 2869 in
489 2836 563 2889 seqq.
582 2829 642 2888 post
661 2818 767 2889 quidem
785 2828 823 2871 est
839 2835 868 2869 es
887 2816 972 2878 civis5
998 2816 1071 2888 quod
1096 2826 1185 2869 autem
1206 2815 1285 2886 vulgo

219 2904 276 2980 legi
299 2907 366 2961 dicit
385 2908 465 2959 Face.
481 2924 555 2958 erem
574 2905 680 2977 priore,
706 2915 732 2958 et
754 2906 820 2957 rivis
839 2903 924 2959 altero
952 2905 1027 2970 loco,
1057 2902 1112 2957 sola
1139 2900 1218 2957 habet
1235 2902 1285 2956 Ed.

220 2994 331 3052 Sturm.
368 2994 430 3047 Non
451 2993 551 3047 habent
568 2992 687 3065 priorem
707 2993 821 3066 glossam
839 2994 957 3062 (eram),
982 2992 1028 3045 sed
1051 2990 1227 3063 posteriorem
1246 2996 1287 3056 (es

221 3080 584 3151 civis)Edd.Ven.1492.
607 3085 689 3137 1514.
712 3082 793 3137 ttdtb.
821 3082 884 3135 Par.
903 3085 983 3136 1507.
1008 3084 1087 3136 1512.
1114 3081 1200 3152 Lugd.
1220 3079 1286 3152 Arg.

221 3170 313 3239 Dum
340 3172 369 3225 in
393 3170 443 3225 Ed.
462 3169 536 3225 Crat.
562 3182 622 3241 post
640 3171 707 3223 civis
725 3170 833 3224 additur
857 3170 942 3221 etiam
969 3180 995 3222 et
1019 3169 1047 3221 in
1066 3188 1142 3241 seqq.
1166 3189 1194 3221 es
1220 3170 1287 3221 civis

222 3273 288 3329 post
308 3260 415 3332 quidem
421 3279 431 3320 ,-
452 3258 512 3312 Asc.
531 3259 610 3312 tstt.
631 3257 744 3329 glossam
763 3275 837 3309 ercan
854 3256 928 3310 addit
945 3269 1005 3328 post
1024 3257 1155 3318 anxiam
1177 3268 1235 3310 tum
1258 3268 1286 3310 ut

223 3344 303 3402 Crat.
322 3358 349 3401 et
366 3345 442 3399 aliae.
480 3346 625 3399 Nobiscum
645 3345 748 3398 faciunt
764 3343 845 3414 Grut.⁴
862 3353 889 3397 et
904 3362 980 3415 seqq.
998 3363 1106 3407 omuas;
1125 3355 1188 3397 aute
1208 3343 1286 3396 Grut.

225 3448 320 3491 autem
339 3435 443 3489 Victor.
463 3434 530 3488 Rob.
548 3434 640 3507 Steph.
658 3434 749 3487 Lamb.
769 3431 865 3485 Colou.
908 3430 953 3484 td
974 3431 1118 3510 formulam
1138 3434 1213 3502 Ergo
1230 3450 1287 3501 ego,

226 3541 299 3594 quae
319 3521 473 3575 duriuscule
491 3522 589 3594 legitur
613 3522 641 3575 in
661 3521 721 3576 loco
740 3519 834 3574 Lucilii
854 3524 948 3591 politae
977 3518 1048 3590 apud
1069 3518 1125 3570 cte.
1150 3517 1184 3570 de
1208 3517 1288 3570 Finn.

226 3604 247 3675 l,
266 3615 295 3679 3,
315 3613 341 3665 9.
360 3610 394 3664 ad
413 3627 475 3663 eum
494 3610 585 3665 locum
611 3609 777 3664 Goerencius
801 3607 915 3663 contulit
944 3606 994 3661 Or.
1015 3606 1047 3660 de
1072 3607 1163 3658 Prorr.
1192 3605 1286 3659 Conse.

228 3699 254 3766 8,
274 3701 326 3753 19:
343 3702 419 3771 Ergo
439 3717 487 3770 ego
504 3710 614 3751 senator
632 3711 682 3753 etc.
719 3698 795 3762 Ma,

301 3797 329 3839 et
358 3797 418 3838 tum
443 3787 581 3855 maxime,]
622 3786 688 3841 Otr.
707 3787 738 3841 E.
758 3787 776 3841 l.
802 3787 882 3856 Drsd.
897 3789 923 3838 1.
944 3791 968 3839 2.
987 3787 1011 3839 3.
1031 3789 1056 3838 5.
1083 3784 1185 3837 addunt
1213 3803 1286 3835 eram

228 3887 289 3941 post
320 3874 442 3928 maxime.
479 3873 547 3928 Pro·
564 3886 591 3925 et
610 3874 708 3946 legitur
727 3876 774 3927 sed
799 3875 826 3927 iu
855 3874 940 3928 Codd.
967 3873 1039 3927 Gud.
1064 3872 1096 3928 Α.
1116 3874 1146 3925 Β.
1178 3872 1286 3925 Sueriu.

230 3959 361 4030 ttrsd.4.;
383 3962 481 4016 deinde
499 3974 531 4016 tu
550 3981 600 4034 pro
619 3964 724 4015 tamin
744 3962 812 4016 cod.
833 3961 949 4028 suerin„
969 3962 1079 4033 eiusque
1099 3961 1161 4015 loco
1180 3971 1246 4011 tuuc
1259 3960 1285 4011 in

228 4046 301 4105 Gud.
319 4051 353 4105 Α.
370 4050 431 4126 Cre.
452 4055 476 4105 1.
496 4056 521 4103 1.
538 4050 618 4103 Drsd.
638 4054 664 4104 1.
680 4054 707 4105 3.
721 4055 746 4105 5.
791 4049 820 4102 ln
850 4069 924 4121 seqq.
955 4050 1021 4103 cod.
1048 4050 1143 4104 Duisb.
1170 4050 1286 4102 sulutem

229 4151 330 4195 maru,
349 4138 446 4192 ordine
464 4138 577 4192 inverso.
616 4138 676 4193 lltlr.

301 4247 384 4299 quum
404 4244 486 4277 meam
515 4226 632 4278 saltitem
656 4236 768 4279 senatus
789 4254 821 4265 -
841 4224 1070 4294 commendabam]
1107 4226 1191 4292 „Nam
1210 4241 1288 4276 seua-

228 4315 273 4366 lus
290 4313 451 4368 Ciceronem
473 4315 669 4369 commendavit
688 4334 737 4387 per
755 4314 854 4367 litteras
873 4313 1035 4367 Consulares
1061 4314 1187 4366 omuibus
1212 4311 1289 4364 urhi-

227 4391 297 4469 bm,
316 4402 344 4455 in
364 4423 430 4474 quas
449 4415 575 4457 venturus
592 4415 673 4465 esset,
693 4416 722 4457 ut
740 4403 874 4473 optimum
893 4402 988 4456 civem.
1034 4400 1117 4469 Quod
1142 4401 1203 4453 itcm
1224 4399 1288 4453 dixit

225 4480 259 4537 in
278 4488 325 4543 Or.
346 4510 396 4563 pro
412 4490 501 4545 Sestio
522 4513 552 4545 c.¹
564 4496 626 4545 22³⁶
645 4492 823 4564 Wyttenb.
860 4492 948 4545 Locus
966 4502 1004 4543 est
1026 4492 1050 4553 §.
1070 4492 1120 4540 5οι
1151 4490 1224 4559 Ego,
1243 4489 1289 4559 qui
