3517 5450
468 700 542 775 320
794 721 968 771 rtnrnoxt
996 721 1190 770 srmconuu.

467 899 625 960 corruptum
654 904 708 939 esse
728 886 819 939 risum.
858 883 1007 954 Equidem,
1038 896 1066 937 ut
1094 885 1178 937 latear
1196 885 1270 955 quod
1294 896 1352 950 est,
1378 885 1511 939 admodum

468 976 568 1039 miror,
598 974 671 1027 illam
699 972 884 1044 exemplorum
898 973 972 1043 quasi
992 972 1147 1042 congeriem
1177 975 1321 1044 probatam
1351 994 1408 1029 esse
1436 975 1512 1029 Geru-

466 1063 568 1127 bardo,
588 1081 650 1115 cum
670 1060 733 1114 nibil
753 1060 832 1132 plane
851 1061 962 1132 probet,
990 1071 1017 1114 et
1042 1061 1122 1132 plane
1147 1060 1232 1114 aliena
1252 1061 1285 1115 sit
1307 1082 1323 1115 a
1349 1062 1413 1118 loco
1426 1077 1512 1131 nostro,

467 1152 575 1224 quando
593 1150 701 1221 quidem
721 1148 759 1203 rel
775 1168 858 1219 prope
876 1170 896 1202 s.
914 1150 1021 1201 circiter
1039 1148 1172 1220 significat
1190 1153 1271 1221 qunsi
1296 1152 1380 1205 rebus
1398 1172 1511 1205 numera-

466 1244 498 1296 tis
515 1239 687 1311 appositum,
712 1236 751 1291 vel
770 1237 966 1309 comparationi
986 1237 1107 1301 inservit,
1135 1237 1173 1290 rel
1192 1257 1270 1291 usum
1293 1239 1420 1293 vocabuli
1439 1240 1513 1292 minus

468 1329 569 1402 proprii
588 1327 626 1381 rel
648 1328 735 1380 minus
754 1325 841 1380 usitati
860 1335 973 1379 excusat.
1016 1323 1150 1395 llorgersii
1169 1345 1231 1378 vero
1249 1326 1394 1397 explicatio
1420 1345 1510 1379 merum

465 1430 502 1471 est
521 1426 719 1477 commentum,
739 1433 827 1484 neque
847 1412 899 1465 ulla
919 1412 1022 1465 ratione
1042 1411 1175 1483 probabili
1195 1413 1306 1466 fultum:
1335 1413 1414 1468 locus
1436 1425 1510 1467 autem

467 1526 497 1559 ex
514 1506 605 1559 Laelio
624 1504 656 1558 ad
677 1503 783 1557 tertium
804 1500 843 1554 rel
862 1500 1011 1554 secundum
1029 1518 1127 1570 genus,
1154 1520 1223 1571 quae
1243 1501 1327 1554 modo
1346 1501 1511 1572 exposuimus,

466 1595 590 1667 pertinet.
632 1593 740 1660 Quare,
777 1601 807 1644 ut
833 1589 1013 1661 significarem
1041 1588 1105 1641 mibi
1131 1589 1242 1660 probari
1267 1608 1326 1642 non
1351 1608 1429 1660 posse
1454 1587 1509 1640 illud

467 1682 547 1754 quusi
565 1699 661 1753 parum
680 1690 741 1751 apte
759 1679 890 1744 additum,
908 1678 1014 1732 uncinis
1032 1677 1141 1732 inclusi:
1159 1678 1220 1731 satis
1239 1676 1329 1748 placet
1347 1695 1455 1729 casus
1471 1697 1510 1727 no-

466 1788 536 1832 cere,
555 1787 718 1840 quamquam
738 1786 789 1821 nec
807 1766 859 1820 boc
878 1787 894 1824 a
914 1767 1044 1820 Cicerone
1062 1765 1212 1838 proiectum
1231 1766 1362 1821 existimo.
1399 1765 1456 1818 Mr.

538 1857 625 1910 noceri
642 1866 732 1926 potest
743 1856 765 1923 ‚·]
802 1855 903 1922 „biber
920 1854 953 1907 ad
973 1854 1007 1907 D.
1016 1853 1154 1908 Trudonis
1171 1865 1197 1908 et
1214 1854 1279 1908 item
1295 1853 1364 1908 alter
1378 1853 1430 1907 boc
1442 1853 1509 1906 modo

465 1945 577 2000 babent:
596 1944 700 1996 minime
718 1944 798 2015 quusi
815 1942 903 1994 noceri
916 1951 1021 2011 potest,
1048 1960 1133 2013 neque
1159 1941 1327 2014 naufragio,
1359 1961 1408 1994 nec
1431 1945 1509 1994 ineen-

468 2036 510 2088 dio
529 2034 686 2093 amittitur,·
706 2032 804 2104 quanti
820 2041 862 2083 est
880 2029 1052 2082 aestimanda
1070 2030 1176 2094 virtus,
1195 2048 1266 2101 quae
1283 2047 1372 2102 neque
1390 2031 1455 2100 eripi
1471 2048 1509 2081 nec

466 2124 566 2192 surripi
580 2131 686 2192 potest,
715 2139 763 2172 nec
780 2128 1034 2171 testamentum
1052 2118 1122 2170 etc.“
1149 2116 1224 2171 Car.
1243 2117 1350 2189 bang.
1395 2115 1510 2170 Similiter

467 2222 556 2264 noster
574 2208 632 2262 Cra.
654 2214 678 2261 2.
706 2207 778 2280 quod
803 2207 828 2258 ei
849 2208 941 2276 generi
951 2227 986 2278 .q.
1004 2207 1093 2258 noceri
1122 2225 1174 2258 non
1188 2215 1291 2274 potest.
1315 2224 1403 2277 neque
1427 2204 1509 2275 nousr.

466 2316 578 2368 neque
596 2299 647 2351 inc.
666 2295 820 2346 amittitur:
849 2294 948 2365 quanti
973 2304 1015 2346 est
1034 2295 1140 2348 oestim.
1164 2295 1271 2353 uirtus,
1297 2312 1371 2365 quae
1391 2312 1439 2346 nec
1454 2294 1509 2361 eripi

464 2393 599 2453 potest,
626 2402 672 2434 nee
696 2392 886 2452 tempestatum
904 2391 953 2434 etc.
990 2381 1058 2434 cod.
1076 2381 1155 2436 Drsd.
1174 2386 1204 2436 4:
1232 2385 1324 2435 noceri
1348 2394 1439 2454 potest
1458 2402 1509 2434 non

466 2471 616 2542 naufragio
633 2479 810 2534 mutatur,
829 2469 927 2540 quanti
939 2477 980 2520 est
1000 2470 1104 2525 asstim.
1117 2471 1216 2536 uirtus,
1234 2491 1305 2542 quas
1321 2491 1372 2524 nec
1389 2474 1456 2542 eripi
1471 2489 1508 2523 nec

464 2560 565 2629 surripi
578 2568 677 2628 potest.
715 2556 788 2611 Gud.
806 2556 838 2610 Α.
862 2557 950 2608 noceri
964 2567 1055 2626 potest
1080 2574 1164 2629 neque
1182 2559 1279 2630 naufr.
1296 2577 1384 2631 neque
1401 2559 1508 2612 incendio

465 2650 563 2720 quanti
579 2657 618 2698 est
637 2646 818 2698 existimanda
837 2645 926 2697 uirtus
945 2662 1014 2716 quoe
1031 2663 1079 2696 nec
1095 2646 1164 2716 eripi
1179 2666 1228 2698 nec
1244 2647 1352 2716 subripi
1367 2658 1457 2716 potest
1472 2664 1510 2697 nee

465 2746 655 2807 tempestatum
674 2754 722 2787 nec
749 2745 828 2803 temp.
853 2734 974 2803 perturb.
1004 2745 1137 2786 mutatur.
1175 2735 1241 2789 Cod.
1260 2735 1343 2790 Drsd.
1364 2744 1389 2791 2.
1418 2738 1508 2790 cestim.

465 2826 554 2878 virtus
570 2834 638 2887 est,
665 2823 744 2876 Drsd.
763 2827 789 2878 5.
809 2825 913 2875 cestim.
938 2834 981 2875 est
999 2824 1096 2877 virtus.
1139 2824 1219 2879 Drsd.
1239 2828 1266 2878 5.
1294 2826 1397 2880 omittit
1424 2827 1508 2878 virtus.

466 2912 562 2963 Noceri
577 2912 694 2978 possit
711 2910 809 2965 babent
827 2931 868 2964 sex
889 2911 949 2964 Atti
971 2923 997 2966 et
1016 2912 1149 2966 Gruterus
1165 2913 1193 2965 in
1208 2912 1336 2967 lemmate
1361 2926 1454 2968 annot.
1469 2933 1508 2967 nec

466 3020 527 3055 vero
552 3001 579 3052 in
606 3010 738 3054 contextu.
774 2998 840 3053 Oxx.
859 3000 891 3059 E,
913 3020 939 3070 η.
964 3001 1146 3053 existimando
1170 3021 1220 3072 pro
1246 3003 1429 3055 aestimando.
1469 3001 1508 3054 Sex

465 3088 526 3141 Atti
545 3099 573 3140 ut
592 3107 655 3150 n0s;
674 3097 727 3140 tres
745 3087 808 3139 virt.
827 3096 883 3154 est,
902 3088 957 3141 duo
973 3098 1015 3140 est
1032 3089 1096 3143 virt.
1114 3087 1170 3141 duo
1188 3107 1244 3142 om.
1270 3099 1330 3155 est,
1356 3109 1427 3143 unus
1443 3089 1508 3142 babet

466 3178 564 3248 quanti
580 3175 670 3245 pretii.
704 3173 763 3226 Mr.

536 3282 583 3315 nec
600 3262 667 3331 eripi
684 3280 732 3314 nec
750 3261 862 3330 surripi]
899 3260 981 3333 Borg.
999 3262 1090 3316 laudat
1109 3260 1166 3317 Cic.
1195 3264 1273 3317 Verr.
1290 3264 1340 3331 lv,
1360 3269 1411 3320 5οι
1441 3283 1507 3337 quau

464 3355 487 3406 si
512 3353 572 3424 quis
597 3352 666 3403 elom
690 3349 889 3419 surripiat,
919 3360 970 3402 out
994 3351 1129 3421 eripiat
1155 3351 1258 3421 polam.
1302 3354 1383 3407 Verr.
1412 3350 1506 3409 Aestt.

465 3440 522 3494 Lib.
540 3439 561 3504 l,
578 3442 610 3492 4:
629 3438 674 3489 cui
692 3456 754 3491 reus
772 3466 808 3476 —
826 3445 877 3487 aut
896 3437 999 3489 occulte
1017 3440 1166 3509 surripi,
1184 3450 1236 3491 nut
1254 3442 1363 3510 impune
1382 3447 1448 3513 eripi
1456 3461 1506 3513 por·

463 3529 509 3583 sit.
552 3527 633 3580 Plura
653 3526 739 3592 dabit,
771 3535 896 3578 accurate
923 3524 1061 3593 distincta,
1086 3526 1258 3583 Doederlein.
1283 3528 1342 3584 Lat.
1369 3529 1470 3603 Synon.
1487 3548 1505 3580 u.

463 3613 580 3687 Etymol.
598 3614 631 3668 T.
650 3614 696 3666 lV.
717 3634 742 3684 p.
763 3616 822 3666 123.
860 3614 915 3665 Pro
932 3630 1032 3665 nec-
1051 3633 1099 3666 nec
1117 3612 1167 3667 Ox.
1178 3614 1209 3668 E.
1228 3615 1308 3671 babet
1328 3637 1459 3690 neque-
1471 3638 1507 3669 ne·

464 3724 533 3775 que,·
553 3703 667 3757 alterum
685 3722 732 3755 nec
749 3702 846 3755 omittit
864 3699 914 3754 Ox.
932 3719 962 3763 ψ.
998 3700 1104 3756 Habent
1120 3704 1222 3773 surripi
1238 3708 1358 3774 possit
1387 3707 1434 3761 Ex.
1452 3706 1506 3778 tyb.

464 3804 490 3845 et
508 3812 561 3845 var.
581 3792 673 3863 Magn.
692 3812 734 3863 ap.
754 3789 898 3843 Orellium.
934 3789 999 3843 Post
1015 3791 1117 3860 surripi
1138 3801 1228 3860 potest
1252 3794 1331 3847 multi
1356 3794 1422 3848 editi
1446 3792 1507 3846 addi·

464 3892 521 3934 tum
540 3878 638 3932 babent
656 3897 793 3951 unquam5
813 3878 923 3931 retinuit
942 3876 1061 3942 Gernb,
1080 3877 1185 3932 uncinis
1202 3877 1313 3933 inclusit
1322 3880 1454 3949 Orellius,
1470 3879 1507 3931 ab·

464 3987 520 4021 esse
538 3967 643 4022 volebat
661 3966 811 4022 Bentleiuse
834 3986 885 4038 ego
904 3966 1016 4038 expunxi
1039 3985 1101 4021 cum
1119 3965 1170 4019 Ed.
1188 3966 1273 4030 Thu..
1304 3987 1370 4022 cum
1396 3969 1462 4023 absit
1482 3967 1506 4018 ab

464 4055 590 4109 omnibus
609 4054 731 4125 (Xtht.)
750 4055 825 4121 Aldi,
844 4055 925 4109 Bern.
942 4055 1002 4109 Bas.
1022 4055 1112 4108 Guell.
1129 4054 1225 4108 Duisb.
1244 4054 1312 4110 Oxx.
1325 4056 1357 4111 E.
1375 4058 1395 4111 l.
1409 4058 1443 4111 U.
1456 4075 1506 4116 nn.

465 4141 523 4195 Cra.
541 4147 567 4196 2.
587 4145 613 4197 3.
632 4142 711 4195 Drsd.
731 4146 756 4195 1.
775 4149 799 4197 2.
818 4146 842 4197 3.
863 4147 888 4197 4.
908 4147 933 4196 5.
955 4142 1027 4196 Gud.
1047 4143 1079 4196 A.
1098 4143 1128 4198 Β.
1145 4142 1213 4198 Edd.
1234 4163 1292 4215 prc.
1311 4144 1362 4199 Ed.
1383 4167 1429 4218 ap.
1438 4145 1506 4199 Meus

464 4228 542 4284 lldlb.
567 4232 637 4296 Ven.
657 4234 735 4285 1492.
756 4235 833 4285 lost.
853 4234 933 4286 1514.
960 4234 1021 4286 Asc.
1041 4235 1121 4289 1511.
1146 4231 1232 4303 bang.
1257 4232 1324 4287 Par.
1343 4238 1426 4289 15111.
1444 4236 1506 4288 1511.

463 4320 543 4374 1543.
562 4339 624 4373 cum
643 4319 705 4373 Par.
722 4338 774 4372 aa.
794 4319 859 4390 Arg.
872 4321 957 4391 Lugd.
975 4321 1045 4373 Vict.
1060 4320 1128 4373 Rob.
1139 4319 1233 4391 Stepb.
1247 4350 1282 4361 -
1303 4322 1401 4395 Pergit
1410 4322 1482 4377 Drsd.
1489 4324 1506 4373 5-

464 4423 533 4475 quae
545 4425 663 4479 nunqu
672 4424 723 4458 am
736 4408 895 4479 naufragio,
907 4428 1024 4480 nunqu
1033 4427 1051 4460 α
1060 4428 1084 4460 m
1097 4409 1228 4475 incendio,
1243 4430 1299 4482 qua
1309 4413 1449 4485 anaphora
1461 4427 1506 4464 cor·

468 4503 556 4543 rector
567 4491 648 4565 aliqui
660 4495 794 4548 exornavit
807 4493 975 4551 Ciceronem.
1002 4498 1058 4547 Nee
1076 4498 1196 4550 incendio
1214 4500 1292 4555 abest
1314 4504 1348 4557 ab
1357 4503 1443 4564 Ono·
1460 4498 1505 4551 ttr.
