3517 5450
735 743 931 792 riutuoxou
956 747 991 791 u.
1323 725 1395 796 105

371 902 414 970 ipso
430 899 581 954 immortalis
598 913 643 956 est.
680 901 769 974 Atque
787 902 838 957 bac
855 902 1047 974 significatione
1060 903 1122 955 laus
1136 913 1161 957 et
1169 903 1300 957 laudatus
1319 925 1397 977 saepe

372 1000 491 1059 usurpatur
516 987 688 1043 aCiceroue.
733 990 792 1045 lloc
809 1001 897 1045 autern
923 991 983 1044 loco
1008 992 1124 1044 oratorie
1142 992 1342 1062 accipiendum,
1370 1004 1399 1046 ut

371 1087 491 1147 utrumque
509 1075 648 1147 significet.
684 1077 756 1133 llaec
773 1081 902 1134 sententia
921 1090 959 1133 est
976 1080 1003 1131 in
1021 1079 1097 1133 dictis
1115 1079 1262 1150 Euripidis,
1288 1081 1315 1133 in
1333 1083 1398 1152 ‘qui-

371 1166 407 1217 bus
422 1185 498 1217 unum
517 1176 556 1218 est
570 1163 635 1218 boc:
654 1160 733 1236 oipsrp‘
750 1169 795 1230 dl,
812 1162 859 1219 sile
879 1168 950 1237 θάνῃ
971 1187 1024 1230 τις,
1044 1164 1090 1219 orie
1110 1164 1264 1219 ἀπόλλυται.
1301 1168 1348 1221 Est
1366 1188 1395 1220 ex

371 1251 483 1322 deperdita
501 1251 637 1323 tragoedia
655 1251 824 1309 Temenides.
866 1255 960 1308 Simile
978 1266 1017 1308 est
1034 1254 1105 1326 apud
1122 1254 1208 1308 Plaut.
1229 1252 1305 1326 Copt.
1325 1258 1351 1320 3,
1371 1261 1397 1311 5.
1482 1269 1487 1281 ’

371 1338 400 1391 Cl.
416 1337 554 1393 Getalrerus
572 1339 600 1392 in
619 1338 772 1395 Adversarr.
791 1361 817 1411 p.
837 1344 898 1396 513.
918 1342 972 1394 D.“
991 1342 1031 1393 W
1038 1341 1171 1413 yttenb.
1190 1369 1224 1381 -
1242 1341 1329 1395 Locus
1343 1341 1398 1394 Eu·

370 1426 465 1496 ripideus
479 1438 516 1480 est
535 1426 607 1498 apud
625 1426 790 1493 Stobaeum,
817 1448 897 1500 quem
924 1428 962 1482 sic
990 1429 1138 1500 pleniorem
1164 1447 1251 1500 nuper
1268 1427 1350 1481 edidit
1368 1429 1397 1480 F.

370 1511 392 1564 Η.
407 1513 507 1568 liotbius
525 1515 553 1567 in
572 1514 708 1585 Fragmm.
727 1515 822 1587 Eurip.
840 1536 865 1587 p.
884 1521 947 1570 254.

461 1600 557 1673 Ἀρετή
577 1605 620 1663 dt,
640 1603 687 1654 κᾶν
706 1602 778 1673 θάνῃ
797 1623 853 1669 τις,
874 1600 920 1655 otiu
939 1601 1097 1668 dediturus,

461 1694 501 1761 Ζῇ
520 1687 546 1742 δ’
564 1687 647 1742 odete‘
666 1687 739 1749 ὄντος
757 1687 893 1751 σώματος·
912 1705 1014 1743 κακοῖσι
1032 1696 1060 1743 δὲ

453 1771 581 1829 ‘'Anoerro
599 1779 702 1847 φροῦδα
720 1774 881 1831 συνθᾶνονθ’
900 1775 950 1831 sind
966 1775 1073 1844 χθονός.

370 1861 446 1917 Versus
464 1865 602 1919 Plautinus
621 1877 659 1920 est
677 1864 754 1938 Capt.
772 1866 818 1934 lll,
836 1870 863 1931 5,
883 1869 932 1922 32ε

460 1954 513 2023 Qui
528 1973 578 2022 per
596 1955 724 2006 virtutem
739 1955 836 2023 periit,
856 1965 888 2004 ut
906 1974 959 2006 non
976 1956 1078 2008 interit.

370 2033 392 2087 ll.
406 2037 510 2093 Rosscba
530 2040 625 2094 edidit:
641 2042 759 2111 perilot,
776 2043 801 2094 ie
819 2061 871 2094 non
892 2071 935 2106 -,
954 2053 980 2096 et
998 2040 1147 2095 Gatalterus
1165 2043 1181 2096 l.
1201 2063 1224 2096 c.
1246 2043 1309 2112 (Ed.
1329 2045 1397 2095 Tro-

369 2121 413 2187 iect.
429 2132 504 2183 1598.
523 2130 542 2182 f.
561 2128 608 2197 m.)
626 2130 745 2198 peritot,
764 2130 854 2193 baud,
868 2130 930 2198 pol,
949 2131 1053 2183 interit.
1090 2129 1151 2182 llllr.

421 2217 561 2270 Exsulium
578 2228 670 2269 autem
688 2217 854 2270 terribile
873 2218 963 2286 illis]
982 2219 1108 2282 „Exsulii
1125 2219 1194 2270 enim
1210 2237 1304 2270 nomeu
1323 2220 1394 2269 colu·

370 2300 452 2356 iuratis
468 2315 525 2372 est,
542 2325 595 2358 non
614 2306 809 2375 turpitudinis:
827 2291 880 2377 ¹pro
899 2305 999 2359 Domo.
1017 2335 1053 2346 -
1082 2306 1208 2358 Terribile
1227 2306 1300 2359 abest
1317 2327 1331 2359 a
1351 2306 1399 2358 de·

370 2405 425 2457 cem,
446 2393 609 2465 inquorum
636 2413 691 2447 uno
710 2394 857 2449 additum.“
877 2395 949 2448 Ald.
966 2394 1051 2448 Man.
1093 2392 1205 2464 „stirpi
1229 2397 1299 2462 σοφῷ
1326 2396 1399 2444 πᾶσα

369 2475 392 2541 ti
403 2473 480 2548 βατή,
497 2483 584 2548 ψυχῆς
600 2476 651 2550 ydp
670 2477 776 2550 ἀγαθῆς
794 2487 889 2552 πατρὶς
907 2478 921 2533 i
939 2483 1040 2544 ξύμπας
1061 2480 1163 2544 κόσμος.
1200 2481 1399 2535 Democritus.“

337 2556 343 2571 ‘
371 2559 439 2631 Xyst
457 2566 571 2620 Betul.

421 2656 551 2708 Exsilium
568 2665 660 2708 autem
678 2657 724 2726 iis]
771 2658 807 2712 lta
827 2658 888 2711 dedi
913 2677 975 2711 cum
995 2657 1043 2710 0r.
1062 2659 1165 2710 Vocem
1191 2656 1308 2708 terribile
1335 2676 1396 2710 cum

370 2743 453 2810 optimis
470 2746 546 2798 libris
564 2744 668 2798 exulare
687 2746 756 2799 iussi.
800 2747 882 2800 Abest
902 2766 957 2799 non
977 2746 1058 2798 modo
1076 2766 1089 2798 o
1111 2746 1204 2799 decem
1225 2744 1335 2809 Aldinis,
1352 2746 1398 2797 sed

370 2830 428 2884 etium
451 2836 484 2888 ab
511 2833 577 2889 On.
608 2834 728 2906 quinque
746 2835 814 2904 (duo
840 2833 937 2906 reliqui
962 2833 1060 2887 babent
1089 2833 1120 2901 [l.
1137 2832 1183 2900 U.]
1208 2832 1326 2884 terribile
1344 2832 1399 2900 est)

371 2916 411 2969 Cu·
426 2926 447 2974 2.
463 2921 542 2975 Drsd.
564 2925 589 2974 1.
607 2926 633 2976 2.
652 2925 675 2975 3.
694 2920 767 2975 Gud.
786 2922 817 2975 A.
835 2922 865 2974 B.
902 2921 1008 2974 Suerin.
1034 2921 1128 2974 Duisb.
1164 2921 1205 2972 Iis
1230 2931 1319 2973 autem
1338 2919 1399 2971 dedi

370 3007 469 3067 proillio
487 3028 516 3061 ex
534 3008 609 3062 libris
627 3007 691 3074 On,
723 3007 808 3061 Codd.
834 3009 915 3061 Bern.
941 3008 1046 3073 Guell,
1074 3009 1170 3062 nostris
1194 3008 1306 3079 (quibus
1329 3007 1399 3060 addo

370 3089 428 3145 ellam
445 3115 503 3162 eos,
523 3097 569 3167 qui
589 3095 710 3149 exhibent
728 3096 783 3164 bis)
802 3095 861 3149 Crz.
873 3100 898 3149 1.
916 3097 1094 3169 (quamquam
1113 3096 1157 3151 bic
1175 3097 1253 3150 babet
1272 3098 1314 3148 liis
1332 3097 1399 3161 illis)

371 3171 413 3235 Cn,
429 3187 451 3235 2.
471 3183 541 3237 Gud.
563 3184 594 3240 A.
613 3183 670 3237 Crz.
692 3187 715 3239 3.
734 3183 812 3238 Drsd.
831 3188 855 3237 1.
875 3191 900 3238 2.
919 3188 944 3239 3.
969 3186 1037 3238 Edd.
1056 3206 1097 3256 ap.
1121 3184 1206 3238 lllleus.
1230 3186 1399 3237 5515500-

370 3257 410 3320 lou.
425 3270 504 3325 Sullr.
523 3272 595 3324 Petr.
613 3270 690 3325 Hdlb.
709 3292 729 3325 s.
749 3272 766 3325 l.
784 3284 810 3327 et
828 3292 852 3327 a.
866 3272 937 3343 Arg.
956 3276 1036 3328 1515.
1057 3274 1124 3326 Ven.
1142 3276 1220 3326 14⁹2.
1238 3271 1300 3324 Par.
1320 3274 1399 3323 1507.

370 3356 429 3411 1512.
445 3360 529 3432 Lugd.
549 3363 628 3413 1515.
644 3360 771 3415 Darentr.
789 3365 869 3415 1515.
894 3366 954 3413 Asc.
973 3363 1052 3414 1511.
1078 3360 1139 3413 Par.
1162 3380 1180 3412 s.
1200 3379 1222 3412 a.
1241 3359 1301 3412 Atd.
1319 3362 1399 3412 1548.

370 3438 468 3501 Sellae
492 3467 586 3501 omnes
611 3448 686 3515 (inde
715 3449 748 3501 ab
767 3448 858 3517 lldlb.)
884 3448 998 3519 glossam
1025 3447 1124 3500 babent
1150 3446 1267 3498 terribile
1294 3459 1400 3516 excepta

370 3527 524 3602 lscensiana,
549 3554 698 3607 quaecum
718 3548 835 3608 quatuor
855 3536 947 3607 primis
965 3524 1036 3589 tacti.
1079 3535 1185 3606 Reliqui
1212 3533 1311 3587 habent
1334 3535 1400 3598 illis,

370 3612 417 3671 tate
432 3623 570 3695 elegantia,
588 3634 617 3676 ut
629 3624 665 3676 ait
677 3622 726 3676 Or.
754 3626 856 3678 Vocem
871 3626 951 3697 quasi
966 3624 1063 3677 omittit
1079 3643 1141 3677 cum
1153 3622 1224 3675 Gud.
1236 3622 1268 3675 B.
1286 3621 1367 3674 Drsd.
1375 3626 1400 3675 4.

370 3700 423 3760 Tum
439 3710 497 3764 Cre.
515 3715 540 3765 1.
559 3711 768 3780 circumseptus
786 3722 836 3779 est,
857 3713 929 3784 quod
948 3715 1058 3766 verbum
1078 3711 1148 3783 apud
1167 3711 1271 3763 Livium
1290 3709 1398 3782 quidem

369 3788 461 3864 legitur,
481 3819 532 3853 nec
551 3818 613 3851 vero
632 3801 703 3869 apud
723 3797 894 3853 Ciceronem.
929 3800 984 3852 Pro
1008 3800 1151 3851 babitandi
1178 3811 1215 3853 est
1233 3798 1354 3850 habitati
1372 3796 1399 3848 in

369 3877 457 3941 Gud.ss.
486 3888 524 3940 Ex
546 3888 612 3940 Cod.
625 3886 693 3940 Pitb.
706 3887 835 3942 Graevius
849 3889 964 3942 enotavit
981 3886 1211 3941 inhabitandi
1224 3888 1307 3952 locus,
1327 3885 1400 3957 quod

369 3973 458 4027 terbum
478 3975 632 4047 posterioris
650 3986 688 4028 est
706 3977 805 4030 aetatis.
843 3979 945 4030 Vocem
963 3995 1061 4028 omnem
1080 3975 1207 4028 omittunt
1227 3973 1277 4027 Or.
1299 3993 1322 4026 o.
1343 3973 1402 4025 lllr.

422 4066 466 4135 qui
483 4082 582 4115 omnem
601 4063 688 4115 orbem
706 4074 841 4117 terrarum
857 4084 939 4115 unam
958 4063 1048 4115 urbem
1066 4082 1121 4115 esse
1141 4064 1266 4130 ducunt.]
1302 4060 1402 4125 „Stoici

365 4144 440 4204 dicunt
457 4168 567 4211 omnem
588 4150 682 4202 orbem
701 4161 833 4203 terrarum
852 4170 934 4205 unam
954 4151 1048 4203 urbem
1067 4170 1129 4203 esse.
1167 4150 1226 4202 lloc
1248 4157 1335 4201 autem
1351 4145 1404 4198 So-

362 4239 476 4292 craticum
495 4249 542 4291 est.
578 4242 702 4290 Socrates
721 4240 789 4290 enim
807 4259 866 4291 cum
884 4250 1033 4310 rogaretur,
1052 4240 1167 4289 cuiatem
1178 4257 1206 4291 se
1225 4254 1281 4287 esse
1299 4236 1404 4295 diceret,

359 4327 631 4397 Mundonumirrquit.
652 4324 719 4393 [Cic.
739 4326 834 4381 Tusce.
852 4330 886 4392 V,
905 4330 949 4393 dl,
968 4330 1029 4380 1⁰8.
1053 4326 1098 4379 ubi
1124 4326 1174 4378 vid.
1201 4333 1293 4378 annot.
1322 4333 1403 4375 nostr.

353 4436 376 4489 p.
395 4418 445 4470 235
464 4435 505 4486 sq.
524 4413 558 4466 T.
577 4412 632 4482 lll.]
673 4416 767 4466 Totius
785 4418 853 4468 enim
872 4416 963 4467 ruendi
980 4434 1008 4468 se
1036 4415 1150 4467 incolam
1172 4423 1200 4464 et
1223 4412 1305 4462 civem
1330 4411 1405 4462 arbi-

349 4504 483 4558 trabatur.
521 4500 574 4553 Ubi
593 4502 668 4568 [ibid.
689 4515 749 4556 ante
770 4503 825 4571 illa]
846 4503 909 4557 illud
928 4505 1027 4558 Teucri
1046 4504 1148 4557 dictum
1176 4498 1278 4554 scribit:
1305 4500 1403 4551 Putria
