3517 5450
700 744 742 788 so
775 744 970 791 ransooxou
992 741 1065 805 ω.
1332 722 1405 799 353

351 899 506 954 hominibus
524 897 577 954 dici
597 898 714 953 solitam:
734 901 796 954 inde
816 913 918 974 patrem
939 915 965 957 et
983 915 1094 957 matrem
1114 904 1229 958 familiae
1249 917 1337 977 postea
1357 908 1408 963 hoc

351 989 462 1042 nomine
475 988 602 1059 famulos
620 988 775 1060 appellatos.
811 992 927 1043 Romani
943 1001 1054 1050 veteres,
1073 1003 1102 1045 ut
1119 991 1155 1045 ait
1168 991 1322 1048 Macrobius
1338 995 1408 1051 libro

350 1074 534 1130 Saturnalium
554 1075 659 1146 primo,
679 1095 780 1128 omnem
797 1077 910 1130 dominis
928 1079 1073 1144 invidiam,
1096 1097 1195 1132 ornnem
1213 1084 1298 1134 servis
1313 1095 1408 1136 contu-

351 1162 457 1214 meliam
475 1163 662 1229 detrahentes,
692 1163 826 1217 donuinam
846 1176 954 1236 patrem
972 1166 1116 1237 familias,
1140 1186 1230 1220 servos
1251 1169 1409 1240 familiares

351 1250 569 1320 appellaverunt.
617 1250 648 1302 ln
676 1269 813 1305 servorum
841 1263 929 1306 autem
948 1252 1046 1307 familia
1066 1254 1137 1307 aliud
1156 1253 1269 1308 aliorum
1288 1256 1408 1310 ollicium

351 1351 404 1407 est,
423 1338 468 1392 sed
489 1337 535 1410 qui
553 1336 700 1405 fideliores,
727 1337 926 1405 honoratiores,
955 1339 1081 1396 lautiores
1107 1352 1198 1407 erant,
1227 1342 1253 1395 bi
1277 1343 1409 1397 atrienses

351 1425 574 1497 appellabantur,
599 1425 671 1497 quod
697 1425 725 1478 in
752 1426 820 1479 atrio
845 1426 1017 1481 dominorum
1043 1429 1158 1495 divitias,
1181 1431 1269 1501 signa,
1296 1429 1407 1498 tabulas,

350 1513 481 1583 imagines
500 1511 633 1565 maiorum
653 1513 826 1567 custodirent.
873 1514 1112 1582 Quemadmodum
1140 1518 1186 1589 qui
1211 1530 1287 1572 erant
1305 1519 1408 1572 viliores

351 1610 377 1653 et
395 1598 552 1652 abiectiores
569 1600 724 1653 mediastini
741 1602 914 1670 dicebantur,
934 1604 1017 1677 quod,
1045 1604 1074 1656 in
1093 1605 1181 1657 medio
1200 1617 1305 1672 stantes,
1324 1608 1407 1678 parati

351 1698 437 1741 essent
457 1687 490 1741 ad
509 1688 632 1741 omnium
650 1688 772 1759 imperia.
822 1689 913 1744 Veluti
938 1692 965 1744 in
985 1691 1110 1744 domibus
1128 1690 1258 1745 nobilium
1278 1703 1340 1746 sunt
1357 1695 1423 1764 mi·¹

352 1775 444 1842 nistri,
470 1774 515 1847 qui
535 1775 615 1846 vulgo
634 1774 804 1847 appellantur
828 1778 921 1831 tamuti
940 1797 990 1849 per
1008 1789 1118 1831 cortem.
1160 1779 1303 1833 Nonnullis
1320 1791 1408 1833 autem

352 1864 454 1917 civibus
472 1864 590 1916 romanis
609 1873 662 1916 tam
682 1881 796 1933 magnae
814 1883 951 1917 serrorum
971 1864 1087 1917 familiae
1107 1875 1197 1931 erant,
1222 1876 1253 1919 ut
1269 1865 1308 1918 M.
1328 1865 1409 1919 Cras·

352 1971 408 2020 sus,
434 1962 545 2006 auctore
561 1950 707 2005 Plutarcho
733 1951 760 2003 in
782 1951 838 2005 eius
858 1951 925 2017 rita,
952 1951 986 2003 ad
1011 1952 1172 2021 quingentos
1196 1970 1284 2005 servos
1306 1950 1409 2006 fabrilis

352 2039 415 2093 artis
435 2050 462 2092 et
479 2037 671 2093 architecturae
690 2037 789 2109 peritos
807 2038 910 2091 emerit.
928 2066 962 2075 —
1005 2040 1049 2090 Ac
1067 2047 1099 2090 tu
1114 2040 1179 2108 pari
1196 2039 1331 2107 stultitia]
1379 2037 1407 2091 si

352 2128 492 2182 emendata
511 2126 590 2180 lectio
608 2136 661 2192 est,
681 2127 810 2181 sententia
830 2137 881 2179 est:
899 2125 943 2178 'l'u
964 2144 992 2178 es
1010 2124 1087 2178 simili
1107 2126 1229 2194 stultitia,
1248 2138 1328 2198 atque
1346 2138 1408 2179 suot

353 2215 419 2269 servi
439 2215 581 2281 atrienses,
606 2233 674 2286 quos
692 2213 766 2283 signa
786 2214 906 2285 aliaque,
936 2231 1004 2284 quae
1022 2213 1072 2284 ipsi
1099 2213 1126 2266 in
1152 2215 1219 2283 atrio
1247 2213 1406 2279 custodiunt,

353 2303 516 2358 delectant-‘⁶

433 2391 560 2462 Xystus
591 2388 786 2444 Betuleius:
834 2387 1022 2453 „Attiensium
1056 2407 1159 2442 summa
1198 2402 1254 2444 erat
1291 2390 1408 2444 auctori-

354 2490 406 2543 tas,
442 2478 515 2551 quod
543 2477 645 2531 domini
675 2478 780 2549 negotia
806 2489 995 2549 procurarent,
1029 2496 1069 2529 res
1098 2478 1201 2531 venales
1225 2477 1407 2545 distraherent,

354 2565 441 2619 debita
461 2566 611 2636 exigerent,
638 2577 663 2618 et
688 2567 715 2618 in
743 2566 809 2619 alios
827 2585 915 2619 servos
943 2585 997 2618 non
1027 2585 1122 2636 parum
1148 2566 1212 2618 iuris
1238 2579 1407 2637 usurparent:

354 2653 426 2723 qnod
446 2672 475 2706 ex
490 2653 577 2706 Plauti
588 2653 709 2707 Asinaria
728 2653 855 2724 cognosci
875 2664 969 2724 potest.
1007 2652 1131 2706 Arbitror
1150 2664 1175 2706 et
1192 2653 1317 2707 alimenta
1337 2666 1409 2708 cete-

353 2742 390 2794 ris
408 2742 487 2794 serris
505 2741 621 2794 dividere
639 2741 742 2809 solitos,
767 2753 794 2795 et
813 2741 877 2794 inde
896 2742 928 2793 ab
949 2740 1017 2794 atrio
1034 2760 1134 2794 nomen
1153 2742 1302 2814 sumpsisse.
1335 2741 1408 2796 Con-

352 2840 401 2883 stat
421 2830 492 2883 enim
512 2831 539 2882 in
558 2830 625 2883 atrio
644 2829 776 2901 sportulas
796 2828 950 2899 cibariaque
969 2827 1139 2882 distribuisse.
1177 2829 1249 2883 llaec
1267 2830 1362 2883 Alciat.
1380 2830 1407 2882 in

354 2918 371 2970 l.
393 2919 444 2971 2⁰3
463 2917 493 2970 fl.
518 2917 552 2970 de
576 2917 729 2970 Verborum
757 2918 845 2988 signis.
907 2915 962 2968 Nos
986 2916 1058 2969 enim
1085 2915 1198 2970 dicimus
1223 2917 1407 2987 Hosmeister:

354 3003 403 3056 nisi
425 3003 497 3074 quod
529 3002 612 3057 nostri
632 3004 731 3057 liberae
758 3004 921 3059 conditionis
949 3014 1018 3057 sunt
1037 3030 1071 3042 -
1108 3004 1202 3075 Aeque
1228 3004 1312 3055 servis
1339 3001 1407 3054 Nam

352 3093 504 3164 Martianus
522 3112 630 3165 quoque
648 3094 846 3148 iureconsultus
865 3093 942 3158 dicit,
968 3112 1104 3146 servorum
1125 3108 1206 3145 unam
1225 3090 1407 3144 conditionem

353 3202 424 3249 esse,
444 3183 590 3235 liberorum
611 3181 732 3236 multas.‘⁴
1358 3241 1366 3253 ,

425 3269 460 3322 D.
486 3270 689 3324 Lambinus:
729 3269 816 3325 Locus
844 3282 882 3322 est
906 3268 1051 3321 admodum
1085 3277 1242 3337 corruptus,
1274 3266 1352 3319 etiam
1380 3266 1407 3316 in

353 3358 551 3430 exemplaribus
567 3358 699 3428 antiquis,
728 3375 845 3427 quorum
872 3355 922 3407 alia
943 3354 1055 3407 habent:
1082 3354 1226 3415 atrienses,
1259 3361 1323 3402 actu
1347 3353 1409 3420 pari

353 3446 494 3500 stultitiae
512 3464 595 3506 suae,·
623 3444 686 3498 alia:
719 3444 794 3496 actui
819 3443 883 3511 pari
907 3440 986 3493 stult.
1006 3449 1072 3502 etc.;
1098 3438 1162 3491 alia:
1192 3437 1322 3488 atrienses
1347 3446 1409 3487 acto

349 3534 417 3604 pari
436 3545 501 3597 etc.;
530 3534 627 3604 quibus
650 3532 790 3604 scripturis
814 3541 868 3583 tam
897 3528 1065 3582 dissimilibus
1092 3528 1162 3580 inter
1187 3544 1214 3577 se
1240 3522 1348 3594 quidam
1373 3525 1408 3577 ita

354 3621 456 3674 mederi
478 3624 565 3675 conati
583 3631 660 3688 sunt,
688 3631 717 3673 ut
735 3618 913 3673 existimarent
938 3616 1035 3688 partim
1060 3611 1204 3685 legendum
1229 3610 1359 3661 atrienses
1377 3628 1410 3660 ac

355 3709 480 3777 topiarii:
501 3708 610 3780 partinr:
629 3708 759 3760 atrienses
778 3707 898 3757 actuarii
910 3716 969 3770 etc,
988 3704 1032 3757 sed
1047 3704 1153 3755 lrustra.
1191 3696 1313 3751 Omnino
1326 3715 1410 3768 quae-

355 3797 418 3850 dam
430 3789 519 3851 deesse
538 3796 667 3849 videntur.
702 3794 834 3848 Putabam
854 3794 923 3847 hanc
941 3812 996 3845 esse
1013 3790 1170 3845 sententiam
1180 3780 1319 3840 Ciceronis
1336 3802 1410 3837 cam·

357 3903 410 3955 que
425 3883 465 3937 bis
484 3884 569 3936 verbis
588 3882 698 3953 exprimi
718 3901 807 3953 posse:
826 3882 921 3954 Atque
939 3891 970 3932 ut
989 3881 1017 3932 in
1036 3897 1134 3952 magna
1147 3876 1262 3948 familia
1278 3884 1343 3927 sunt
1361 3872 1410 3923 ulii

355 3971 522 4023 honestiores
541 3989 573 4022 ac
592 3970 740 4033 lautiores,
758 3979 790 4021 ut
809 3968 861 4022 siti
880 3968 1020 4034 videntur,
1038 3969 1126 4027 servi,
1150 3964 1198 4017 sed
1224 3973 1314 4015 tamen
1332 3960 1410 4022 servi,

357 4068 390 4109 ut
410 4058 557 4109 atrienses:
579 4058 618 4108 sic
636 4057 718 4108 stulti
736 4076 833 4122 omnes,
852 4066 884 4107 ut
902 4066 943 4121 tu,
960 4072 1040 4125 pares
1058 4056 1131 4106 inter
1147 4071 1175 4104 se
1193 4048 1316 4103 stultitia
1326 4054 1408 4096 sunt:

356 4144 405 4196 sed
422 4155 513 4197 tamen
531 4144 662 4216 insigniar
679 4163 768 4197 eorum
785 4144 909 4197 stultitia
927 4153 985 4208 est,
1004 4161 1070 4214 quos
1087 4141 1166 4213 signa
1185 4150 1233 4191 etc.
1269 4133 1364 4202 Quid?
1388 4133 1409 4186 si
1431 4157 1437 4179 ι

357 4231 409 4286 hoc
427 4232 510 4284 modo
527 4230 661 4303 legamus:
686 4234 781 4305 Atque
800 4232 877 4283 utin
896 4248 995 4299 magna
1015 4229 1131 4301 familia
1157 4235 1222 4278 sunt
1241 4223 1290 4275 alii
1307 4222 1410 4274 lautio-

358 4338 409 4382 res,
427 4330 457 4371 ut
473 4319 525 4371 sibi
540 4319 676 4383 videntur,
694 4322 781 4373 servi:
800 4319 849 4372 sed
866 4329 956 4370 tamen
967 4318 1045 4382 servi,
1064 4326 1096 4366 ut
1108 4312 1214 4377 medici,
1233 4317 1409 4380 anagnostae,

357 4410 505 4459 atrienses:
525 4407 574 4457 alii
591 4408 720 4479 inferiore
738 4409 808 4472 laco,
827 4417 859 4458 ut
878 4403 1046 4458 irradiastini:
1066 4403 1108 4452 ita
1125 4396 1280 4468 copiosiores
1296 4394 1339 4446 illi
1350 4392 1409 4465 qui-

359 4495 415 4546 dem
434 4506 460 4546 et
482 4494 707 4561 abundantiores,
727 4497 774 4549 sed
787 4494 852 4567 pari
870 4493 994 4549 stultitia
1013 4498 1092 4548 sunt,
1112 4503 1177 4559 quos
1196 4486 1265 4539 etc-⁴⁶

1134 4573 1182 4647 23
