3517 5450
634 733 830 780 ιιιιιιιοιιοιι
854 735 901 780 ιιι.
933 735 1001 781 ιιι.
1027 737 1047 781 ι.
1294 714 1364 790 125

338 893 394 947 locos
408 892 506 946 Gernlr.
525 892 651 965 additque
677 891 768 943 Horat.
798 893 916 948 Cornum.
936 892 955 957 l,
976 896 1002 959 3,
1021 898 1069 947 24:
1097 896 1194 964 impiae
1219 915 1271 948 non
1301 908 1364 950 ton-

338 981 404 1050 genda
421 991 495 1032 rates
514 981 673 1032 transiliunt
695 981 781 1041 voela,
799 980 834 1032 lb.
854 979 873 1043 l,
894 984 936 1045 18,
955 985 988 1033 t:
1018 1000 1050 1032 ne
1070 983 1130 1053 quis
1149 983 1244 1035 modici
1260 988 1365 1039 transi-

337 1069 375 1120 liut
390 1086 495 1120 munera
514 1067 621 1118 Liberi:
642 1069 791 1121 Varronem
811 1069 890 1121 etiam
909 1068 942 1121 de
961 1069 990 1121 L.
1007 1069 1037 1120 L.
1058 1069 1127 1134 Vlll,
1146 1074 1176 1123 1;
1196 1075 1295 1124 Orator
1312 1092 1365 1124 non

337 1154 435 1208 deletio
454 1155 574 1208 omuibus
593 1157 635 1206 uti
653 1185 686 1196 -
707 1176 766 1208 cum
782 1163 879 1225 poitur
904 1157 1094 1209 transilire
1114 1158 1231 1211 lineos
1259 1162 1365 1229 impune

337 1245 429 1313 pomino
443 1244 488 1316 qul
499 1243 574 1296 locus
585 1246 613 1296 in
623 1243 672 1296 Ed.
682 1241 717 1297 Ο.
725 1243 832 1296 Miilleri
843 1255 881 1298 est
892 1245 920 1298 L.
929 1241 1033 1316 lX.§.5.
1046 1243 1094 1298 Ed.
1103 1243 1239 1316 Spengelii
1251 1247 1280 1300 L.
1288 1247 1333 1314 lX,
1342 1251 1366 1300 1.

337 1350 355 1400 p·
367 1334 420 1385 150.
456 1330 507 1384 Ed.
525 1330 594 1384 scat.
614 1332 712 1400 (Amet.
732 1352 755 1387 r.
773 1331 874 1385 Durdr.
895 1335 973 1387 1023.
993 1344 1019 1386 ει
1037 1333 1131 1402 1010.)
1151 1355 1174 1403 p.
1187 1337 1247 1388 102.
1285 1335 1366 1388 Addit

338 1417 415 1473 Geml.
436 1439 492 1473 non
514 1438 568 1473 esse
587 1420 685 1472 mirum
704 1421 837 1491 politicam
856 1419 927 1474 banc
947 1421 1092 1474 dictionem
1116 1441 1172 1474 non
1191 1423 1290 1493 repeti,
1320 1423 1364 1475 sed

338 1507 378 1560 eius
393 1506 450 1560 loco
469 1506 594 1577 deinceps
614 1507 751 1572 adhiberi,
770 1508 842 1579 quod
863 1509 995 1561 linearum
1016 1519 1094 1579 tropo
1115 1511 1317 1580 praetermisso,
1337 1511 1364 1562 in

340 1612 398 1663 prose
414 1596 537 1647 oratione
552 1606 590 1648 est
608 1596 728 1648 usitatius
747 1608 772 1649 et
790 1617 804 1648 a
823 1597 977 1651 semidoctis
995 1598 1088 1650 scribis
1114 1616 1128 1648 e
1147 1617 1221 1668 seqq.
1239 1599 1267 1650 in
1285 1617 1366 1669 supe·

340 1681 413 1736 dorem
432 1684 523 1736 locum
542 1683 612 1735 houd
631 1683 711 1736 dubie
729 1685 893 1739 trauslalum.
939 1684 1004 1738 Mihi
1024 1696 1113 1737 nutem
1132 1685 1215 1737 visum
1234 1695 1272 1738 est
1291 1687 1365 1737 resti-

340 1771 440 1825 undam
460 1791 516 1824 esse
534 1771 675 1825 lectionem
695 1774 825 1837 transire,
852 1772 925 1843 quod
951 1774 1012 1826 lecit
1042 1774 1121 1826 etiam
1146 1772 1206 1826 Ore
1236 1774 1364 1845 primum,

341 1858 392 1926 quod
419 1858 483 1912 baec
510 1871 548 1912 εει
572 1859 651 1912 lectio
674 1859 852 1930 plurimorum
883 1863 1103 1932 optimorumque
1130 1861 1262 1914 librorum
1289 1864 1365 1930 (nam

341 1947 452 1997 transilire
470 1946 568 2001 habent
587 1946 668 2000 modo
687 1946 737 2000 Or.
757 1949 788 2000 E.
807 1947 878 2001 Gud.
889 1950 928 2011 A„
946 1950 1063 1999 transire
1081 1959 1171 2000 autem
1189 1949 1285 2018 reliqui
1301 1969 1361 2000 cum

341 2027 389 2085 [lid.
405 2053 458 2104 pre.
478 2035 528 2087 Ed.
546 2055 589 2106 ap.
609 2035 693 2088 Meus.
711 2034 784 2090 Crat.
821 2035 914 2107 Magn.
929 2034 1004 2089 Mon.
1021 2036 1082 2089 Asc.
1102 2039 1179 2089 1511.
1217 2035 1296 2089 lldlb.
1313 2056 1333 2089 s.
1346 2037 1364 2088 l.

342 2128 359 2169 et
371 2139 389 2175 ι.
420 2123 480 2176 Par.
500 2142 519 2174 s.
536 2142 560 2175 a.
579 2123 647 2175 Vict.
665 2123 732 2177 [lob.
751 2123 842 2195 Steph.
860 2124 1010 2178 Α10.151Ί.
1027 2126 1105 2176 1552.
1124 2122 1157 2175 ll.
1167 2123 1252 2175 Wolf.
1272 2123 1364 2176 Lamb.

342 2203 438 2279 Coton.):
456 2210 554 2263 deinde
572 2210 635 2263 milri
654 2212 756 2265 videtur
775 2213 914 2265 transilire
940 2212 1072 2266 correctio
1097 2210 1208 2265 alicuius
1227 2223 1363 2266 correcto·

342 2294 366 2348 ris
378 2299 458 2368 paullo
477 2299 619 2364 doctioris,
638 2301 684 2372 qui
703 2300 887 2367 Graecorum,
907 2319 975 2372 quae
989 2299 1094 2353 laudata
1111 2311 1173 2352 sunt
1190 2318 1279 2371 supro,
1299 2318 1363 2370 pro·

342 2387 466 2442 mdiorum
484 2389 686 2453 recordaretur,
705 2391 732 2443 in
752 2392 848 2462 quibus
861 2402 899 2444 est
918 2393 1005 2460 πηδᾶν
1023 2400 1049 2443 ει
1066 2383 1210 2453 illinon,
1229 2407 1281 2441 uec
1300 2406 1362 2440 vero

342 2487 460 2544 epularet,
483 2497 539 2530 non
558 2478 591 2529 de
610 2497 689 2531 cursu
709 2489 734 2532 et
752 2479 898 2531 certamine
917 2477 992 2548 loqui
1011 2476 1184 2539 Ciceronem,
1201 2475 1246 2528 sed
1264 2475 1298 2527 de
1312 2476 1361 2529 vita

341 2560 501 2635 donandam
521 2566 595 2637 quasi
615 2584 739 2618 normam
768 2565 919 2619 vellineam
949 2563 1066 2634 agenda,
1094 2582 1173 2634 quam
1194 2562 1291 2615 lineam
1311 2565 1363 2616 rni-

341 2652 602 2724 gurepwapaoov)
621 2654 638 2705 i.
657 2672 681 2706 e.
700 2654 816 2705 transire
842 2671 896 2704 non
917 2651 1000 2704 licent.
1045 2648 1092 2702 Sic
1117 2647 1173 2702 Cio.
1200 2649 1232 2700 ad
1258 2649 1363 2703 Famm.

341 2738 364 2804 V.
377 2744 418 2795 1²:
435 2744 482 2815 qui
500 2742 580 2794 semel
597 2744 771 2794 verecundiae
784 2743 857 2811 fines
876 2741 1026 2793 transierit.
1046 2767 1079 2778 -
1098 2740 1190 2790 Finem
1211 2749 1239 2789 et
1258 2739 1362 2789 niodum

341 2831 430 2881 tranire
449 2829 512 2883 dirit
531 2827 586 2881 Cic.
609 2829 643 2881 de
671 2829 729 2882 Off.
748 2830 767 2895 l,
787 2832 910 2895 20,102.
956 2825 1082 2880 Ceterum
1110 2845 1161 2898 pro
1187 2825 1273 2877 lineas
1301 2838 1364 2880 suut

341 2915 372 2982 qui
385 2916 516 2971 exhibeant
534 2919 644 2980 lineam,
670 2915 736 2971 Cod.
762 2915 821 2969 Cre.
840 2920 865 2970 1.
893 2916 973 2969 Drsd.
993 2919 1019 2970 1.
1039 2918 1065 2969 3.
1093 2915 1154 2969 Asc.
1172 2918 1268 2977 1511.;
1295 2933 1364 2966 unus

341 2999 387 3056 cod.
400 3004 475 3059 Drsd.
495 3010 521 3059 4.
548 3004 627 3058 babet
644 3006 729 3057 lineos
753 3007 877 3060 transire.
904 3003 962 3057 Cro.
981 3010 1005 3057 2.
1031 3003 1108 3056 babet
1133 3002 1264 3075 siquidem
1289 3021 1361 3072 pee-

341 3103 474 3157 lmese,
494 3091 553 3145 Cre.
572 3096 597 3145 1.
621 3094 766 3157 transsire,
793 3092 865 3164 quod
895 3093 976 3164 possit
1002 3091 1097 3163 aliquis
1125 3111 1175 3163 pro
1201 3092 1362 3163 compendio

342 3174 391 3229 'tels
404 3179 554 3231 transsilire
572 3179 678 3232 habere.
713 3179 755 3232 De
772 3201 795 3249 ιι.
812 3199 923 3250 peccare
940 3181 992 3234 vid.
1009 3180 1180 3234 Doederlein.
1199 3181 1216 3234 l.
1236 3201 1258 3234 c.
1276 3181 1309 3234 T.
1330 3179 1362 3232 ll.

341 3266 462 3327 Ρ·110.ει
481 3268 515 3320 de
533 3267 683 3321 dillerentiu
704 3269 845 3321 verborum
864 3269 959 3337 culpa,
980 3278 1121 3336 peccatum
1139 3279 1165 3321 et
1183 3268 1307 3320 similium
1327 3268 1362 3319 cf.

340 3345 394 3407 toln.
410 3355 520 3410 Jahrbb.
541 3358 619 3409 1829.
639 3356 681 3407 lll.
702 3376 728 3427 p.
747 3359 790 3410 33.
827 3355 886 3407 Μι.

388 3445 455 3511 quod
472 3463 555 3515 quum
567 3443 685 3514 feceris,
703 3444 782 3512 culpa
803 3443 940 3495 commisso
967 3444 1029 3509 est.]
1065 3440 1116 3493 Th.
1139 3440 1240 3506 Bentt„
1264 3442 1311 3512 qui
1336 3441 1363 3491 in

339 3519 371 3579 ll·
385 3530 446 3586 llob.
466 3531 574 3603 steph„
594 3551 662 3603 quae
682 3530 852 3584 victorianae
873 3539 911 3582 εει
932 3529 1055 3599 repetitio
1074 3548 1129 3581 non
1145 3547 1252 3599 semper
1268 3526 1362 3592 fidelis,

338 3618 450 3684 reperisset
468 3621 587 3693 quodsi
606 3639 687 3691 quum
703 3620 820 3691 feceris,
847 3618 898 3671 hoc
923 3618 1011 3685 dedit,
1038 3617 1150 3670 Victorii
1176 3616 1317 3668 lectionem
1335 3634 1363 3667 se

338 3701 454 3762 reddidisse
482 3708 647 3774 existimans,
676 3708 767 3761 nescio
785 3726 866 3778 quem
886 3707 1044 3778 elegantiam
1069 3705 1217 3775 amplexus,
1242 3723 1361 3757 errorem

338 3802 388 3847 tute
403 3796 492 3851 neseio
520 3796 596 3849 euius
613 3795 737 3848 Ciceroni
757 3796 912 3851 obtrudens.
949 3794 1018 3848 Cod.
1036 3793 1108 3847 Gud.
1127 3793 1157 3846 B.
1185 3792 1264 3845 habet
1291 3792 1363 3863 quod

337 3895 396 3945 quum
420 3886 534 3955 sacis.
580 3885 700 3937 Verbum
728 3894 769 3936 est
800 3896 859 3955 post
890 3885 1026 3935 commissa
1059 3882 1185 3935 omittunt
1210 3882 1268 3932 Cre.
1286 3882 1312 3933 3.
1337 3889 1363 3931 ει

334 3960 392 4026 lind.
408 3978 433 4027 4.
478 3971 541 4025 Mor
567 3972 748 4043 progrediaris
779 3969 847 4024 Cod.
878 3970 957 4023 Drsd.
981 3975 1008 4024 5.
1051 3969 1121 4022 Τιιιιι
1149 3967 1234 4021 codd.
1260 3969 1318 4019 Cro.
1337 3967 1362 4017 1.

331 4050 390 4113 flod.
407 4064 431 4114 1.
451 4066 476 4113 2.
496 4064 522 4115 3.
541 4058 648 4112 Suerin.
694 4058 761 4113 On.
781 4079 874 4112 omnes
900 4069 1008 4129 excepto
1026 4056 1059 4110 N.
1085 4077 1167 4129 quum
1184 4056 1263 4109 semel
1280 4055 1362 4105 hinc

331 4150 468 4209 transiens,-
488 4157 550 4201 octo
569 4148 629 4200 Atdi
648 4147 762 4201 Manutii
782 4148 924 4201 transieris
942 4149 1044 4209 hunc,
1064 4145 1118 4198 duo
1136 4146 1187 4198 liic.
1223 4143 1283 4195 Μι.

381 4238 418 4286 ad
435 4236 588 4307 aagendam
607 4237 767 4288 transeundi
785 4238 903 4307 culpam]
924 4237 999 4301 „Vox
1017 4234 1178 4286 transeundi
1196 4250 1251 4284 non
1276 4231 1358 4281 estin

330 4320 365 4376 'ol
381 4342 434 4377 εεε.
454 4334 480 4377 ει
498 4334 536 4376 εει
547 4322 665 4394 alioquin
680 4324 790 4377 otiosa.“
809 4325 877 4378 Gru'
888 4336 949 4378 ter.
984 4320 1034 4390 „td
1048 4320 1157 4393 quidem
1168 4319 1361 4372 verissimums⁴

330 4410 426 4469 iraev.
479 4410 613 4464 Gruterus
637 4412 797 4465 transeundi
821 4430 1048 4484 supervacaneum
1077 4409 1200 4480 putabat,
1231 4402 1360 4458 Graevius

330 4501 407 4557 elevit.
444 4502 568 4554 Fortasse
590 4499 686 4554 Cicero
704 4500 807 4571 scripsit
827 4502 998 4552 tronsetmrlis
1017 4494 1204 4565 [volebatErn.
1216 4503 1361 4544 transeun-
