3517 5450
359 701 381 773 2
689 723 861 771 nauanoxa
890 703 1083 769 srorconmr.

360 894 612 975 rogatiunculis,
650 894 742 974 quasi
776 895 921 974 punctis,
957 891 1046 972 quod
1081 890 1270 971 proposuit,
1305 890 1369 954 ellit

362 1031 426 1095 Sed
454 1031 533 1095 nibil
565 1035 614 1093 est
645 1034 710 1093 tam
738 1028 947 1103 incredibile,
982 1026 1072 1106 quod
1098 1043 1166 1088 non
1192 1025 1369 1090 dicendot

360 1166 548 1248 probabile:
592 1166 670 1228 nibil
699 1170 766 1228 tam
792 1164 981 1241 borridum,
1015 1167 1082 1226 tam
1113 1163 1289 1238 incultum,
1325 1181 1368 1243 qu

360 1320 427 1367 non
448 1301 652 1384 splendescat
673 1301 824 1365 oratione
843 1303 874 1362 et
893 1301 1059 1378 tamquam
1080 1298 1260 1360 excolatur.
1315 1295 1368 1374 Qu

360 1456 434 1502 cum
461 1438 506 1500 ita
531 1441 692 1517 putarem,
719 1435 782 1500 leci
808 1436 906 1498 etiam
934 1433 1101 1510 audacius,
1127 1449 1227 1514 quam
1251 1432 1309 1494 ille
1333 1432 1366 1512 ip

360 1573 400 1636 de
428 1590 495 1653 quo
522 1574 652 1652 loquor.
710 1570 792 1636 Galo
821 1573 909 1634 enim
936 1571 1096 1635 duntaxat
1121 1568 1162 1630 de
1187 1566 1369 1660 magnitudi

360 1706 477 1792 animi,
506 1707 546 1769 dc
572 1708 791 1785 continentia,
817 1707 858 1769 de
885 1710 1009 1780 morte,
1036 1705 1077 1769 de
1103 1705 1195 1768 omni
1219 1706 1321 1768 laude
1346 1723 1368 1769 v¹

361 1840 447 1917 tutis,
475 1841 516 1904 de
543 1841 603 1904 diis
631 1842 881 1918 immortalibus,
908 1824 949 1902 de
975 1841 1110 1903 caritate
1140 1841 1277 1920 patriae,
1305 1839 1369 1904 Stoi

359 1979 452 2052 solet,
479 1979 632 2043 oratoriis
654 1979 856 2051 ornamentis
877 1977 1041 2071 adhibitis,
1068 1975 1187 2039 dicere.
1239 1975 1312 2055 Ego
1332 1993 1369 2038 ve

360 2113 415 2176 illa
435 2114 517 2193 ipsa,
544 2131 629 2192 quae
655 2115 712 2176 vix
739 2115 771 2176 in
799 2113 975 2193 gymnasiis
1003 2117 1036 2175 et
1062 2074 1188 2176 motio
1210 2112 1313 2177 Stoici
1332 2132 1369 2194 pr

360 2250 455 2324 bant,
489 2248 605 2311 ludens
627 2250 753 2330 conjeci
780 2250 813 2311 in
840 2265 1031 2311 communes
1058 2250 1160 2313 locos.
1213 2248 1310 2327 Quae
1336 2267 1369 2330 qr

360 2387 435 2447 sunt
471 2382 677 2449 admirabilia
710 2390 892 2466 contraque
930 2386 1120 2466 opinionem
1159 2385 1328 2465 omnium,

360 2520 437 2599 ipsis
459 2520 558 2582 etiam
582 2504 782 2617 παράδοξα
808 2523 1032 2603 appellantur3
1057 2526 1184 2585 tentare
1206 2523 1308 2597 volui,
1334 2540 1369 2603 pt

359 2660 473 2719 sentne
498 2657 640 2738 proferri
663 2658 698 2720 in
721 2659 839 2737 lucem,
865 2657 899 2719 id
922 2661 980 2734 est,
1005 2658 1039 2719 in
1066 2657 1186 2747 lorum,
1212 2662 1245 2721 et
1269 2658 1315 2722 ita
1337 2657 1369 2720 di

359 2795 396 2854 ut
424 2792 661 2872 probarentur,
698 2811 741 2858 an
774 2797 839 2860 alia
865 2793 1029 2876 quaedam
1056 2798 1141 2857 esset
1167 2794 1313 2872 erudita,
1345 2794 1369 2859 a}

359 2928 529 3007 popularis
556 2930 680 2993 oratio:
714 2946 823 3011 eoque
856 2930 971 3010 scripsi
1003 2930 1173 3006 libentius,
1210 2929 1369 3010 quodni

358 3061 429 3138 ista,
455 3046 656 3156 παράδοξα
684 3083 770 3146 quae
795 3068 971 3147 appellant,
997 3067 1141 3131 maxime
1163 3066 1318 3133 videnlur
1338 3086 1369 3134 es

349 3191 526 3262 ‘Socratica
549 3199 713 3280 longeque
733 3202 915 3266 verissima.
965 3204 1114 3284 Accipies
1131 3204 1231 3283 igitur
1248 3205 1316 3269 hoo
1333 3221 1369 3287 pa

358 3350 434 3398 vum
470 3337 683 3415 opusculum,
720 3338 926 3404 lucubratum
961 3342 1012 3406 bis
1037 3341 1108 3422 Jam
1136 3342 1369 3430 contractiorib‘

355 3470 525 3534 noctibust
551 3474 710 3552 quoniam
735 3475 815 3539 illud
840 3478 1004 3542 maiorum
1026 3478 1211 3576 vigiliarum
1234 3498 1351 3546 munus

356 3606 415 3666 tuo
447 3605 584 3668 nomine
612 3609 781 3688 apparuit:
816 3615 849 3674 et
875 3612 1062 3692 degustabis
1087 3632 1189 3695 genus
1219 3616 1286 3681 boc
1312 3632 1368 3681 exe]

356 3738 548 3802 citationum
575 3758 699 3820 earum,
726 3745 844 3825 quibus
869 3750 917 3811 uti
943 3745 1111 3828 consuevi,
1136 3768 1213 3815 oum
1238 3770 1290 3831 ea,
1324 3766 1369 3833 qur

355 3858 567 3940 dicunturin
599 3879 719 3943 sobolis
751 3872 919 3966 θετικοί,
952 3886 995 3948 ad
1027 3892 1178 3951 nostrum
1203 3889 1270 3953 boc
1295 3891 1369 3954 orat

354 4011 440 4074 rium
475 4013 637 4078 transiero
673 4016 800 4082 dicendi
834 4036 946 4098 genus.
1008 4022 1080 4086 Hoc
1112 4028 1223 4087 lamen
1258 4020 1369 4107 opusi

354 4150 525 4228 acceptum
554 4156 590 4212 ut
615 4151 757 4231 referas,
783 4155 864 4220 nibil
891 4158 1041 4237 postulo:
1074 4176 1142 4223 non
1168 4164 1218 4223 est
1243 4161 1369 4235 enim,¹

354 4280 389 4345 in
413 4301 491 4348 arce
516 4285 596 4364 poni
626 4288 746 4367 possit,
781 4293 876 4370 quasi
902 4294 959 4358 illa
984 4294 1133 4359 Minerva
1159 4296 1311 4360 Pbidiae:
1340 4306 1368 4355 se

355 4418 479 4496 lamen,
505 4425 541 4483 ut
567 4438 609 4483 cx
636 4422 752 4485 eadem
779 4426 914 4493 officina
940 4430 1048 4494 exisse
1074 4438 1241 4510 appareat.
