3517 5450
364 710 437 785 252
687 734 858 782 ausinora
887 733 1080 783 srorconuu.

362 895 433 947 Gud.
454 893 483 948 B.
504 893 649 945 observas?
685 892 727 945 At
752 893 830 945 rerba
849 912 926 964 quem
944 903 1041 944 nutum
1060 922 1094 932 -·
1114 893 1172 946 orbi
1201 894 1276 947 aenis
1303 913 1357 946 non
1382 893 1424 946 ob-

360 992 452 1034 servat
473 981 564 1034 similis
582 1000 689 1034 morum
709 982 886 1053 perversitatis
903 993 928 1034 et
941 981 1122 1053 corruptionis
1139 981 1261 1052 exempla
1272 982 1334 1034 vide
1353 1002 1419 1035 cou-

359 1080 430 1141 gesta
450 1070 476 1122 in
496 1068 631 1140 symbolis
650 1067 683 1121 G.
702 1068 814 1121 Erhardi
836 1069 868 1122 ad
889 1070 1060 1135 Petronium,
1079 1070 1106 1121 in
1126 1069 1239 1141 Sylloge
1259 1073 1373 1122 Annott.
1391 1080 1415 1122 et

360 1159 437 1211 Obss.
456 1158 483 1210 in
502 1157 612 1210 Peteon.
631 1157 685 1225 (td
706 1157 771 1211 calc.
790 1157 839 1210 Ed.
857 1157 980 1211 Weehel.
999 1158 1021 1210 F
1023 1157 1090 1211 rcof.
1107 1160 1188 1212 1621.
1209 1159 1249 1226 8.)
1270 1179 1298 1228 p.
1313 1161 1365 1211 265
1379 1176 1414 1226 sq.

360 1245 389 1296 M
397 1266 418 1298 r.
437 1275 470 1285 -
491 1245 576 1311 „Erat
593 1246 664 1316 apud
682 1245 818 1299 Romanos
830 1257 929 1299 veteres
949 1257 1167 1300 testamentorum
1187 1246 1306 1300 libertas.
1343 1245 1407 1297 Alie·

361 1353 425 1385 num
444 1334 533 1398 enim,
554 1345 583 1386 ut
601 1333 801 1405 propinquum,
833 1334 958 1388 heredem
986 1336 1075 1388 facere
1099 1333 1225 1387 licebat.“
1251 1333 1323 1387 Fre.
1341 1332 1405 1403 syt-

359 1423 441 1474 vius.
459 1449 492 1460 -
538 1420 628 1489 Quem
660 1422 692 1474 ad
719 1423 797 1475 rerba
827 1424 894 1494 quid
919 1423 1075 1494 iniquitatis
1102 1421 1193 1476 laudat
1220 1420 1358 1475 Ciceronis
1378 1419 1403 1470 de

359 1508 425 1580 Rep.
445 1510 542 1563 Franc.
566 1509 671 1580 Sylvius
697 1509 787 1563 locum
814 1530 843 1562 ex
863 1510 932 1563 Non.
956 1509 1102 1563 Marcello:
1133 1511 1259 1561 Iniustas
1278 1505 1403 1559 servitutis

358 1616 444 1668 genus
462 1608 518 1660 ast,
543 1616 603 1647 cum
621 1598 650 1648 lu'
667 1608 733 1648 sunt
751 1598 878 1654 alterius,
898 1598 945 1669 qui
962 1599 1007 1649 sui
1023 1606 1138 1666 possunt
1156 1615 1213 1648 esse
1232 1625 1270 1634 -
1287 1612 1358 1647 nunc
1372 1602 1400 1644 est

359 1688 392 1738 dc
410 1686 477 1756 Rep.
497 1684 540 1748 ΙΙΙ,
560 1688 602 1738 25.
620 1705 646 1755 p.
663 1688 725 1739 389.
744 1685 785 1738 ed.
805 1697 887 1738 nostr.
922 1684 981 1738 ΜΓ.

430 1773 551 1844 loquitur
571 1773 609 1823 orl
626 1773 818 1841 volurrtntem,]
852 1772 919 1839 „Sic
937 1791 1041 1826 norem.
1078 1771 1127 1823 Aa
1150 1770 1332 1838 voluptutem,
1359 1787 1397 1819 ser.

359 1861 407 1911 Aa
420 1860 582 1929 uoluptates,
601 1859 663 1913 duo.
695 1861 742 1911 Ad
759 1861 924 1923 uoluntates,
941 1863 1037 1912 uuus.“
1057 1858 1129 1911 Atd.
1151 1861 1237 1911 Man.
1274 1855 1395 1926 Quosdam

359 1946 440 2001 libros
457 1947 555 2001 hahere
573 1949 612 1998 o'd
629 1950 795 2017 voluptatem
814 1961 925 2002 monent
943 1948 1022 2002 etiam
1034 1947 1126 1999 Lamb.
1147 1958 1173 2000 et
1191 1944 1395 2016 Sylb.Posterior

358 2035 431 2088 addit
462 2036 708 2106 interpretationem
734 2036 865 2090 Graecam
899 2037 1110 2106 χαριτογλωσσετ.
1137 2037 1211 2106 Xyst.
1237 2034 1322 2088 Betul.
1344 2031 1395 2102 opit

355 2121 433 2194 χάριν
449 2125 542 2189 Myro,
560 2119 752 2193 χρηστοὶογετν.
790 2124 850 2177 Mr.
954 2113 958 2119 ‚

428 2213 551 2284 loquitur
569 2213 607 2263 od
624 2213 818 2279 voluntatem]
847 2209 915 2263 Cod.
932 2209 1011 2263 Drsd.
1030 2215 1055 2265 5.
1074 2210 1213 2282 aliquis
1231 2211 1285 2282 loq.
1309 2210 1344 2261 od
1359 2227 1394 2260 uo·

358 2302 499 2352 luntotem.
536 2299 613 2351 Drsd.
633 2303 658 2351 1.
679 2301 704 2353 3.
727 2299 778 2369 loq.
798 2299 836 2348 od
852 2297 927 2348 eius
946 2299 1129 2361 voluntatum
1162 2296 1271 2350 Suerin.
1289 2295 1394 2367 loquitur

358 2388 410 2438 att
418 2407 457 2440 us
481 2389 519 2438 ad
544 2387 717 2440 voluntatem.
764 2386 844 2438 Bern.
871 2385 931 2438 Bas.
951 2383 1022 2438 Gud.
1041 2387 1073 2438 Α.
1101 2386 1132 2440 Β.
1157 2404 1220 2440 cum
1246 2383 1310 2439 Osa.
1330 2383 1359 2436 N.
1374 2401 1392 2436 o.
1423 2453 1426 2457 ἢ

357 2475 408 2547 loq·
427 2476 466 2526 ud
483 2476 723 2544 voluptatem,
741 2474 774 2527 de
793 2494 846 2546 qua
865 2474 1038 2540 confusione,
1058 2492 1126 2544 quae
1145 2475 1226 2526 etiam
1252 2473 1338 2526 locum
1355 2469 1392 2521 lu-

357 2564 401 2615 bet
419 2563 452 2615 de
468 2563 535 2634 Rep.
554 2563 573 2629 Ι,
594 2568 618 2616 2.
638 2584 664 2634 p.
684 2567 727 2618 13.
744 2563 783 2616 ed.
803 2548 900 2629 nostr„
925 2564 978 2614 iam
996 2581 1077 2633 supra
1096 2562 1260 2614 monuimus.
1295 2559 1351 2612 Mt.

428 2651 556 2722 quicquid
575 2651 763 2702 denuntiatum
781 2664 837 2715 est,
850 2652 955 2722 facist]
983 2650 1148 2701 Nuntiatum
1167 2648 1267 2702 habent
1288 2646 1359 2700 Drsd.
1375 2649 1394 2699 5.

357 2738 416 2790 Bas.
435 2737 501 2790 Edd.
518 2736 592 2791 Man.
613 2741 691 2793 1555.
709 2750 735 2791 et
753 2740 814 2793 Ald.
834 2743 919 2804 1552,
952 2737 1015 2791 iude
1037 2737 1113 2808 sylb.
1139 2737 1212 2790 uude
1242 2737 1321 2791 habet
1345 2735 1391 2788 llld.

357 2824 430 2877 Man.
454 2824 480 2876 in
506 2824 630 2879 lemmate
653 2828 849 2892 annotationis,
878 2847 930 2898 qua
956 2838 1060 2894 monet,
1093 2827 1286 2878 &nuntiatum
1313 2826 1394 2879 lubere

356 2931 417 2964 suos
436 2932 537 2966 omnes.
574 2913 651 2967 Unus
669 2914 739 2967 Gud.
759 2914 791 2967 A.
810 2914 914 2968 exhibet
932 2914 1154 2966 denuntiandum.
1191 2913 1303 2965 Correai
1321 2924 1393 2963 auten

356 3012 397 3052 est
416 3004 520 3072 prosit
538 3000 624 3072 (quod
644 3002 722 3074 plane
742 3003 866 3064 omissum
887 3013 926 3056 est
942 3003 970 3054 in
989 2999 1057 3054 Cod.
1074 2998 1134 3052 Cra.
1145 2999 1184 3068 1.)
1203 3020 1233 3051 er
1253 3019 1313 3052 vera
1331 2995 1395 3051 Mad·

357 3089 417 3159 rigii
450 3089 693 3155 animadversione,
725 3091 771 3161 qui
802 3092 834 3143 ad
861 3090 917 3143 Cic.
945 3088 978 3140 de
1006 3088 1086 3140 Finn.
1105 3087 1148 3151 ΙΙΙ,
1168 3092 1212 3152 11,
1232 3091 1276 3142 58.
1307 3087 1395 3157 ρ.116

357 3174 542 3246 „Saepissime‚
561 3176 655 3248 iuquit,
674 3177 774 3231 librarii
794 3179 872 3231 etiam
892 3178 920 3230 in
941 3177 1059 3248 antiquis
1068 3174 1216 3229 (lodicibus
1236 3196 1265 3228 ex
1280 3178 1394 3246 scriptura

356 3273 393 3315 ’st
411 3264 475 3335 (pro
494 3268 548 3333 est)
569 3265 718 3319 effecerunt
735 3267 785 3332 sit,
808 3266 884 3319 cuius
910 3265 1015 3335 generis
1033 3263 1130 3317 menda
1150 3264 1232 3316 etiam
1257 3282 1332 3315 nunc
1353 3277 1395 3313 nou

357 3370 440 3423 pauca
459 3351 575 3406 tollenda
593 3354 700 3406 suntin
720 3351 858 3406 Ciceronis
876 3352 980 3428 scriptis
998 3352 1142 3406 certissima
1162 3352 1295 3406 orationis
1312 3349 1395 3421 regula,

356 3440 426 3492 velut
444 3468 479 3479 -
499 3471 532 3479 ——
550 3440 645 3492 Parad.
658 3442 691 3506 V,
710 3444 768 3495 39.;
785 3441 918 3513 quidquid
927 3439 1200 3503 denuntiatumsit,
1215 3441 1321 3511 fucit.“
1349 3436 1395 3488 Vid.

355 3524 536 3597 Conspectum
555 3526 682 3598 Orthogr.
703 3527 770 3581 Cod.
789 3527 874 3581 Vatic.
893 3528 1038 3597 (librorum
1057 3528 1091 3581 de
1110 3528 1176 3598 Rep.
1196 3548 1223 3599 p.
1242 3531 1306 3584 623.
1323 3528 1348 3580 b.
1364 3523 1395 3575 ed·

356 3624 436 3666 nostr.
456 3615 520 3686 ibiq.
539 3614 627 3670 laudd.
649 3616 694 3668 ubi
723 3617 827 3688 corrige
854 3617 979 3689 paginam
1006 3616 1125 3669 laudatae
1150 3614 1201 3668 Ed.
1227 3616 1317 3669 Beieri
1333 3614 1395 3667 Orat

356 3698 413 3752 Cle.
435 3721 483 3771 pro
502 3702 605 3755 Scauro
625 3707 726 3775 pitto.
745 3706 808 3775 (pro
822 3706 905 3773 tou).
924 3704 983 3759 Mr.
1020 3705 1240 3769 „Denuntiatum
1260 3703 1340 3758 habet
1355 3702 1394 3752 vlu

355 3787 530 3857 singularem:
559 3802 597 3844 est
627 3792 698 3844 enim
724 3793 798 3864 quasi
827 3795 978 3847 nuntiatum
1006 3812 1021 3845 a
1048 3791 1189 3863 superiore
1212 3792 1349 3868 interiori,
1374 3798 1395 3840 ¹⁸1

357 3874 521 3941 mandatum,
540 3877 731 3948 imperatum.“-
747 3878 849 3953 Wytt.
886 3880 1039 3953 Imperandi
1053 3879 1213 3951 significatio
1224 3880 1252 3933 in
1273 3880 1350 3933 verbo
1359 3877 1394 3927 de·

356 3963 503 4014 uuntiandi
520 3964 596 4032 inest,
615 3968 827 4040 quotiescunque
844 3969 884 4021 vel
903 3981 935 4021 ut
953 3970 1073 4040 sequitur
1091 3967 1130 4020 vel
1146 3966 1393 4023 Coniunctirussiue

358 4051 570 4110 C0nluncllone›
605 4055 681 4109 cuius
716 4076 779 4111 usus
805 4059 923 4130 exempla
949 4058 987 4109 vel
1016 4056 1108 4109 Lexica
1137 4056 1324 4126 suppeditant:
1355 4050 1392 4103 nd.

356 4138 471 4192 Schiitzii
489 4140 549 4192 Lex.
568 4139 692 4196 Ciceron.
710 4144 743 4199 T.
760 4146 792 4201 ll.
811 4146 842 4199 P.
862 4146 892 4199 ΙΙ.
911 4165 937 4215 p.
957 4148 1001 4198 56.
1036 4143 1093 4195 Mr.
1282 4205 1285 4210 ι

428 4230 594 4296 assectatur]
627 4231 705 4298 „MS.
724 4236 910 4289 assentatur.“
928 4232 1048 4286 Graes.
1076 4230 1164 4287 codd.
1196 4232 1264 4286 On.
1284 4231 1315 4284 E.
1333 4229 1351 4284 Ι.
1367 4224 1390 4277 U·

357 4336 380 4382 η.
401 4334 429 4375 ψ.
449 4320 506 4370 Cra.
526 4321 551 4371 1.
570 4324 596 4374 3.
623 4320 684 4375 Exc.
704 4322 771 4393 Eyb.
800 4324 849 4377 Ed.
873 4343 916 4394 ap.
944 4321 1029 4374 Meus.
1056 4320 1124 4373 Edd.
1150 4339 1207 4390 prc.
1227 4324 1307 4375 1465.
1333 4321 1387 4370 Crat·

357 4404 447 4474 Magn.
468 4408 543 4464 Man.
561 4407 640 4464 lldlb.
661 4411 725 4480 Arg.
746 4424 770 4465 et
789 4424 894 4465 nostrae
913 4411 969 4463 lere
988 4426 1096 4474 omnes,
1115 4408 1231 4479 exceptis
1252 4410 1320 4463 vict.
1335 4404 1386 4458 flat.

359 4492 449 4561 Steph.
469 4501 603 4550 Camerar.
624 4497 723 4553 Sturm.
742 4512 767 4553 et
786 4502 882 4557 Colon.
901 4501 998 4554 habent
1022 4495 1087 4555 illud
1106 4508 1282 4563 assentatur,
1308 4513 1384 4577 perpe-
