3517 5450
479 717 642 767 excursus
662 719 707 765 xr.
743 719 784 764 ao
812 716 1010 765 rauauoxou
1034 715 1121 781 v1,2·
1253 691 1325 766 361

271 879 429 952 ceteroquin
449 879 658 951 elegantissimos
675 892 701 934 et
718 878 943 950 ingeniosissimos
962 878 996 932 ita
1017 878 1140 932 hariolari
1170 877 1234 948 (uisi
1253 877 1328 931 malis

272 967 437 1034 halucinari)
458 967 582 1038 potuisse.
619 967 680 1020 Non
700 967 789 1038 inepte
805 967 1012 1020 Morisotus:
1040 985 1204 1038 quamquam
1223 967 1325 1019 sontem

271 1056 371 1109 erroris
390 1074 446 1108 non
465 1054 536 1108 vidit.
579 1054 768 1108 Lambinus
786 1055 853 1107 iusto
872 1054 1000 1108 audacius
1016 1073 1072 1107 rem
1086 1054 1173 1125 gessit,
1192 1053 1224 1105 de
1242 1053 1327 1106 libro-

271 1164 329 1196 rum
351 1142 497 1214 scriptione
516 1161 611 1212 parum
631 1141 767 1196 sollicitus.
811 1140 979 1194 Gilanius
1002 1141 1067 1195 mihi
1087 1162 1150 1196 curn
1169 1140 1273 1194 Orellio
1292 1141 1324 1194 ad

271 1251 363 1285 verum
382 1231 486 1283 videtur
504 1229 623 1302 proxime
651 1230 804 1296 accessisse,
833 1227 953 1295 Codicis,
982 1248 1062 1301 quem
1087 1229 1249 1300 inspexerat,
1275 1248 1326 1283 nec

270 1331 359 1372 tamen
379 1318 489 1384 veteris,
521 1317 597 1372 cuius
614 1317 764 1371 varietatem
784 1315 888 1370 exhibet
912 1315 972 1371 Car.
991 1317 1157 1388 Stephanus,
1182 1317 1326 1371 lectionem

270 1405 415 1477 amplexus.
460 1404 650 1458 Gruterum
681 1425 737 1458 nou
771 1425 926 1471 moramur,
962 1404 1007 1478 qui
1034 1405 1094 1460 h.l.
1121 1406 1189 1458 iusto
1215 1406 1325 1478 propius

269 1493 383 1548 Victorii
402 1491 507 1562 vestigia
526 1493 627 1563 pressit.
674 1494 848 1548 Graevius
867 1505 894 1548 et
911 1494 957 1567 qui
980 1513 1041 1547 eum
1060 1494 1142 1547 secuti
1160 1503 1237 1559 sunt,
1267 1512 1326 1545 me-

269 1580 333 1635 lius:
359 1579 405 1632 sed
425 1584 563 1652 antiquam
582 1580 696 1651 glossam
715 1594 861 1649 servantes,
889 1602 903 1635 a
920 1581 1004 1636 sciolo
1022 1581 1174 1651 inductam,
1198 1580 1324 1635 Ciceroni

271 1667 390 1739 exempla
409 1687 505 1739 parum
523 1679 584 1740 apta
598 1670 771 1723 obtruserunt
786 1688 847 1724 cum
859 1669 925 1724 aliis.
962 1668 1143 1723 Bentleius
1161 1688 1217 1721 non
1233 1666 1325 1733 semel,

270 1767 296 1809 et
313 1755 365 1808 hoc
384 1773 492 1827 quoque
511 1755 588 1822 loco,
608 1757 735 1811 audacior
753 1777 808 1811 nou
827 1759 928 1812 tamin
947 1757 1063 1810 lectione
1081 1757 1225 1822 mutanda,
1244 1775 1326 1827 quam

271 1844 298 1894 in
318 1843 448 1897 sententia
458 1844 608 1915 torquenda
619 1855 738 1916 apparet.
775 1844 1012 1914 Hottingerus
1030 1843 1103 1915 quod
1117 1844 1205 1911 suasit,
1225 1843 1326 1896 etiamsi

270 1930 362 2002 paullo
381 1930 523 1985 violentius
541 1932 735 2003 transponendi
752 1930 860 1985 licentia
878 1949 948 1996 usus,
968 1930 1024 1983 viro
1043 1929 1151 2002 egregio
1163 1929 1259 1983 honori
1279 1940 1326 1993 est,

270 2037 436 2090 quamquam
462 2019 486 2071 ei
512 2037 568 2071 uon
601 2020 684 2091 magis
710 2020 863 2092 adstipulari
891 2019 1042 2092 potuimus,
1076 2037 1157 2091 quam
1183 2016 1217 2070 G.
1246 2016 1326 2068 ller-

268 2125 411 2173 manno,
440 2107 495 2160 viro
526 2126 648 2173 summo,
676 2127 732 2160 non
752 2127 807 2180 quo
825 2107 963 2178 displiceat
990 2105 1046 2160 eius
1071 2105 1165 2172 lectio,
1188 2105 1232 2157 sed
1262 2105 1324 2177 quia

269 2193 446 2271 praeferenda
466 2193 603 2248 ridebatur
621 2215 667 2261 ea,
689 2216 773 2267 quae,
792 2215 854 2250 cum
873 2195 974 2266 optima
992 2194 1137 2260 sententia,
1157 2193 1236 2247 habet
1255 2203 1325 2245 rete-

268 2284 304 2334 ris
327 2282 389 2335 libri
422 2282 607 2337 auctoritatem
640 2303 695 2337 nou
724 2283 956 2337 contemnendam.
1007 2280 1202 2335 Liebaldtii
1234 2291 1322 2333 autem

269 2370 469 2436 coniecturam,
489 2390 558 2442 quae
576 2371 781 2444 transpositione
799 2391 894 2426 sanare
911 2370 965 2424 vult
983 2369 1089 2434 locum,
1118 2378 1146 2422 ut
1166 2386 1223 2421 non
1245 2386 1324 2438 prae·

268 2459 380 2511 ierimus
398 2469 504 2512 nostrae
522 2458 647 2526 lectioni,
672 2459 707 2514 ita
729 2461 844 2514 multum
864 2470 997 2532 praestare
1017 2476 1156 2510 censemus
1174 2452 1323 2508 defensioni

267 2548 385 2618 glossae,
415 2567 467 2620 qua
486 2547 519 2601 T.
536 2548 654 2601 Badeu
685 2551 752 2602 tueri
772 2549 855 2603 soluit
874 2567 962 2603 servos
981 2547 1113 2598 atrienses
1132 2564 1166 2598 ac
1185 2543 1326 2613 topiariae,

268 2634 394 2688 Ciceroni
416 2646 520 2705 praeter
540 2636 720 2690 necessitatem
739 2646 765 2689 et
785 2648 879 2691 contra
904 2638 1000 2690 iustam
1020 2634 1072 2688 loci
1098 2633 1256 2688 sententiam
1275 2632 1325 2684 ob·

269 2734 364 2776 trusos.
401 2721 461 2775 ΜΓ.

693 2860 899 2870 .-.------.

651 3052 863 3113 Excuttstts
886 3053 941 3111 xt.

496 3222 571 3299 nn
597 3224 940 3300 rnnnnoxon
965 3226 1034 3317 vr,
1059 3225 1097 3298 e.

288 3452 330 3464 -
358 3414 455 3501 „quis
477 3415 588 3481 bunc
611 3439 678 3481 non
696 3425 802 3503 pretet
837 3410 1016 3498 confiteri,
1037 3412 1127 3477 sibi
1147 3419 1305 3503 qrtnesito

679 3540 764 3605 opus
787 3516 912 3580 esse?“

341 3693 425 3758 ‚,Pro:
452 3692 523 3763 Quid
538 3704 571 3745 te
589 3713 642 3746 non
656 3704 738 3763 putet
757 3692 891 3761 confiteri,
912 3691 983 3744 tibi
1007 3694 1130 3764 quaesito
1155 3712 1220 3763 opus
1245 3695 1323 3747 esse?

267 3781 449 3835 Soloecismus
467 3794 519 3847 est,
549 3801 745 3854 quem‘neque
771 3780 946 3851 deprehendit
965 3781 1103 3847 Erasmus,
1135 3801 1223 3854 neque
1248 3783 1322 3854 quis-

267 3888 349 3938 quam
367 3867 448 3934 alius,
465 3869 538 3939 quod
553 3870 642 3922 sciam.
679 3868 727 3922 Est
745 3870 815 3921 enim
836 3868 889 3921 veri
907 3868 1005 3935 simile,
1031 3868 1052 3921 si
1071 3868 1143 3922 hunc
1160 3870 1322 3924 observasset

266 3954 408 4017 Erasmus,
441 3956 512 4027 quod
533 3957 566 4008 ab
592 3975 623 4009 eo
641 3957 731 4010 luisset
751 3956 892 4027 diligenter
920 3957 1073 4011 adnotatus:
1103 3959 1211 4030 quando
1241 3960 1320 4012 etiam

268 4043 415 4095 minutiora
434 4044 565 4115 quaedam
584 4044 765 4115 reprehendit.
803 4044 976 4116 Quamquam
995 4046 1024 4099 iu
1043 4044 1222 4101 Ciceroniano
1241 4046 1320 4100 Cice-

266 4150 362 4183 ronem
383 4130 409 4183 in
421 4130 591 4186 soloecismos
609 4132 712 4204 scripsit
731 4133 852 4187 incidisse
864 4133 896 4200 ⁹).
933 4132 1079 4205 Bulephori
1099 4135 1125 4186 in
1145 4133 1195 4187 hoc
1214 4134 1320 4206 dialogo

336 4351 358 4418 ⁸)
378 4352 465 4405 Exstat
483 4353 585 4408 Erasini
604 4357 774 4411 lioterodami
796 4356 942 4427 Dialogus,
970 4358 1015 4428 qui
1034 4359 1189 4413 inscribitur
1208 4360 1320 4414 Cicero-

264 4425 375 4488 nianus,
401 4426 476 4477 cuius
501 4426 533 4478 ad
560 4446 669 4480 manum
697 4442 735 4481 est
765 4428 845 4481 editio
872 4428 1069 4498 Lugdunensis,
1098 4431 1166 4484 edita
1195 4452 1218 4484 a.
1238 4436 1318 4488 1528.

264 4495 382 4559 octonis,
402 4497 434 4548 ad
455 4494 554 4551 calcem
575 4498 679 4571 Dialogi
700 4500 820 4553 derecta
842 4499 927 4553 Latini
941 4499 1092 4573 Graecique
1112 4503 1242 4556 sermonis
1255 4524 1321 4575 pro·
