3517 5450
372 721 446 795 228
699 739 874 788 rmmoxr
903 737 1097 787 snoreonnu.

369 912 393 962 3.
412 906 484 959 Gud.
503 904 532 955 Β.
560 901 654 954 Dresd.
674 906 699 954 2.
718 905 743 956 5.
773 900 886 953 liberum
909 917 966 951 erse
983 898 1111 950 murinam
1141 917 1204 952 curn
1223 899 1306 952 Face.
1324 899 1411 953 Gernb.

368 996 417 1049 Or.
436 994 517 1058 Thu,
537 1009 598 1044 cum
618 990 671 1042 reri
690 990 722 1042 sil
740 989 905 1043 simillimum
923 987 951 1039 in
976 1005 1030 1040 una
1057 987 1206 1058 eademque
1229 989 1361 1041 sententia
1378 990 1412 1042 ci-

306 1098 308 1103 ’
368 1098 495 1137 ceronem
516 1077 564 1131 sibi
584 1088 706 1131 constare
725 1077 803 1131 eliam
823 1077 851 1129 in
872 1076 1016 1128 verborum
1034 1075 1145 1142 ordine,
1179 1088 1207 1131 ei
1231 1071 1326 1148 paullo
1348 1096 1412 1148 supe

368 1170 423 1222 rius
440 1168 473 1220 sii
491 1165 635 1237 scriptum:
655 1165 708 1216 nisi
725 1166 887 1234 sapientem,
905 1162 1057 1215 liberum
1072 1181 1148 1216 eree
1165 1166 1340 1220 neminem.
1365 1168 1410 1218 llr.

437 1253 531 1325 Igitur
549 1270 636 1304 omnes
654 1251 766 1320 improbi
784 1251 868 1303 servi:
895 1270 942 1302 nec
961 1251 1011 1303 boo
1029 1260 1119 1303 samm
1138 1269 1166 1303 re
1184 1262 1243 1316 err,
1262 1271 1346 1324 quom
1364 1255 1410 1320 ele]

367 1344 431 1414 „sic
449 1350 583 1413 quattuor.
621 1339 707 1393 Oclo:
727 1341 797 1391 servi
812 1340 902 1410 igitur
920 1357 1008 1392 omnes
1025 1336 1152 1408 improbi:
1183 1357 1232 1390 neo
1254 1340 1305 1392 boo
1322 1350 1410 1391 tomrr

366 1442 421 1495 ert,
441 1451 466 1502 q.
503 1429 581 1481 Duo:
608 1428 679 1480 servi
697 1445 760 1498 ergo
785 1446 872 1479 omnes
898 1426 1017 1496 improbi.
1046 1427 1097 1478 boo
1122 1445 1175 1478 non
1193 1437 1254 1478 tam
1279 1446 1309 1479 re
1326 1438 1378 1491 est,
1391 1447 1409 1497 q.

366 1519 457 1572 Unus:
477 1535 565 1570 omnes
583 1513 694 1584 improbi
712 1515 797 1575 servi,
816 1532 848 1564 nr
866 1524 924 1563 rom
942 1532 970 1564 rr
987 1523 1044 1570 est,
1062 1533 1087 1584 q.
1125 1512 1218 1566 Unus:
1248 1515 1321 1566 servi
1338 1515 1408 1584 igino
1432 1512 1435 1519 '

367 1625 454 1659 omnes
473 1603 596 1674 improbi,
615 1622 661 1654 neo
680 1613 737 1652 rom
749 1602 835 1654 bocin
847 1620 874 1652 re
888 1611 936 1664 est,
956 1622 980 1673 q.
1016 1601 1106 1654 Unus:
1127 1619 1216 1654 omner
1227 1600 1341 1670 improbi
1353 1601 1408 1653 rrrri

367 1712 433 1746 vom.
460 1692 509 1759 [sic
537 1689 632 1743 Graes.
659 1689 752 1756 referi]
779 1690 827 1741 boo
853 1700 910 1740 tom
935 1699 975 1740 es!
1000 1708 1027 1740 re
1053 1710 1078 1761 q.
1129 1689 1222 1741 Unus:
1252 1690 1315 1760 quis
1337 1690 1407 1760 igilur

367 1797 454 1831 omnes
471 1779 610 1849 improbos,
628 1780 734 1841 servire,
753 1797 800 1829 nec
818 1779 867 1829 boc
885 1789 942 1828 rom
953 1794 990 1829 re.
1026 1775 1081 1842 Est,
1101 1776 1146 1848 qui
1166 1776 1315 1848 legendum
1333 1788 1405 1848 poni:

366 1868 458 1940 Igitur
476 1886 562 1919 omnes
582 1864 692 1935 improbi
714 1865 793 1918 servi.
828 1864 959 1918 Servine?
994 1865 1043 1916 boo
1060 1884 1113 1916 mon
1131 1873 1190 1916 iam
1208 1884 1237 1918 re
1254 1875 1314 1931 ert,
1333 1883 1404 1937 quom.

366 1955 429 2010 Vel:
462 1955 546 2007 servi:
585 1953 683 2006 servire
714 1953 763 2005 boo
796 1963 854 2004 tam
887 1971 915 2004 ro
946 1960 987 2004 esi
1019 1971 1102 2024 quam
1132 1953 1208 2005 dicio
1243 1953 1403 2007 irriseraoiof‘

366 2043 437 2097 Ald.
456 2042 542 2097 Man.

435 2130 512 2182 Servi
528 2129 614 2201 igitur
633 2147 720 2181 omnes
749 2126 860 2197 improbi
866 2128 886 2196 ι]
925 2127 991 2195 „sic
1014 2126 1071 2180 Pal.
1098 2145 1123 2180 o.
1148 2138 1174 2180 el
1200 2126 1265 2183 Gul.
1290 2126 1402 2182 secundus

364 2228 500 2289 praeterea
520 2227 610 2271 noster
628 2217 746 2288 geminat
765 2216 925 2270 vocabulum
944 2216 1028 2281 servi,
1053 2235 1109 2268 non
1127 2214 1185 2269 sine
1210 2235 1323 2271 venere:
1347 2217 1402 2267 servi

363 2307 451 2376 igitur
469 2324 555 2358 omnes
574 2303 698 2374 improbi:
726 2304 823 2357 seroi.“
851 2304 990 2358 Gruter·
1041 2302 1110 2370 „sic
1132 2303 1200 2357 Pall.
1226 2314 1253 2356 el
1282 2302 1317 2356 al.
1338 2299 1401 2354 MSS.

365 2394 464 2465 angg.
490 2394 577 2464 igitur
601 2411 690 2444 omnes
709 2392 820 2461 improbi
837 2393 917 2448 servi.
962 2391 1018 2444 Pal.
1044 2410 1096 2446 sec.
1121 2392 1193 2444 servi
1218 2392 1309 2464 igitur
1332 2407 1401 2443 omnes

366 2481 495 2552 improbi,
514 2480 613 2532 servi.“
651 2479 770 2534 Graer.

433 2567 525 2640 Igitur
543 2585 630 2620 omnes
648 2567 759 2637 improbi
777 2569 857 2634 servi]
893 2566 1040 2639 „Sequitur
1058 2586 1120 2639 pars
1136 2565 1216 2621 huius
1235 2565 1356 2640 paradoxi
1370 2562 1401 2616 al·

363 2668 434 2722 tera,
456 2673 552 2707 omnes
568 2655 708 2727 improbos
727 2675 781 2709 esse
801 2660 917 2709 servos.“
954 2655 1050 2711 Foco.

433 2743 509 2795 Servi
526 2742 613 2813 igitur
631 2761 719 2795 omnes
738 2742 867 2812 improbi]
905 2742 984 2797 llnnc
1001 2763 1052 2815 ego
1071 2764 1133 2798 cum
1145 2744 1196 2798 Or.
1210 2741 1400 2816 praeferendum

363 2830 423 2883 duxi
450 2830 593 2883 verborum
619 2831 742 2883 ordinem
769 2831 889 2903 vulgato,
919 2851 999 2903 quem
1026 2835 1104 2886 eliam
1132 2831 1236 2887 Gernh.
1263 2840 1400 2905 seryareral.

362 2918 483 2971 Firmani
510 2936 571 2970 eum
598 2918 683 2972 codd.
709 2918 766 2973 Crz.
786 2923 810 2972 1.
833 2925 858 2972 2.
887 2919 969 2976 Drsd.
987 2924 1014 2975 1.
1040 2926 1065 2974 2.
1089 2923 1115 2976 3.
1138 2924 1165 2975 4.
1185 2925 1211 2975 5.
1245 2919 1317 2973 Gud.
1334 2914 1401 2971 AR

362 3001 455 3057 Duisb.
473 3003 553 3058 Bern.
572 3005 630 3057 Bas.
648 3004 738 3060 Guell.
758 3006 824 3060 On.
836 3006 855 3058 l.
870 3005 902 3058 N.
921 3026 946 3075 η.
964 3026 988 3062 o.
1007 3026 1037 3071 ψ.
1056 3008 1157 3079 (neque
1175 3008 1255 3063 aliter
1274 3002 1399 3069 01.E.U.,

362 3090 408 3161 qui
433 3110 482 3162 pro
500 3088 594 3161 'igitur
619 3092 717 3148 habent
742 3098 835 3167 ergo.)
858 3094 920 3148 Ere.
947 3095 1015 3167 Eyb.
1035 3094 1119 3169 Susis.
1144 3096 1216 3150 Peir.
1243 3096 1305 3149 Asc.
1333 3095 1399 3147 1511.

361 3179 444 3232 Verb.
462 3177 558 3232 Graes.
577 3179 672 3234 Olivet.
692 3182 762 3235 Tbn.
782 3182 851 3237 Hub.
897 3183 927 3236 ln
953 3184 1032 3239 Drsd.
1052 3189 1076 3238 2.
1106 3195 1165 3256 posi
1191 3184 1306 3254 improbi
1326 3180 1401 3252 sequi·

361 3276 405 3321 iur
423 3264 547 3318 servior?
582 3271 644 3320 Hoc
662 3279 720 3320 tom
738 3290 778 3335 rr,
798 3289 879 3344 quom
898 3272 972 3323 dictu
991 3283 1032 3325 est
1049 3272 1231 3341 inopinatum.
1284 3271 1365 3323 Ellam
1379 3267 1400 3318 ln

360 3353 440 3406 Drsd.
459 3356 486 3407 4.
513 3364 572 3424 post
590 3355 701 3425 improbi
719 3358 863 3429 repetitum
883 3350 921 3413 esi
940 3360 1025 3414 servi:
1050 3358 1095 3412 sed
1116 3359 1211 3430 pergit
1228 3378 1285 3412 neo.
1329 3356 1401 3427 Wyu.

359 3439 465 3512 legebat
488 3452 518 3493 ut
538 3452 606 3495 nos:
639 3444 672 3496 ad
700 3446 777 3498 rerba
802 3458 891 3502 aulem
922 3447 1057 3519 discipulis
1080 3447 1109 3500 io
1136 3445 1238 3499 'sobolis
1265 3444 1399 3518 praecepit:

359 3528 532 3596 „Subiectum
552 3542 589 3584 est
615 3533 738 3601 improbi,
767 3535 951 3605 praedicatum
976 3536 1059 3588 servi:
1086 3546 1182 3587 omnes
1209 3533 1328 3605 improbi
1351 3540 1400 3584 sum

358 3616 435 3681 servi,
458 3627 551 3671 carent
569 3617 698 3672 libertale.
742 3621 785 3675 Fir
810 3621 862 3676 hoc
888 3633 999 3694 propter
1026 3623 1077 3674 rim
1102 3623 1241 3693 quandam
1261 3621 1399 3682 oratoriam,

359 3714 389 3755 ul
407 3722 606 3775 nonnunquam
626 3708 806 3777 praedicatum
827 3711 932 3780 priore,
951 3712 1102 3781 subiectum
1121 3710 1271 3781 posteriore
1290 3712 1347 3765 loco
1359 3728 1399 3780 po·

358 3792 464 3869 nami-5⁴
510 3789 618 3845 Mireris
635 3806 721 3862 cerie,
751 3808 850 3851 leolam
876 3818 932 3852 esse
951 3798 1004 3851 rim
1030 3810 1057 3851 et
1081 3799 1270 3869 auctoritatem
1294 3795 1398 3854 lenioris

358 3894 407 3946 per
427 3875 524 3930 mullas
548 3879 676 3936 editiones
704 3897 888 3958 propagatae,
914 3898 944 3940 ul
968 3886 1100 3940 librorum
1125 3896 1151 3939 el
1181 3886 1358 3958 plurimorum
1379 3893 1397 3935 el

357 3962 522 4034 optimorum
552 3964 630 4020 lenio
662 3971 776 4041 glossam
807 3974 982 4045 marginalem
1015 3972 1222 4028 adolescentulis
1250 3972 1398 4030 discentibus

356 4050 662 4126 destinaram-expellere
681 4062 799 4115 tamdiu
819 4081 875 4115 non
895 4062 1021 4133 poluerit.
1056 4061 1117 4115 Mr.

427 4141 484 4191 Neo
501 4142 550 4193 boe
569 4153 627 4195 rom
644 4164 672 4197 re
690 4135 746 4214 eit,
763 4168 843 4221 quom
863 4151 938 4202 dictu
956 4150 1137 4220 inopinatum]
1157 4149 1219 4203 Vid.
1246 4162 1347 4205 annoti.
1363 4168 1397 4201 ru·

355 4228 489 4297 periotes,
509 4228 634 4284 Aldinarn
654 4245 680 4287 et
700 4248 828 4291 nostram.
878 4238 955 4292 Adde
974 4237 1025 4301 Ox,
1042 4238 1073 4291 E.
1101 4237 1149 4309 qui
1174 4237 1258 4292 babet
1285 4242 1329 4289 Er
1352 4236 1398 4287 bor·

355 4312 530 4371 Omissis-his
553 4321 637 4375 verbis
666 4322 771 4378 duobus
789 4325 840 4379 Οι.
858 4327 877 4379 l.
904 4326 983 4380 habel
1008 4325 1116 4378 sarrire.
1158 4324 1244 4383 Drsd.
1263 4330 1289 4380 5.
1315 4320 1398 4378 omittit

356 4402 410 4458 boc.
447 4408 505 4459 Cri.
523 4410 548 4473 8,
566 4428 614 4461 nec
632 4420 690 4461 tom
709 4412 879 4473 boc5'Drsd.
899 4420 924 4469 4.
945 4413 1041 4469 ominis
1058 4424 1116 4480 est,
1135 4432 1200 4467 cum
1218 4415 1280 4468 Cri.
1299 4417 1337 4479 1.,
1361 4407 1396 4479 qul

354 4505 432 4558 supra
452 4504 512 4546 ante
532 4514 618 4565 omnes
636 4497 714 4552 habel
733 4499 848 4571 glossam
872 4516 956 4566 sunt5
986 4502 1058 4557 idem
1085 4501 1191 4556 exhibet
1213 4503 1334 4557 mirabile
1355 4508 1393 4551 erl·
