3517 5450
602 748 797 798 rimnoxon
815 751 837 797 ι.
870 753 941 801 air.
959 755 982 801 r.
1029 737 1038 753 '
1262 735 1314 810 49

269 911 290 961 in
307 908 402 960 iisdem
420 907 477 962 fere
496 906 584 973 libris,
611 909 658 980 qui
676 907 777 962 babent
794 910 880 961 inter:
905 910 933 963 in
953 929 1006 964 une
1025 921 1128 966 tentum
1147 913 1195 968 Ed.
1215 915 1313 990 Hdlbg.

268 1017 283 1050 s.
297 997 315 1050 l.
335 1009 363 1051 et
380 1015 406 1050 a.
425 1007 464 1050 eet
480 997 510 1048 in
528 1006 627 1065 septem
645 997 836 1065 sapientes.
877 995 932 1050 Sed
950 998 1024 1052 abest
1042 1019 1074 1052 ea
1093 999 1178 1072 glossa
1196 1003 1229 1057 ab
1248 1003 1314 1060 On.

268 1085 291 1137 N.
308 1085 343 1138 U.
369 1083 430 1138 Cra.
449 1089 475 1138 2.
498 1084 605 1138 Suerin.
624 1084 718 1137 Duisb.
738 1083 809 1137 Gud.
829 1084 861 1137 A.
880 1084 911 1139 Β.
931 1097 978 1140 vet.
997 1087 1057 1140 ood.
1080 1107 1123 1160 ap.
1141 1087 1203 1144 Cer.
1221 1089 1313 1164 Stepb.
1355 1085 1358 1091 ⁵

268 1172 340 1227 bera.
358 1173 421 1226 Bas.
438 1184 465 1227 et
482 1171 664 1236 Gruterianis,
692 1182 722 1225 ut
739 1173 857 1237 videtur,
884 1174 1026 1240 omnibus,
1055 1175 1174 1248 itemque
1191 1178 1224 1230 ab
1244 1178 1313 1234 Edd.

267 1279 326 1329 quae
346 1259 448 1314 babent
465 1261 494 1312 in
512 1279 563 1330 pro
582 1261 669 1312 inter:
689 1270 811 1330 excepta,
831 1279 912 1331 quam
931 1261 999 1330 dixi,
1018 1263 1068 1318 Ed.
1081 1285 1101 1319 s.
1117 1265 1136 1319 Ι.
1152 1276 1177 1320 et
1191 1285 1216 1320 a.
1253 1266 1314 1323 Mr.

328 1356 493 1399 numeratur
511 1348 539 1398 in
557 1347 669 1416 septem]
695 1345 786 1417 Vulgo
804 1346 837 1401 al.
856 1361 1031 1403 enumeratur
1054 1353 1126 1405 inter
1148 1364 1249 1424 septem
1265 1373 1314 1408 ea·

266 1435 370 1502 pientes.
408 1434 557 1507 Explicatio
575 1433 681 1505 irrepsit
699 1434 727 1486 in
747 1444 909 1491 contextum.
946 1436 968 1489 F
975 1457 1044 1492 acc.

329 1532 364 1574 at
382 1525 483 1594 opinor,
502 1524 550 1595 qni
566 1531 725 1574 numeratur
743 1521 771 1572 in
790 1524 917 1590 septems]
937 1523 979 1577 Aa
994 1525 1072 1579 rerba
1084 1535 1117 1578 ut
1129 1527 1222 1594 opinor
1231 1526 1313 1599 Borg.

268 1611 297 1664 ait
312 1631 346 1664 ee
365 1629 423 1664 esse
441 1609 588 1664 formulam
608 1608 775 1680 negligenter
793 1607 951 1665 affirmantis
969 1624 995 1666 et
1013 1611 1085 1666 alind
1103 1613 1220 1685 agentia
1249 1633 1315 1685 pro-

268 1698 361 1753 miscue
380 1697 506 1769 usurpari
523 1698 617 1767 opinor
634 1708 660 1750 et
679 1706 711 1748 nt
730 1699 839 1766 opinor:
867 1699 942 1769 prius
966 1719 1016 1771 pro
1037 1699 1105 1755 Sest.
1125 1704 1168 1756 21.
1197 1701 1313 1775 Philipp.

268 1786 305 1852 ΙΙΙ,
316 1791 352 1851 8,
373 1786 507 1858 posterius
524 1784 597 1839 Lael.
615 1787 665 1849 233
680 1785 758 1838 Verr.
771 1784 803 1851 ll,
818 1788 847 1851 4,
862 1787 889 1840 d.
908 1796 935 1839 et
952 1805 976 1840 a.
988 1790 1033 1841 19.
1068 1787 1110 1841 Ad
1129 1808 1153 1842 v.
1170 1788 1200 1840 in
1216 1798 1315 1858 septem

268 1873 333 1930 cous.
342 1873 417 1928 beel.
427 1878 477 1929 16:
496 1892 513 1924 a
525 1873 625 1924 Biante
639 1890 696 1925 esse
715 1872 824 1936 dietum,
843 1874 891 1943 qui
908 1875 1014 1942 sapiens
1032 1874 1144 1928 habitus
1160 1886 1230 1927 esset
1245 1895 1316 1929 untes

268 1972 433 2030 ereptam.
477 1959 518 2013 ild
537 1978 595 2013 rem
614 1958 741 2012 Herodot.
761 1958 782 2024 Ι,
800 1961 844 2013 15.
864 1961 926 2014 142.
944 1963 1008 2014 181.
1032 1961 1091 2015 Mr.
1136 1960 1268 2027 „Constat
1285 1981 1315 2016 er

269 2047 367 2102 bento
383 2049 512 2114 Prienen,
531 2047 621 2101 laniae
637 2048 742 2112 urbem,
761 2045 916 2100 Thebarum
934 2046 1069 2101 coloniam
1087 2048 1180 2101 luisse:
1198 2068 1228 2101 ex
1239 2048 1316 2102 Stra·

268 2136 340 2202 bone,
361 2154 422 2190 eam
442 2135 476 2190 ab
494 2135 628 2207 Aegypto,
647 2133 723 2187 Nelei
740 2133 804 2199 lilio,
831 2153 887 2187 esse
904 2134 1051 2200 conditam,
1070 2144 1160 2206 postea
1178 2153 1193 2188 a
1211 2134 1315 2189 Pbilote

268 2220 392 2276 Thebano
418 2222 553 2277 coloniam
572 2241 605 2275 eo
627 2221 768 2275 deductam
787 2231 868 2292 atque
886 2222 919 2274 ab
939 2240 972 2275 eo
990 2222 1071 2275 etiam
1090 2220 1212 2276 Cadmeo
1236 2223 1316 2277 fuisse

268 2308 371 2364 dictam.
409 2309 523 2364 Consta
541 2329 570 2363 ex
589 2309 693 2376 eodem,
718 2308 796 2376 banc,
817 2327 879 2362 cum
898 2309 973 2381 prius
989 2310 1122 2364 maritima
1140 2311 1229 2378 suerit,
1247 2311 1316 2364 allu-

268 2398 339 2450 sione
357 2397 418 2451 limi
437 2398 587 2452 continenti
605 2398 725 2452 iunctam
744 2417 808 2463 esse,
827 2398 861 2450 ad
878 2398 963 2451 stadia
981 2395 1058 2464 CCL,
1077 2399 1141 2451 item
1159 2398 1317 2452 Prienenses

268 2485 296 2538 ab
313 2485 408 2540 Helice
426 2487 559 2557 originem
577 2485 690 2540 traxisse.
733 2485 770 2536 Ex
788 2484 926 2539 Herodoto
944 2494 1060 2550 constat,
1089 2484 1202 2556 Ardye,
1232 2483 1317 2554 Gygi·

268 2571 295 2623 V.
311 2573 452 2644 Lydorum
470 2573 540 2645 regis
559 2573 659 2639 filiurn,
680 2575 812 2642 Πριηνέας
830 2573 882 2638 (sic
901 2573 973 2626 enim
992 2572 1128 2637 nominat)
1146 2589 1316 2642 expugnasse,

270 2657 312 2727 qui
328 2659 381 2713 luit
397 2660 472 2714 Tulli
489 2660 592 2716 Hostilii
612 2656 766 2730 orippporoa,
794 2659 957 2733 Olympiade
975 2659 1086 2712 xxw
1104 2659 1129 2710 X
1135 2669 1198 2730 yst.
1216 2659 1317 2712 Betu-

270 2743 368 2801 leius.

335 2837 421 2890 Ouiae
442 2856 503 2889 anm
525 2836 646 2907 patriam
667 2837 793 2903 Prienen]
821 2835 904 2890 Abest
926 2836 1041 2888 Prienen
1064 2856 1080 2888 a
1106 2833 1190 2889 Cadd.
1215 2833 1273 2887 Cra.
1290 2838 1316 2890 2.

269 2926 324 2979 lias.
342 2923 425 2977 Drsd.
443 2926 468 2976 4.
492 2934 519 2977 et
538 2923 589 2978 Or.
609 2943 646 2988 o.;
675 2923 703 2976 in
722 2921 782 2978 Cra.
800 2926 827 2977 1.
848 2934 887 2977 cst
904 2924 1045 2980 Prienam,
1072 2925 1100 2976 ia
1118 2923 1226 2977 Suerin.
1243 2922 1317 2974 Piri-

268 3015 375 3070 lmsem,
391 3012 423 3065 in
441 3009 514 3066 Gud.
531 3011 565 3065 A.
583 3011 675 3079 plen’a
691 3012 799 3079 patria,
817 3009 888 3064 Gud.
907 3010 938 3064 B.
957 3009 1023 3066 On.
1042 3010 1072 3065 E.
1091 3010 1123 3063 N.
1143 3030 1172 3073 ψ.
1191 3009 1271 3062 Drsd.
1291 3012 1316 3063 5.

267 3100 385 3168 patriam
399 3099 517 3169 plenam,
534 3097 628 3152 Duisb.
649 3098 721 3153 Gud.
741 3096 771 3151 C.
788 3100 919 3168 prienam,
937 3098 1017 3151 Drsd.
1034 3102 1059 3151 1.
1076 3100 1219 3167 prienam,
1236 3097 1317 3151 Drsd.

268 3190 291 3238 2.
307 3204 415 3255 penem,
435 3184 605 3241 lidii-Paria
627 3190 706 3242 1512.
725 3186 852 3241 Daveatr.
871 3190 952 3241 1515.
971 3187 1037 3260 Arg.
1056 3188 1137 3240 1515.
1156 3186 1219 3239 Par.
1238 3188 1318 3239 1501.

267 3274 350 3344 Lugd.
366 3275 449 3327 1515.
476 3275 610 3327 Prienam.
645 3273 753 3327 Habent
770 3276 896 3327 Prienam
920 3276 998 3327 etiam
1021 3272 1089 3326 Edd.
1109 3272 1140 3325 H.
1154 3270 1241 3323 Wolf.
1261 3289 1318 3341 pre.

268 3360 340 3430 Mog.
360 3358 447 3413 Sullr.
465 3359 539 3416 Petr.
556 3360 636 3414 Hdlb.
656 3380 676 3417 s.
696 3359 715 3416 l.
734 3372 760 3414 et
777 3380 801 3415 a.
818 3371 845 3414 et
862 3359 912 3412 Ed.
931 3379 974 3431 ap.
993 3356 1103 3411 Meusel.
1139 3356 1231 3426 Pergit
1249 3354 1317 3409 Cod.

270 3445 316 3500 01.
336 3446 369 3501 E.
395 3448 529 3519 ceterique
553 3450 638 3501 enim
660 3451 717 3513 ita,
746 3448 825 3502 Drsd.
843 3451 870 3501 4.
898 3449 979 3499 aeteri
998 3447 1109 3517 itaque,·
1137 3441 1205 3495 Cod.
1223 3442 1317 3496 Duisb.

271 3535 431 3606 ceterisque
449 3536 499 3587 ita.
535 3537 599 3590 Ver.
620 3536 653 3589 ad
673 3535 772 3590 calcem
790 3534 841 3590 Ed.
859 3533 952 3605 Magn.
972 3532 1103 3602 cepissent
1120 3530 1220 3583 hostes.
1254 3530 1319 3583 Post

271 3621 383 3675 Prienen
399 3623 435 3675 ab
453 3622 511 3676 aliis
529 3623 591 3677 addi
607 3624 716 3695 qnidam
734 3622 818 3675 refert
833 3620 866 3674 ΙΙ.
884 3620 972 3675 Wolf.
1008 3618 1068 3673 Mr.

338 3721 371 3762 ut
394 3711 484 3762 multa
502 3712 534 3761 da
552 3714 609 3764 suis
627 3710 705 3764 rebus
724 3729 813 3763 secum
829 3710 1022 3780 asportarent,]
1046 3710 1096 3770 „M
1101 3706 1138 3758 ul
1144 3715 1181 3756 ta
1207 3705 1238 3757 de
1261 3705 1319 3757 suis

272 3792 359 3861 rebus,
381 3816 435 3868 pro
453 3799 565 3851 multas.
600 3798 647 3852 Est
666 3798 720 3854 boc
737 3799 908 3871 proprietatis
925 3795 1127 3861 Ciceronianae,
1145 3803 1176 3848 ut
1193 3812 1235 3847 res
1252 3812 1320 3849 oon-

272 3881 416 3953 iungantur
444 3904 507 3939 cum
534 3887 664 3942 adieetiro
692 3886 818 3959 plurali.“
846 3885 1024 3957 Wyttenb.
1071 3887 1181 3949 „Secum
1206 3883 1279 3938 abest
1304 3903 1319 3936 a

273 3972 499 4038 quattuordecim:
523 3973 551 4027 in
579 3993 695 4047 quorum
720 3994 778 4029 uno
801 3975 950 4028 additum.“
973 3972 1196 4027 Alamanni.
1237 3973 1322 4025 Abest

273 4056 331 4111 item
350 4076 440 4112 seeum
460 4061 495 4115 ab
512 4061 578 4116 011.
593 4082 617 4118 a.
633 4083 662 4127 a.
683 4063 743 4117 Cre.
755 4068 781 4118 1.
801 4069 826 4118 2.
843 4062 924 4117 Drsd.
936 4067 962 4117 4.
982 4060 1072 4115 Gudd.
1084 4059 1116 4116 Α.
1130 4059 1162 4113 Β.
1175 4058 1206 4114 C.
1224 4059 1318 4113 Duisb.

273 4142 316 4199 Ed.
335 4148 405 4219 Arg.
424 4151 507 4206 1515.
543 4149 573 4203 ln
592 4151 642 4205 Ed.
662 4155 825 4211 Ven.1492.
845 4164 871 4207 et
889 4151 939 4206 Ed.
957 4170 1001 4221 ap.
1013 4149 1098 4203 Meus.
1118 4158 1156 4201 est
1173 4157 1207 4198 et
1224 4147 1320 4204 multa,

273 4232 298 4285 in
315 4235 377 4288 Par.
398 4239 480 4291 1501.
499 4248 525 4310 et
542 4238 627 4311 bugd.
649 4244 727 4296 1515.
750 4241 821 4295 deest
839 4252 880 4296 nt.
922 4238 1007 4293 Codd.
1027 4236 1087 4290 Cra.
1107 4238 1131 4288 1.
1151 4244 1178 4287 et
1194 4232 1276 4286 Drsd.
1293 4235 1318 4285 1.

272 4334 457 4390 exportarent,
487 4325 568 4380 Drsd.
589 4332 613 4382 5.
632 4339 816 4398 apportarent.
834 4358 868 4371 ·-
899 4326 1030 4394 „Videtur
1054 4321 1197 4395 legendum
1223 4317 1263 4371 vel
1287 4329 1320 4370 at

271 4411 355 4463 malta
382 4412 420 4463 de
443 4414 521 4465 enin
546 4427 717 4485 asportarent
736 4429 784 4470 etc.
810 4416 865 4469 rel:
893 4426 925 4466 at
949 4415 1082 4465 maltos
1106 4410 1137 4459 de
1160 4406 1218 4457 tuis
1241 4405 1320 4457 rebus

270 4508 450 4568 asportarent.
487 4501 588 4554 Verum
615 4514 704 4557 tamen
730 4504 794 4558 nibil
821 4515 924 4557 mutare
949 4503 1042 4554 ausim.
1076 4495 1145 4549 Satis
1167 4492 1248 4546 habui
1272 4492 1321 4545 ad·

1013 4604 1037 4675 4
