3517 5450
665 737 858 786 nsnsooxoo
884 738 906 784 t.
943 737 1013 786 eso.
1034 738 1056 785 ι.
1335 711 1381 783 41

348 896 528 966 fundamento.
563 894 723 967 Eleganter,
750 894 824 967 quasi
851 894 934 950 dicat:
962 898 1032 949 hune
1048 896 1188 966 pecuniam
1206 892 1342 946 imbecillis
1359 905 1385 944 et

352 982 570 1036 commutabilibus
582 983 774 1054 fundamentis
792 994 1015 1051 superstructum.
1052 982 1094 1037 Cf.
1107 1003 1158 1055 pro
1172 982 1242 1036 Sext.
1254 986 1303 1036 46:
1326 985 1388 1050 Hu-

350 1073 383 1124 ius
398 1081 490 1122 eutem
508 1071 610 1123 otiosae
628 1071 773 1141 dignitatis
791 1071 857 1121 liaeo
869 1070 1112 1141 fundamento
1130 1081 1194 1122 suut
1212 1071 1278 1119 haee
1295 1086 1387 1118 mem·

351 1157 406 1211 ire.
441 1157 547 1212 Eadem
565 1168 724 1230 repetuntur
742 1158 836 1211 eodem
856 1171 994 1228 rspestr.
1029 1158 1136 1226 Quibus
1153 1154 1387 1210 addaturadDiv.

352 1245 376 1309 V,
386 1247 428 1299 13:
448 1245 620 1315 circumspice
633 1246 721 1297 omnia
735 1245 878 1296 mentire
895 1246 934 1297 rei
945 1247 1070 1315 publicae
1081 1275 1126 1300 ·-.
1151 1245 1265 1296 Nullum
1276 1243 1387 1312 reperies

351 1332 468 1403 profecto,
487 1332 561 1404 quod
575 1352 628 1385 non
641 1332 804 1402 fructum
823 1332 1100 1386 debilitatumve
1119 1333 1180 1385 sit.“
1200 1333 1352 1400 Borgers.

406 1420 537 1489 pecuniae
554 1420 681 1488 membra]
707 1421 841 1475 Pecuniae
865 1423 975 1476 nomine
1002 1421 1178 1494 possessiones
1201 1418 1337 1489 intelligit,
1362 1428 1388 1469 et

352 1507 408 1560 lons
425 1506 532 1579 reliqua
550 1506 624 1561 istius
641 1509 760 1578 generis,
780 1528 848 1581 quae
867 1510 895 1562 in
915 1510 1078 1582 patrimonio
1096 1519 1165 1562 sunt.
1201 1507 1298 1561 Face.

405 1596 536 1663 pecuniae
555 1594 705 1664 [membruJ]
734 1595 801 1668 Ego,
821 1609 850 1650 ut
867 1597 953 1651 fatear
971 1598 1044 1670 quod
1062 1608 1109 1664 est,
1127 1614 1216 1667 neque
1235 1594 1387 1666 explicatio-

354 1699 389 1734 nes
403 1681 523 1736 lectionis
541 1681 676 1752 vulgatee,
694 1702 782 1755 neque
801 1684 984 1751 defensiones,
1003 1704 1092 1756 neque
1111 1683 1310 1738 emendationes
1327 1681 1388 1735 satis

354 1770 437 1836 probo,
462 1788 552 1841 neque
570 1768 626 1840 ipse
649 1769 794 1842 quiequam
813 1773 878 1826 certi
899 1771 1000 1838 habeo,
1027 1772 1099 1845 quod
1121 1789 1275 1843 proponere
1293 1769 1386 1822 ausim.

354 1853 506 1921 Oshsnerus,
535 1855 581 1927 qui
600 1855 652 1910 hoc
670 1869 749 1928 ceput
767 1857 794 1910 in
813 1858 921 1929 Eelogis
939 1857 995 1912 Cic.
1016 1857 1145 1930 explicat,
1173 1857 1336 1911 existimabat
1354 1855 1386 1908 ad

354 1942 450 1994 nembro
468 1942 628 1996 adieetivum
646 1944 778 1996 imbecillo
796 1947 939 1999 commode
959 1964 986 1998 se
1004 1945 1154 2017 applicare:
1173 1945 1218 1997 sed
1236 1944 1323 1997 statim
1339 1943 1387 1996 ad·

354 2029 392 2084 dit:
410 2030 480 2097 „nisi
499 2031 569 2084 sorte
585 2034 715 2100 pecuniae
732 2032 847 2084 osembra
868 2032 949 2084 mavis
967 2032 1111 2084 abiicere.“
1147 2031 1278 2102 Equidem
1298 2049 1388 2082 assen-

353 2117 423 2183 tirem,
440 2119 462 2171 si
480 2117 668 2188 intelligerem,
686 2139 740 2190 qua
759 2119 864 2173 ratione
882 2119 982 2172 intrudi
1003 2119 1138 2190 potuerint
1157 2130 1203 2172 aut
1221 2118 1292 2171 unde
1309 2116 1386 2169 sumi.

354 2204 408 2257 Vere
424 2205 490 2258 mihi
507 2204 627 2259 iudicare
645 2206 748 2260 videtur
765 2205 901 2272 Orellius,
923 2207 1039 2258 nsembm
1057 2206 1164 2261 uncinis
1180 2207 1336 2272 includens,
1358 2216 1388 2259 ut

354 2291 437 2348 Gemh.
474 2293 549 2346 ldem
575 2312 630 2346 non
658 2294 794 2364 improbet
818 2292 869 2346 Th.
888 2292 1000 2346 Bentleii
1025 2295 1196 2360 sententiam,
1223 2309 1387 2365 quamquam

354 2398 396 2432 non
413 2381 510 2452 probat
528 2380 631 2434 disertis
656 2382 741 2434 verbis
777 2380 892 2436 Schiitzii
918 2383 1101 2436 coniecturam
1122 2384 1252 2451 pecuniae
1276 2397 1387 2431 munera

354 2470 431 2522 nerito
449 2468 489 2523 rix
508 2468 630 2523 Latinam
650 2469 785 2524 existimat.
827 2469 954 2542 Denique
979 2472 1012 2524 de
1037 2468 1205 2540 Peerllsampi
1227 2467 1387 2539 suspicione,

354 2553 407 2609 titt.
426 2556 492 2610 crit.
510 2556 583 2610 Nera
600 2559 625 2611 3.
644 2577 670 2628 p.
686 2561 754 2612 stt:
776 2559 913 2629 fortunae
930 2578 1057 2623 munero,
1075 2576 1159 2629 quam⁴
1172 2575 1267 2628 parum
1287 2555 1386 2626 proba-

353 2640 418 2696 lilem
437 2645 517 2710 dicit,
536 2645 572 2698 ita
587 2642 700 2711 iudicat,
720 2657 750 2699 ut
767 2657 860 2717 optare
878 2645 931 2701 hoe
949 2666 1004 2699 esse
1023 2656 1141 2709 censeat,
1161 2663 1217 2696 nou
1234 2642 1386 2695 emendare.

353 2728 416 2785 Certe
433 2734 455 2787 si
473 2733 521 2786 ista
541 2733 682 2787 Ciceronis
699 2745 799 2800 essent,
828 2735 967 2807 quomodo
985 2736 1114 2804 pecuniae
1136 2732 1250 2784 mambra
1269 2730 1387 2801 irrepere

353 2823 503 2885 potuissent?
538 2821 598 2875 Mn.
1246 2871 1252 2882 ,

407 2911 481 2963 solo
499 2908 578 2962 verbo
596 2908 665 2961 bone
678 2919 847 2979 putaverunt
866 2910 1050 2979 appellando,]
1072 2907 1167 2973 „Bona
1187 2926 1243 2960 non
1259 2916 1330 2960 recte
1345 2906 1386 2959 di-

352 3008 443 3065 cuntur,
463 3016 534 3069 quae
551 2997 659 3050 fortuna
679 2997 782 3050 tribuit.
818 2997 853 3051 D.
873 2997 1015 3069 Angustia.
1032 2996 1060 3048 in
1079 2994 1165 3047 Serm·
1177 2996 1209 3047 V.
1227 2995 1255 3047 in
1274 2994 1321 3048 Es.
1335 3014 1386 3048 sec.

352 3080 443 3138 Martha
462 3089 545 3161 Ipsae
563 3104 626 3156 ergo
643 3067 756 3136 divitiae
775 3083 858 3137 bonae
875 3097 958 3137 suut:
976 3086 1025 3138 sed
1043 3084 1098 3135 istu
1118 3082 1206 3134 omnia
1224 3080 1300 3145 bonu,
1318 3101 1386 3153 quae

352 3173 559 3236 commemorauit,
576 3191 594 3224 a
614 3171 688 3225 tonis
705 3181 733 3224 et
752 3174 830 3225 malis
848 3173 942 3227 tubera·
955 3182 1087 3243 possunt:
1106 3182 1141 3233 et,
1159 3188 1218 3221 cum
1237 3168 1306 3220 bona
1323 3172 1387 3234 sint,

352 3259 416 3314 bonos
434 3272 527 3313 tumen
540 3260 637 3331 fucere
655 3279 707 3312 non
722 3272 846 3329 possunt.
864 3290 899 3300 —
927 3262 989 3314 Solo
1006 3260 1080 3312 abest
1097 3277 1112 3310 a
1131 3267 1246 3327 septem,
1270 3254 1298 3307 in
1318 3274 1386 3326 quo·
1468 3261 1470 3266 ’

351 3366 398 3400 rum
416 3368 473 3401 uno
492 3346 640 3400 additum.“
665 3347 736 3400 Atd.
760 3347 891 3402 Manut.
910 3375 945 3388 ·-
975 3346 1041 3399 lllud
1067 3345 1123 3396 solo
1141 3354 1178 3396 est
1195 3343 1223 3395 in
1242 3341 1309 3394 Edd.
1327 3353 1387 3395 vett.

352 3434 470 3507 plerisque
486 3434 605 3506 itemque
623 3435 651 3487 in
666 3433 752 3489 Codd.
767 3435 864 3488 multis.
903 3434 986 3488 Abest
1002 3430 1137 3484 tamenab
1151 3429 1267 3499 optimis,
1285 3439 1386 3498 septem

352 3520 516 3590 llanutianis,
543 3522 607 3576 Osx.
624 3523 643 3576 l.
661 3523 693 3577 N.
710 3523 745 3577 U.
763 3542 787 3576 o.
812 3520 872 3576 Cre.
891 3527 918 3574 Ἃ.
943 3520 1024 3573 Drsd.
1043 3524 1068 3572 2.
1092 3516 1164 3569 Gud.
1183 3516 1215 3568 A.
1236 3514 1266 3567 Β.
1291 3514 1386 3568 Duisb.
1444 3567 1448 3574 ,

353 3608 439 3666 duobus
457 3613 535 3665 Voss.
553 3610 611 3664 Bas.
647 3610 714 3665 Edd.
732 3611 913 3666 visebant.
932 3608 1016 3662 Sufsr.
1034 3606 1122 3673 Petri,
1151 3604 1185 3658 ll.
1203 3601 1289 3656 Wott.
1308 3600 1386 3655 Grut.

354 3695 455 3754 Gronov.
481 3699 579 3753 Graes.
604 3717 679 3770 seqq.
715 3700 745 3752 ln
771 3699 836 3754 Ori.
856 3699 889 3752 E.
906 3699 942 3751 U.
963 3716 990 3760 ψ.
1014 3707 1075 3768 post
1099 3692 1177 3746 verbo
1202 3691 1317 3763 positum
1341 3701 1387 3745 est

354 3783 402 3840 Post
417 3788 582 3858 appellando
600 3787 708 3840 additur
723 3788 822 3840 esseio
842 3787 964 3841 Drsd.1.
983 3790 1024 3850 2.,
1049 3795 1075 3837 et
1094 3792 1150 3835 tum
1169 3780 1278 3833 demum
1296 3778 1386 3851 sequi⁴

356 3882 387 3925 tur
400 3884 575 3944 putaverunt,
592 3874 667 3928 utin
686 3874 766 3931 Dtsd.
780 3879 806 3930 3.
826 3875 898 3929 Gud.
913 3875 946 3927 A.
963 3873 994 3926 Β.
1011 3872 1062 3927 Or.
1080 3869 1111 3922 E.
1129 3890 1152 3937 η.
1171 3869 1199 3922 in
1219 3867 1299 3920 Drsd.
1316 3871 1342 3921 4.
1361 3877 1387 3920 et

357 3962 373 4011 l.
392 3962 457 4017 Gud.
475 3961 508 4021 C.
527 3972 567 4015 est
584 3962 747 4031 appellanda
767 3973 916 4033 putarunt.
952 3962 1043 4032 Pergit
1061 3957 1129 4012 Cod.
1148 3955 1207 4009 Cre.
1226 3959 1252 4010 1.
1277 3975 1336 4007 curn
1360 3974 1388 4007 re

359 4064 382 4096 ve
393 4051 486 4119 foetis.
524 4048 584 4101 Cra.
602 4055 627 4103 2.
646 4069 707 4104 cum
729 4049 800 4103 Gud.
818 4050 850 4103 Α.
870 4051 969 4104 omittit
985 4049 1077 4118 louge,
1095 4045 1174 4098 Drsd.
1193 4048 1218 4099 1.
1237 4043 1317 4098 habet
1334 4044 1388 4095 att-

360 4138 487 4210 tolonge,
515 4137 589 4192 unde
614 4157 677 4191 cave
701 4137 774 4190 litem
800 4156 906 4190 moveas
922 4136 981 4190 voci
999 4137 1086 4205 longe.
1122 4133 1177 4185 Pro
1194 4132 1387 4183 iudicavissent

361 4231 386 4272 est
399 4224 558 4278 iudicassent
577 4225 605 4278 in
624 4223 684 4279 Cre.
703 4229 729 4278 1.
748 4228 773 4279 3.
793 4224 872 4279 Drsd.
892 4227 918 4278 t.
937 4230 962 4277 2.
981 4227 1006 4278 3.
1026 4227 1067 4286 5.;
1092 4221 1120 4274 in
1139 4220 1211 4274 Gud.
1230 4220 1262 4274 A.
1282 4217 1388 4270 iudico-

308 4339 311 4350 .
363 4320 411 4373 rent,
423 4313 448 4367 io
467 4314 540 4367 Gud.
553 4314 584 4367 B.
597 4314 740 4366 iudicasse.
777 4314 883 4367 liabent
900 4314 963 4366 item
983 4311 1147 4364 iudicassent
1161 4319 1223 4361 octo
1239 4305 1299 4359 Atti
1311 4303 1386 4356 Man.

309 4405 315 4447 i
364 4396 395 4459 qul
409 4402 467 4456 alios
485 4404 575 4475 legere
596 4403 679 4457 refert
697 4402 876 4465 indicassent,
903 4402 920 4456 i.
940 4422 963 4455 e.
981 4399 1170 4461 ostendissent,
1190 4394 1263 4465 quod
1281 4392 1387 4464 reperio

311 4489 326 4576 ll
364 4477 382 4530 lt
396 4484 434 4542 Ed.
451 4491 482 4544 ll.
501 4490 597 4544 Wollii
614 4492 643 4544 in
662 4502 769 4557 annot,
787 4510 839 4547 nec
854 4511 916 4546 sero
934 4491 963 4544 in
983 4487 1117 4545 contestis.
1134 4514 1167 4524 -
1195 4481 1278 4549 Quod
1297 4490 1386 4534 aulem
