3517 5450
374 703 445 775 170
700 725 871 771 amtooxt
899 724 1092 771 sroroomm.

444 885 598 939 Virtutibus
610 885 720 957 denique
734 886 861 950 omnibus,
878 897 910 938 ut
920 887 1062 951 moenibus,
1077 887 1208 956 saeptum]
1229 885 1296 939 Cod.
1306 887 1400 942 Drsd.5.

371 974 506 1027 viribus
526 974 646 1045 denique.
689 975 720 1025 ln
740 973 873 1044 prioribus
892 973 959 1027 cod.
979 973 1030 1028 Ox.
1057 973 1135 1028 babet
1160 976 1347 1027 contentione
1361 995 1400 1046 pro

370 1062 594 1131 contemptione.
639 1060 720 1129 Quod
739 1061 765 1115 b.
784 1063 802 1115 Ι.
821 1062 887 1116 dicit
906 1063 1069 1128 virtutibus,
1088 1074 1121 1115 ut
1139 1063 1284 1129 moenibus,
1301 1075 1399 1133 saeptus.

370 1169 448 1221 supra
468 1150 498 1201 ΙΙ.
520 1168 577 1221 pro.
596 1148 658 1201 dixit
676 1158 718 1199 tot
737 1149 871 1200 virtutum
888 1150 1032 1218 praesidio.
1078 1150 1119 1202 Ad
1148 1150 1232 1203 nostri
1261 1149 1315 1203 loci
1337 1151 1396 1202 rerba

371 1239 475 1292 confert
492 1239 573 1309 Borg.
589 1236 646 1291 Cic.
665 1236 698 1289 de
716 1235 796 1289 Finn.
815 1235 836 1302 l,
856 1240 904 1291 16:
922 1237 1043 1307 Quodsi
1061 1239 1108 1309 qui
1125 1266 1160 1277 —
1179 1238 1302 1307 saepti
1318 1255 1366 1288 esse
1378 1247 1396 1286 et

369 1327 495 1377 interriti
512 1326 654 1387 videnter,⁸
675 1324 708 1377 de
726 1325 783 1378 Pet.
803 1327 885 1378 Cone.
902 1329 933 1377 7:
968 1329 1005 1377 Ut
1023 1353 1059 1364 -
1078 1326 1153 1377 homo
1170 1354 1207 1364 -
1225 1324 1310 1376 nullis
1325 1326 1395 1375 amicis

368 1424 513 1483 saeptae
531 1413 660 1464 homnem
671 1440 707 1455 -·
720 1412 787 1465 bona
800 1413 999 1465 existimatione
1018 1433 1067 1465 mu
1076 1414 1153 1465 nitu
1163 1433 1188 1465 m
1205 1423 1393 1483 praecurrat,-

362 1500 430 1568 fieri
447 1519 499 1552 non
513 1509 614 1569 potest.
657 1499 722 1553 Post
748 1510 859 1569 saeptos
885 1499 970 1554 codd.
998 1501 1077 1554 Drsd.
1096 1504 1120 1553 1.
1139 1505 1165 1556 3.
1188 1512 1307 1573 pergunt
1326 1519 1394 1553 nun·

368 1589 454 1659 quid
471 1587 592 1639 vincetur
609 1607 671 1640 cum
690 1587 740 1642 Ed.
758 1588 820 1642 Par.
840 1608 860 1641 s.
879 1608 903 1642 a.
939 1587 1062 1660 Sequens
1079 1599 1106 1640 et
1124 1588 1253 1643 omittunt
1271 1592 1326 1641 Cri.
1345 1593 1393 1641 zet

368 1673 488 1728 Drsd.3.
524 1674 595 1727 Turn
613 1673 720 1728 suerin.
736 1686 937 1748 expugnatur.
974 1678 1031 1730 Mr.

441 1764 470 1813 N
474 1781 509 1813 ec
526 1764 585 1815 eui
602 1764 716 1834 quidem]
736 1766 845 1835 „Neque
866 1767 965 1817 unus.“
984 1764 1057 1818 Ald.
1075 1766 1160 1818 Man.
1208 1765 1282 1819 Haec
1300 1775 1334 1818 est
1349 1760 1390 1815 Atti

369 1849 506 1903 annotatio
525 1850 553 1904 in
571 1850 621 1904 Ed.
637 1850 756 1904 Graevii:
777 1851 848 1903 unde
867 1851 953 1906 hausit
972 1852 1072 1906 Gernh.
1091 1855 1119 1906 in
1137 1873 1184 1907 sua
1202 1864 1295 1906 annot
1305 1853 1329 1905 id
1340 1849 1390 1923 quod

367 1939 404 1992 ibi
422 1939 547 2011 legimus:
566 1958 652 1991 unum
672 1938 732 1991 Atdi
752 1939 881 1992 Codicem
900 1938 998 1992 habere
1019 1943 1136 2012 Neque
1154 1942 1200 1993 cui
1217 1941 1332 2013 quidem,
1349 1936 1390 1990 reii-

367 2047 434 2098 quos
452 2028 482 2096 (i.
501 2047 522 2079 e.
548 2026 641 2081 decem
668 2038 693 2081 et
719 2027 834 2098 septem)
864 2026 987 2080 exhibere
1011 2048 1070 2080 nee
1096 2029 1159 2081 cui.
1175 2030 1291 2100 quidem.
1331 2023 1389 2094 Quod
1424 2062 1426 2115 4

365 2115 445 2185 plane
464 2114 558 2166 salsum
575 2126 620 2168 est.
661 2114 706 2167 Est
726 2116 797 2166 enim
817 2113 841 2167 h.
860 2113 877 2168 Ι.
897 2115 924 2167 in
944 2115 992 2169 Ed.
1012 2115 1118 2169 Graevii
1136 2137 1207 2169 unus
1226 2136 1256 2169 er
1274 2116 1322 2169 illis
1337 2132 1389 2167 erro

365 2204 454 2270 ribus,
475 2223 542 2274 quos
560 2202 630 2255 haud
652 2221 752 2273 paucos
771 2203 898 2255 habet‘ea
917 2203 1006 2257 editio.
1042 2205 1167 2257 Debebat
1184 2224 1240 2257 esse
1252 2204 1343 2256 lemma
1356 2219 1388 2253 ar·

366 2289 521 2343 notationis:
541 2291 665 2361 quince
683 2290 733 2341 civ.
753 2290 784 2358 (i.
803 2309 827 2341 e.
844 2290 962 2360 civitate)
980 2293 1102 2364 quidem:
1122 2293 1154 2345 ad
1174 2293 1249 2364 quod
1268 2293 1343 2344 rese'rt
1356 2287 1387 2342 dl-

366 2377 427 2443 dus,
447 2395 532 2429 unum
550 2376 648 2429 habere
667 2377 714 2448 qui
731 2396 841 2449 neque
859 2380 971 2430 civitate
989 2381 1106 2452 quidem,
1126 2380 1246 2452 reliquos
1264 2369 1387 2432 omnesha-

365 2466 428 2518 bere
448 2467 495 2537 qui
512 2485 569 2517 neo
587 2467 698 2518 civitate
723 2467 842 2538 quidem,
868 2479 898 2521 ut
916 2468 1015 2522 habent
1040 2469 1118 2521 etiam
1144 2467 1231 2521 Codd.
1257 2469 1333 2534 Orm,
1357 2486 1386 2517 er·

364 2564 443 2624 cepto
462 2552 512 2620 N.,
533 2574 642 2621 omnes,
664 2555 782 2626 itemque
807 2554 887 2608 Drsd.
905 2561 930 2610 2.
949 2562 974 2610 4.
995 2556 1065 2609 Gnd.
1079 2557 1111 2610 A.
1132 2557 1163 2610 Β.
1182 2559 1312 2629 (quorum
1328 2556 1386 2628 prior,

365 2641 490 2709 Gudm„
510 2643 608 2696 omittit
627 2643 746 2715 quidem)
765 2655 791 2696 et
809 2642 917 2700 Suerin.
935 2644 1012 2698 Alter
1033 2656 1072 2698 est
1090 2664 1168 2700 error
1185 2647 1214 2697 in
1234 2645 1283 2698 Ed.
1303 2640 1385 2703 Gemi..
1425 2696 1426 2726 i

364 2752 417 2784 esse
434 2732 499 2785 ittud
517 2752 563 2784 nee
582 2762 617 2773 -
636 2733 742 2803 quidem
761 2734 789 2785 in
809 2732 876 2786 Edd.
896 2745 956 2789 vett.
976 2734 1101 2786 omnibus
1119 2745 1182 2787 ante
1200 2734 1297 2788 Graev.
1307 2744 1331 2786 et
1343 2730 1385 2781 Em·
1425 2759 1426 2804 3

364 2831 469 2890 praeter
496 2839 564 2890 quos
590 2819 691 2873 nuttam
710 2820 760 2872 Ed.
786 2821 884 2875 habere
905 2822 1046 2893 suspiceris
1069 2842 1101 2874 ne
1119 2852 1155 2861 -
1174 2823 1281 2894 quidem
1303 2840 1330 2873 er
1349 2816 1385 2869 eius

363 2908 545 2961 annotatione.
591 2908 643 2962 Sed
669 2909 703 2963 ita
724 2909 847 2964 exhibent
865 2911 933 2965 Edd.
953 2913 1022 2966 Vict.
1049 2914 1155 2964 Camer.
1183 2911 1277 2963 bamb.
1301 2905 1384 2962 Lambi-

363 2995 442 3068 Goth.
462 2994 558 3049 Colon.
577 2996 647 3049 tud.
684 2997 742 3052 Tat.
762 2998 839 3053 Grut.
858 2996 944 3053 Gron.
963 3011 989 3054 et
1006 3019 1081 3071 seqq.
1100 3018 1204 3066 omnes,
1224 3009 1328 3070 excepto
1339 2995 1385 3048 Fac·

362 3084 474 3151 cioiato,
495 3087 570 3138 cuius
589 3087 725 3139 annotatio
745 3086 810 3141 haec
830 3100 880 3141 est:
910 3090 1000 3158 „Quin
1017 3106 1049 3139 ne
1068 3117 1102 3125 —
1121 3087 1176 3139 Atii
1202 3089 1295 3140 omnes
1318 3085 1384 3153 legunt

362 3174 409 3243 qui
436 3192 476 3229 ne.
522 3173 660 3242 Quoniam
685 3176 712 3227 in
744 3187 804 3229 vett.
828 3175 924 3243 MSS„
947 3176 1025 3241 *unde
1050 3175 1115 3229 haec
1143 3186 1249 3244 sumpta
1270 3183 1383 3238 summer

361 3280 443 3315 unam
474 3263 583 3315 fortasse
602 3263 769 3335 eandemque
793 3263 908 3317 litteram
933 3284 950 3317 n
975 3264 1119 3316 finiebatur
1136 3282 1183 3314 vox
1204 3263 1292 3333 prior,
1317 3271 1338 3313 et
1355 3257 1383 3307 1'11·

360 3350 506 3405 choabatur
527 3352 666 3421 posterior,
689 3372 739 3406 nec
758 3354 784 3405 id
805 3353 931 3407 librarius
946 3354 1070 3417 advertit,
1095 3351 1159 3405 hino
1176 3352 1246 3404 sacta
1267 3361 1302 3403 est
1319 3344 1383 3419 perio·

359 3440 408 3492 dus
426 3460 479 3492 una
498 3460 547 3511 pro
567 3441 678 3493 duabus.
724 3442 759 3493 At
778 3442 826 3494 nisi
851 3442 954 3512 legatur
973 3442 1038 3513 quin
1058 3451 1085 3493 et
1105 3458 1173 3492 nova
1192 3438 1239 3491 snt
1258 3431 1382 3509 propositio

359 3527 386 3578 in
402 3546 482 3596 quam
501 3547 530 3580 ea
550 3528 723 3595 conveniant,
754 3549 822 3600 quae
840 3541 1008 3601 sequuntur,
1033 3548 1090 3581 non
1116 3538 1188 3581 reete
1211 3525 1327 3599 procedit
1341 3537 1382 3574 ort·

358 3615 424 3666 ti0.“
443 3643 476 3653 -·
514 3614 573 3670 Mr.

430 3705 477 3773 qui
495 3704 655 3755 incivitate
675 3706 780 3777 quidem
797 3707 862 3775 pelli
875 3707 998 3777 potesti]
1027 3706 1087 3758 Non
1108 3705 1213 3757 videtur
1231 3698 1380 3757 necessarium

358 3793 474 3844 refutare
491 3790 566 3856 ittos,
598 3794 694 3864 quibus
711 3795 855 3849 Facciolati
883 3796 1034 3848 emendatio
1060 3797 1153 3866 (quin)
1184 3793 1289 3865 plaeere
1315 3785 1382 3861 possit:

358 3900 446 3951 neque
466 3881 548 3950 magis
567 3899 619 3947 eos,
640 3883 686 3953 qui
705 3883 771 3937 iliud
791 3884 938 3937 multorum
958 3885 1089 3937 librorum
1100 3882 1230 3936 mendum
1243 3882 1289 3952 qui
1304 3894 1379 3929 nec*

334 3968 464 4047 *quidem
481 3969 590 4022 sortasse
616 3971 779 4040 postliminio
803 3974 1004 4039 reducendum,
1033 3974 1053 4025 si
1080 3972 1125 4042 qui
1151 3981 1226 4035 sunt,
1256 3966 1379 4020 existiment·

356 4054 492 4107 Maiumus
510 4056 608 4110 addere
627 4059 829 4130 Wyttenbachii
848 4062 1064 4124 annotationem,
1087 4076 1252 4130 quamquam
1272 4073 1322 4108 non
1338 4065 1380 4121 pos·

356 4161 447 4217 sumus
457 4162 518 4195 cum
538 4164 570 4197 eo
584 4146 682 4214 facere,
702 4167 762 4200 cum
777 4148 907 4220 Scioppio
918 4150 981 4218 (vid.
992 4148 1139 4201 Exeursum
1149 4145 1208 4214 Vl.)
1223 4141 1380 4198 contendente

356 4232 418 4285 inde
437 4252 452 4285 a
473 4234 558 4288 verbis
577 4237 714 4306 Sapientis
733 4240 840 4291 enimus
856 4267 891 4278 -
910 4258 959 4291 nos
972 4256 1026 4291 non
1045 4236 1143 4309 quarti,
1162 4236 1207 4288 sed
1223 4234 1313 4306 quinti,
1327 4224 1379 4281 cuim

357 4321 461 4373 initium
481 4322 547 4376 desit
567 4335 596 4377 ut
615 4327 701 4395 quarti
722 4348 783 4398 pars
802 4328 928 4394 maxima,
960 4327 1038 4379 verba
1058 4336 1085 4378 et
1103 4324 1290 4396 expositionem
1307 4319 1377 4385 legere.

357 4407 394 4460 lta
412 4420 500 4461 autem
520 4410 579 4464 itte=
604 4412 681 4478 „Hoc
701 4418 789 4469 statim
809 4418 949 4471 manifesto
968 4428 1007 4470 est
1022 4413 1122 4467 indicio
1141 4412 1294 4463 Ciceronem
1310 4408 1376 4458 conis³

357 4493 496 4564 Clodium,
525 4518 612 4571 aquo
634 4502 787 4558 inexilium
814 4505 935 4577 expulsus
954 4505 1058 4569 fuerat,
1087 4500 1154 4555 illud
1174 4495 1337 4554 contendere,
1356 4499 1374 4534 ⁵⁰
