3517 5450
856 1410 1068 1472 nxcnnsns
1093 1414 1114 1468 ι.

761 1548 836 1622 ΑΙ)
871 1547 1211 1622 PROOEMIUM.

660 1752 759 1831 Quae
782 1748 952 1813 dicuntur
975 1749 1012 1812 in
1036 1745 1161 1811 scholis
1183 1745 1317 1815 θετικᾰ.

463 1902 501 1981 ln
526 1923 575 1976 bac
594 1923 724 1987 editione,
752 1940 820 1992 quae
846 1920 920 1990 quasi
947 1918 1164 1990 supplementum
1191 1927 1230 1970 est
1258 1916 1387 1970 editionis
1413 1924 1503 1968 nostrae

465 2013 689 2075 Tusculanarum,
709 2030 788 2081 qnam
808 2018 869 2062 octo
889 2007 987 2060 abhinc
1004 2007 1082 2059 annis
1100 2007 1245 2073 edidimus,
1265 2027 1329 2061 cum
1351 2005 1429 2058 nobis
1444 2004 1503 2056 idem

462 2103 494 2154 sit
515 2099 695 2172 propositum,
721 2096 792 2169 quod
814 2097 841 2149 in
861 2095 920 2161 itta,
948 2107 977 2149 ut
994 2095 1105 2148 excussis
1124 2094 1197 2148 libris
1223 2106 1248 2148 et
1265 2094 1376 2165 scriptis
1393 2103 1419 2146 et
1434 2092 1505 2154 editis,

464 2188 501 2241 vel
523 2187 626 2259 pridem
644 2187 676 2238 ab
696 2183 752 2236 aliis
772 2184 809 2236 rel
830 2203 922 2236 recens
941 2182 1043 2236 collatis
1061 2182 1287 2253 atqueinspectis‚
1307 2181 1428 2252 primum
1440 2179 1506 2232 eice·

465 2275 538 2328 ronis
551 2273 638 2339 verba,
658 2283 789 2343 quantum
807 2270 916 2342 quidem
932 2270 1012 2322 lteris
1026 2270 1103 2322 nobis
1117 2280 1213 2340 posset,
1232 2269 1382 2340 integritati
1397 2268 1506 2320 restitue-

465 2373 574 2425 rentur,
593 2360 775 2430 haberentque
794 2359 907 2412 lectores
927 2358 965 2410 vel
985 2357 1031 2429 qni
1051 2370 1109 2429 post
1128 2378 1177 2411 nos
1197 2356 1272 2411 bunc
1290 2357 1416 2409 libellum
1435 2365 1508 2418 ¹essent

465 2448 576 2514 edituri,
595 2467 650 2520 quo
667 2448 744 2500 velnti
765 2447 940 2500 fundamento
959 2447 1029 2500 iacto
1048 2466 1095 2499 sua
1114 2456 1348 2518 superstruerent:
1375 2445 1470 2499 deinde
1484 2462 1508 2496 er

465 2536 513 2587 sub
540 2546 713 2606 conspectum
740 2546 765 2587 et
796 2534 919 2587 obtutum
946 2534 1036 2605 paullo
1067 2532 1281 2587 commodiorem
1310 2542 1401 2584 essent
1427 2531 1508 2602 posits,

466 2640 533 2693 quae
554 2641 568 2674 a
588 2622 648 2674 viris
666 2621 751 2675 doctis
770 2620 829 2693 plus
847 2622 967 2674 minusve
986 2621 1099 2675 feliciter
1116 2621 1169 2674 sive
1187 2619 1354 2689 corrigendo
1368 2619 1422 2671 sire
1439 2619 1510 2690 expli·

466 2709 553 2763 cando
572 2721 657 2763 essent
676 2720 788 2774 tentata,
805 2710 896 2765 facere
915 2731 970 2764 non
991 2710 1081 2782 potui,
1101 2708 1182 2782 quin,
1202 2707 1248 2761 ubi
1268 2705 1347 2779 larga
1366 2706 1447 2760 nimis
1463 2726 1510 2759 rm·

466 2786 700 2868 teria'disputandi
719 2799 902 2862 succrevisset,
921 2798 1025 2871 aliquot
1050 2797 1181 2852 Excursus
1205 2795 1353 2861 adderem,
1381 2816 1418 2850 ne
1435 2815 1509 2849 anno·

466 2884 571 2939 tationis
596 2885 722 2939 contenis
748 2886 883 2939 subiectae
907 2886 979 2940 mole
1004 2885 1141 2957 scriptoris
1167 2884 1247 2936 rerba
1271 2884 1459 2938 obruerentur
1480 2880 1510 2934 rel

468 2971 542 3044 quasi
561 2970 621 3024 loco
640 2992 689 3026 suo
708 2973 924 3028 deturbarentur.
961 2973 995 3027 Et
1016 2973 1088 3026 lrunc
1106 2973 1215 3044 quidem
1234 2971 1386 3025 Excursum
1407 2973 1510 3045 primum

468 3060 502 3111 ito
520 3043 656 3112 instituere
676 3061 758 3112 visum
779 3072 830 3114 est:
849 3071 879 3113 ut
897 3061 1017 3131 singulos
1034 3061 1161 3132 deinceps
1177 3060 1341 3132 interpretes
1364 3062 1422 3114 suis
1438 3059 1509 3113 verbis

467 3145 607 3216 loquentes
623 3146 766 3213 inducam,
785 3148 820 3201 ita
841 3159 946 3216 tamen,
965 3160 994 3202 ut
1013 3168 1028 3200 a
1049 3148 1129 3201 meris
1147 3146 1356 3218 repetitionibus
1373 3146 1508 3200 earundem

467 3233 659 3286 sententiarum
679 3235 880 3308 eorundemque
900 3236 1024 3289 locorum
1043 3235 1199 3300 abstineam,
1220 3245 1277 3288 tum
1295 3253 1389 3287 meam
1401 3232 1509 3305 qualern·

469 3336 575 3391 cunque
593 3322 750 3375 sententiam
762 3322 870 3394 reliquis
882 3322 1037 3394 supplendis
1047 3322 1151 3377 addam.
1187 3322 1221 3375 Et
1230 3321 1398 3374 Erasmus
1413 3319 1508 3392 quidem

469 3406 549 3460 baec:
567 3412 672 3473 „dions
691 3411 834 3479 positiones
853 3422 915 3463 sunt
933 3421 959 3465 et
976 3422 1133 3483 argumenta
1152 3410 1356 3481 disputantium.
1403 3408 1434 3459 ln
1452 3424 1510 3459 non·

467 3493 547 3547 nullis
566 3494 704 3549 codicibus
722 3497 787 3550 falso
798 3498 928 3569 scriptum
947 3510 1003 3551 erat
1019 3495 1143 3568 erpetui,
1163 3509 1189 3550 et
1206 3496 1342 3550 adiectum
1356 3495 1509 3565 possessivo:

469 3600 632 3655 quamquam
651 3594 677 3638 et
695 3586 721 3638 in
742 3587 836 3640 ceteris
852 3587 971 3656 positiva
983 3606 1038 3640 non
1052 3605 1066 3638 a
1079 3584 1170 3638 Tullio
1182 3584 1312 3649 additum,
1333 3582 1380 3636 sed
1400 3581 1510 3635 electore

465 3690 528 3724 reor
546 3669 678 3724 adiectum
699 3673 804 3726 suisse.“

538 3758 666 3829 Xystus
685 3759 882 3813 Betuleius:
905 3759 1134 3829 „Quintittibtt
1153 3778 1176 3811 c.
1193 3761 1226 3812 ὗε
1245 3762 1278 3809 In
1292 3756 1456 3825 Itos-optime
1469 3754 1511 3823 sa·

468 3846 537 3898 cient
557 3846 683 3913 infinitae
702 3850 889 3919 quaestiones,
908 3867 977 3919 quos
998 3849 1089 3900 vocari
1108 3852 1193 3907 θέσεις
1213 3845 1346 3908 diximus,
1367 3839 1511 3914 quibusli-

468 3944 526 3980 cero
544 3931 598 3982 iam
614 3934 737 4003 princeps
754 3936 783 3987 in
801 3956 828 3988 re
844 3935 956 4005 publico
973 3936 1088 3988 exerceri
1111 3933 1224 3987 solebat.
1275 3929 1333 3983 Sed
1362 3930 1431 4002 quid
1455 3945 1511 3998 opus

470 4026 509 4069 est
527 4016 619 4070 alienis
638 4021 763 4075 testibus?
799 4023 857 4094 lpse
876 4024 928 4078 hoc
946 4023 979 4076 ad
999 4023 1118 4076 Atticum
1138 4021 1259 4075 scribens
1275 4018 1324 4071 lib.
1335 4018 1382 4083 lX,
1399 4019 1448 4085 [4.]
1466 4032 1511 4068 non

445 4118 447 4123 ’
468 4116 576 4159 testatur
595 4106 691 4171 modo,
711 4109 755 4161 sed
775 4111 853 4163 etiam
874 4111 1009 4183 exemplo,
1028 4122 1053 4163 et
1072 4130 1104 4163 eo
1118 4109 1240 4175 Graeco,
1258 4106 1434 4177 comprobat.
1467 4101 1511 4162 ste,

467 4192 591 4263 inquom,
611 4194 643 4247 ad
664 4195 781 4251 Atticum
801 4198 903 4251 scribit:
935 4199 989 4251 Sed
1006 4209 1109 4261 tamen,
1135 4214 1167 4249 ne
1187 4214 1227 4247 me
1245 4204 1337 4247 totum
1354 4187 1511 4264 aegritudini

467 4278 573 4346 dedam,
598 4286 700 4352 sumpsi
728 4286 792 4336 milri
817 4295 949 4356 tanquam
976 4288 1075 4351 θέσεις,
1107 4301 1176 4356 quae
1196 4293 1224 4334 et
1240 4281 1374 4351 politicae
1392 4289 1468 4343 sunt,
1491 4283 1511 4324 tl

468 4375 613 4436 temporum
632 4372 733 4436 horum,
752 4383 784 4423 ut
802 4383 827 4423 et
847 4373 979 4425 abducam
998 4373 1117 4424 animum
1135 4390 1154 4423 a
1172 4369 1307 4443 querelis,
1326 4380 1355 4421 et
1368 4371 1400 4421 in
1417 4386 1446 4419 eo
1458 4366 1510 4433 iptts

466 4450 496 4499 ὅθ
514 4472 566 4522 quo
584 4460 693 4527 flgitur,
711 4479 842 4512 exercear.
878 4461 983 4513 Deinde
1002 4460 1108 4515 subiicit
1131 4457 1288 4530 exemplum
1316 4457 1351 4510 de
1375 4449 1509 4528 tyrannide·
