3517 5450
358 700 433 774 234
687 723 858 773 rannooxa
887 723 1083 772 srorconor.

359 895 414 938 tum
434 883 514 936 Drsd.
534 887 559 938 1.
577 885 602 938 3.
628 885 773 954 imperanti
790 894 926 943 aetare5
956 882 1035 935 Drst.
1055 887 1081 938 5.
1100 894 1125 936 ει
1143 883 1202 937 Bas.
1230 903 1331 954 negare
1354 905 1401 936 oa-

358 974 427 1038 det,
447 972 516 1022 ninii
533 990 656 1023 recusare
672 982 802 1041 pateat.
852 970 893 1023 Ad
915 971 993 1022 verba
1014 971 1120 1024 confert
1147 971 1230 1042 Borg.
1250 971 1308 1026 Cic.
1334 975 1397 1026 Vcrr.

358 1057 403 1123 ill,
423 1062 470 1110 ss't:
499 1059 579 1127 Quod
601 1069 743 1127 praeterea
772 1061 866 1111 Verres
892 1060 1059 1127 imperat,
1082 1059 1113 1109 id
1130 1072 1309 1115 recusent.
1346 1061 1400 1113 Edi.

357 1146 449 1198 Lamb.
469 1157 494 1198 et
511 1144 606 1198 Colon.
624 1146 694 1197 niliii
710 1164 839 1216 negare
857 1147 1060 1215 imperanti.
1097 1145 1156 1199 ΜΓ.

428 1234 496 1284 nihil
513 1234 608 1300 audet]
644 1235 740 1298 „Nihil
757 1252 884 1305 negare
904 1233 1008 1285 carlet?
1034 1245 1104 1287 octo.
1142 1235 1222 1286 Nihil
1245 1255 1399 1288 recusare

357 1321 461 1373 carlet?
479 1322 598 1375 decem.“
617 1321 690 1374 ΑΙιΙ.
710 1321 798 1374 Man.
844 1322 943 1388 „Nihil
960 1323 1145 1374 recusanti
1164 1324 1251 1373 audet
1270 1325 1317 1390 -]
1344 1324 1398 1374 Ver·

357 1411 420 1462 bum
442 1427 566 1461 recusare
585 1428 639 1462 non
666 1410 830 1480 conspicitur
856 1410 884 1460 in
901 1408 1014 1462 Mauric.
1039 1408 1172 1481 habetque
1191 1400 1244 1481 pro
1264 1410 1398 1482 paedagogi

356 1498 505 1552 adiectione
524 1496 650 1551 Gulielm.
670 1509 696 1550 ει
716 1517 776 1550 vero
795 1497 820 1549 id
842 1516 950 1569 quoque
968 1497 1085 1551 editione
1103 1517 1151 1569 sua*
1163 1498 1243 1551 eiecit
1260 1498 1344 1552 ΑΙᾶυε
1360 1518 1397 1550 ne·

357 1608 419 1658 pos,
439 1586 483 1638 sed
503 1586 560 1637 sine
578 1586 713 1658 suffragiis
733 1586 863 1638 librorum
883 1589 1021 1639 suorum.“
1036 1585 1174 1641 Gruter.
1222 1587 1306 1654 Quod
1326 1598 1361 1640 est
1375 1587 1395 1638 iu

357 1674 481 1725 lemmate
506 1673 616 1727 Gruteri
643 1680 794 1737 recusanti,
822 1684 859 1725 εει
888 1690 964 1726 error
994 1673 1032 1725 vel
1059 1672 1154 1726 calami
1181 1674 1273 1745 lapsus
1302 1673 1397 1726 Gruteri

357 1762 452 1833 ipsius,
472 1763 514 1816 cui
534 1763 561 1815 in
580 1782 645 1815 aure
663 1774 784 1828 sonaret,
810 1761 883 1833 quod
903 1761 994 1832 paullo
1013 1773 1075 1815 ante
1099 1773 1138 1815 εει
1157 1763 1312 1831 imperanti.
1355 1760 1396 1812 set

356 1852 521 1922 repetierunt
538 1863 627 1905 tamen
647 1850 763 1903 eundern
783 1868 903 1902 errorem
923 1848 1068 1914 editiones,
1090 1849 1117 1901 in
1138 1850 1238 1921 quibus
1255 1859 1319 1901 sunt
1337 1847 1398 1899 Gru·

357 1941 404 1992 teri
424 1939 627 2005 annotationes,
647 1960 668 1990 v.
689 1958 712 1992 c.
729 1937 891 1990 Gruteriana
910 1936 1086 1988 Londineneis
1104 1939 1183 1989 1581.
1205 1937 1224 1989 i.
1241 1956 1295 2002 nn,
1313 1934 1397 1988 Schm-

356 2028 413 2080 veiii
433 2027 612 2092 Eieeririana,
630 2027 714 2098 Lugd.
731 2026 788 2078 Bat.
806 2029 887 2080 1661.
906 2029 931 2078 4.
950 2024 1138 2090 Gronoviana,
1158 2024 1244 2094 Lugd.
1264 2024 1396 2077 Baittitt.

355 2122 380 2171 4.
402 2147 436 2154 -
468 2113 639 2186 Car.Stepi1.
666 2135 695 2167 ex
713 2135 762 2166 suo
781 2126 867 2168 vetere
887 2113 1002 2166 enotavit
1020 2115 1089 2165 nihil
1113 2131 1281 2164 recusare
1306 2110 1397 2165 audet?

359 2205 478 2266 Vrrburn
505 2203 673 2255 interiectum
699 2203 825 2268 pmittunt
850 2201 916 2254 Oxi.
934 2219 957 2254 σ.
977 2218 1005 2261 ψ.
1035 2200 1102 2252 Edd.
1129 2199 1205 2270 Sytb.
1232 2199 1396 2271 Car..Steph.

358 2293 389 2345 ΙΙ.
409 2292 496 2346 Wott.
516 2291 577 2344 Atd.
594 2295 671 2345 1552.
709 2291 738 2343 ln
759 2289 844 2342 codd.
863 2289 943 2342 Drsd.
961 2291 986 2340 1.
1004 2292 1030 2342 3.
1049 2299 1074 2340 ει
1091 2287 1160 2340 Edd.
1179 2288 1240 2340 Asc.
1252 2291 1331 2341 1511.
1347 2287 1396 2338 Par.

356 2404 374 2435 ε.
393 2401 417 2434 a.
436 2380 533 2451 legitur
552 2379 622 2430 nini!
639 2379 693 2430 eni
700 2397 725 2428 m
744 2395 867 2429 recusare
886 2377 987 2441 auriet3
1005 2376 1032 2428 in
1051 2375 1117 2427 Edd.
1136 2374 1209 2428 Crat.
1228 2385 1256 2428 ει
1275 2375 1346 2427 Man.
1362 2373 1396 2424 ri·

360 2470 400 2520 til
418 2471 479 2538 imp.
496 2487 593 2540 negare
609 2476 716 2537 potest,
745 2466 813 2517 nihil
830 2466 957 2536 negare
983 2465 1080 2527 audet,
1108 2463 1152 2516 sed
1174 2482 1225 2534 pro
1254 2481 1349 2534 negare
1374 2462 1395 2512 in

357 2575 440 2627 marg.
462 2565 498 2609 εει
517 2573 649 2608 recusare.
687 2551 755 2606 cod.
775 2551 825 2605 Ox.
846 2551 879 2603 U.
899 2551 977 2605 habet
995 2552 1112 2614 audeat,
1142 2570 1195 2622 pro
1213 2553 1309 2605 audet.
1347 2548 1395 2601 Mr.

426 2645 533 2708 Poscit,
554 2642 671 2692 dandum
689 2650 746 2693 eat:
764 2650 856 2703 vocnt,
876 2641 1059 2706 veniendum]
1097 2638 1202 2707 Quater
1220 2637 1320 2692 habent
1337 2637 1397 2708 gios-

357 2753 410 2784 sam
430 2734 453 2784 si
472 2732 649 2802 praepositam
676 2731 714 2794 (ei
730 2731 816 2798 poscit
836 2758 869 2766 -
890 2729 914 2780 si
937 2739 1016 2781 vocat
1036 2753 1069 2767 ·-
1087 2729 1112 2780 ci
1134 2729 1208 2778 eiicit
1228 2756 1264 2766 -
1282 2728 1307 2781 si
1323 2728 1397 2777 mino-

356 2826 416 2883 tur)
447 2820 516 2872 Edd.
543 2818 616 2873 Crat.
643 2818 715 2870 Man.
743 2819 1006 2872 venustatam.
1035 2816 1114 2870 ΙΙεΙΙΙε.
1138 2817 1200 2869 Par.
1218 2819 1301 2871 1512.
1325 2814 1396 2884 Lugd.

354 2909 419 2980 Arg.
449 2908 515 2961 Dav.
544 2905 604 2959 ΑΙιΙ.
623 2909 701 2960 151ἵ.
726 2906 770 2959 Bis
798 2907 878 2975 (sip.
898 2935 932 2947 -
951 2908 975 2957 si
1002 2911 1041 2971 a.)
1070 2903 1138 2957 cod.
1163 2905 1246 2958 Drsd.
1266 2909 1304 2968 5.;
1328 2900 1396 2956 semel

356 2999 393 3060 (si
409 2997 510 3065 poscit)
529 3006 601 3048 vetus
619 2994 709 3047 Caroli
727 2992 818 3066 Steph.
839 2994 957 3047 Alteram
977 2993 1105 3064 glossam,
1127 2994 1273 3065 repetitum
1291 3004 1331 3045 est
1350 2999 1397 3063 post

359 3085 513 3137 veniendum
533 3112 567 3121 -
587 3081 738 3134 abeundum
758 3113 791 3121 -
810 3084 1034 3135 extimescendam
1053 3082 1151 3135 babent
1170 3080 1259 3134 Codd.
1278 3080 1336 3133 Cre.
1344 3083 1365 3132 1.
1377 3082 1396 3130 2.

356 3172 435 3225 Drsd.
454 3175 478 3224 1.
498 3174 522 3226 3.
543 3176 568 3225 5.
588 3169 654 3223 Edd.
675 3171 733 3225 Asc.
753 3176 778 3225 1.
798 3176 822 3224 ².
846 3184 873 3225 ει
891 3172 950 3225 Par.
969 3192 989 3223 s.
1006 3190 1029 3225 a.
1075 3171 1129 3223 Pro
1151 3170 1242 3239 parcit
1268 3182 1306 3223 est
1329 3176 1396 3239 rogat

355 3260 382 3311 in
402 3258 473 3313 Gud.
490 3257 539 3325 Α.,
556 3260 641 3328 potnit
663 3260 689 3312 in
711 3258 776 3311 cod.
796 3262 853 3311 Cre.
875 3263 900 3313 3.
947 3260 1034 3313 Verba
1051 3260 1138 3328 poscit
1166 3279 1252 3329 usque
1280 3260 1312 3311 ad
1336 3255 1395 3309 exti-

358 3349 524 3400 mescendum
542 3347 637 3401 desunt
657 3348 682 3401 in
703 3347 770 3402 cod.
790 3349 870 3401 Drsd.
889 3353 916 3404 4.
964 3350 1018 3401 Pro
1038 3360 1114 3401 vorot
1134 3347 1194 3400 Cre.¹
1207 3354 1234 3401 2.
1252 3349 1330 3402 habet
1346 3350 1394 3406 ciet,

357 3448 411 3489 tum
432 3436 517 3488 statim
536 3436 652 3505 (omissis
680 3437 764 3489 verbis
785 3437 891 3490 duobus
918 3422 1025 3505 mediis)
1047 3436 1229 3489 abeuntium.-
1258 3439 1313 3490 Pro
1336 3436 1394 3488 eiicit

356 3528 414 3578 Crz.
433 3528 457 3577 1.
477 3524 555 3577 habet
572 3524 634 3575 eicit
643 3546 652 3585 ,-
672 3526 793 3576 minatur
809 3526 908 3579 omittit
926 3525 976 3578 Ox.
995 3544 1022 3588 ψ.
1059 3507 1123 3578 Ι)οει
1141 3526 1302 3578 veniendum
1319 3535 1343 3579 et
1358 3542 1393 3574 ex-

356 3614 543 3666 timescendam
569 3613 666 3666 babent
692 3624 731 3666 εει
754 3613 820 3666 Oxx.
839 3613 870 3666 E.
890 3613 908 3665 Ι.
927 3612 972 3675 U.;
990 3612 1072 3666 Gud.
1091 3613 1123 3666 Α.
1144 3613 1186 3677 B.;
1219 3624 1322 3667 tantum
1347 3621 1394 3682 post

357 3701 511 3751 veniendum
530 3699 580 3753 Ox.
598 3718 640 3764 aa,
665 3702 710 3772 qui
737 3702 836 3755 omittit
853 3703 932 3755 etiam
951 3701 1180 3755 extimescendum.
1225 3703 1290 3756 Post
1308 3703 1393 3754 abean-

359 3786 421 3836 dam
440 3787 545 3841 additur
562 3800 602 3839 est
621 3791 648 3841 in
669 3788 740 3844 Gud.
761 3791 799 3844 A.
840 3790 895 3842 Pro
914 3789 1065 3842 abeundum
1083 3790 1112 3841 in
1130 3790 1213 3844 Dran.
1232 3796 1258 3845 5.
1283 3804 1322 3845 εει
1337 3789 1393 3841 abii·

355 3873 484 3931 ciendam.
521 3876 600 3936 Drsd.
620 3881 645 3929 2.
664 3877 780 3932 exhibet:
801 3890 878 3931 vocat
897 3897 937 3931 en
954 3871 1112 3931 veniendim
1127 3889 1180 3931 εει.
1218 3879 1279 3933 Με.

429 3963 534 4029 l'oicit,
558 3964 675 4017 dandam
699 3977 740 4019 est
767 3971 813 4037 —]
851 3966 913 4033 „Sic
937 3967 1029 4020 decem
1054 3978 1169 4039 septem:
1205 3980 1288 4021 recte.
1331 3966 1392 4018 Uota

355 4051 379 4101 si
395 4051 496 4119 poscit,
515 4050 554 4101 eic
573 4064 664 4121 vocat,
683 4056 760 4110 male.
799 4057 896 4120 Eitea,
923 4056 1059 4108 minatur:
1079 4056 1118 4109 sic
1137 4075 1234 4109 omnes
1259 4057 1319 4109 mci.
1345 4053 1391 4107 vid.

356 4140 464 4195 Terent.
487 4140 610 4195 Eunuch.
628 4146 654 4211 t,
673 4149 702 4198 1:
1083 4146 1085 4149 ’

470 4230 545 4301 Quid
561 4231 648 4302 igitar
661 4232 791 4303 faciam?
809 4256 860 4287 non
879 4235 960 4287 earn?
979 4254 1010 4287 ne
1031 4255 1103 4287 nunc
1121 4237 1246 4307 quidem,

472 4324 536 4371 Cum
555 4321 788 4374 arcessoraitro?
806 4326 951 4393 capotius
969 4326 1011 4375 ito
1029 4344 1068 4375 me
1087 4343 1252 4394 comparem,
1340 4336 1344 4343 '

420 4464 422 4467 Α
472 4409 531 4459 Νοη
549 4410 652 4479 perpeti
670 4412 835 4490 meretricari
854 4411 1052 4465 contumelias?

472 4495 606 4564 Exclusit,
626 4510 749 4553 revocat:
769 4490 902 4554 retinam?
914 4523 966 4555 non
984 4502 1008 4554 εἰ
1022 4520 1061 4552 me
1078 4501 1225 4555 obsecret.“
1244 4500 1313 4558 Ald.
1324 4499 1390 4553 Man.
