3517 5450
611 416 807 465 remooxon
826 420 870 466 vr.
898 420 967 468 cae.
987 421 1023 468 u.
1264 398 1337 473 295

286 581 326 666 11.
346 576 428 632 Oros.
449 577 481 642 V,
499 578 543 629 at.
564 575 658 631 Vellei.
672 577 780 633 Petere.
798 575 831 643 ll,
851 581 894 633 11.
912 578 984 651 apud
1003 598 1072 651 quoe
1090 582 1141 636 rid.
1159 583 1205 654 qui
1224 582 1336 637 laudan-

283 675 327 719 tur
344 667 379 720 ab
403 664 566 735 interprett.]
617 662 743 717 Formam
769 663 942 733 locupletium
961 665 1067 730 ⁴babent
1091 668 1151 723 libri
1177 669 1336 740 paucissimi,

283 752 309 806 in
328 753 430 825 quibus
447 770 513 805 num
529 752 582 806 sint
601 753 719 823 ponendi
738 752 917 819 Osonienses,
935 754 969 807 ad
989 754 1048 811 Et.
1059 754 1173 819 Oliveti,
1200 776 1275 829 quae.
1289 758 1336 811 ba-

282 842 327 894 bet
345 841 534 909 locupletium,
554 840 653 904 collati,
669 841 772 895 dubito.
810 839 855 894 Est
875 841 1005 895 tamenin
1021 841 1108 896 Codd.
1119 842 1213 897 Gemi.
1226 842 1336 898 Gudss.

282 929 378 982 Duisb.
400 938 439 994 et,
458 940 488 982 ut
506 929 623 994 videtur,
650 931 677 982 in
696 929 783 983 Codd.
811 930 844 982 ab
864 929 968 982 Orellio
988 930 1098 985 collatis.
1145 931 1213 984 End.
1239 932 1302 983 iude
1321 951 1351 984 a.

281 1017 402 1071 Grutero
421 1036 479 1069 eam
499 1016 597 1070 hebent
615 1037 723 1072 omnes:
745 1029 806 1072 ante
825 1017 974 1071 Gruterum
994 1018 1062 1072 Edd.
1078 1019 1158 1074 lldlb.
1178 1021 1335 1072 venneto.

281 1107 341 1159 Par.
361 1108 443 1159 1512.
467 1105 653 1185 Arg3lumb.
682 1106 777 1159 colon.
797 1106 856 1159 Vid.
877 1125 926 1159 nos
949 1107 982 1159 ad
1002 1106 1059 1158 Cic.
1077 1107 1172 1160 Tusce.
1184 1108 1216 1172 V,
1230 1112 1272 1172 2⁰,
1293 1109 1336 1161 58.
1446 1102 1449 1108 ’

281 1197 378 1265 ρ.119.
398 1193 431 1245 Τ.
442 1192 485 1247 lii.
506 1193 570 1264 ibiq.
589 1192 689 1261 laudd.,
714 1194 811 1266 quibus
829 1195 897 1248 adde
908 1194 1007 1248 Harles.
1026 1195 1059 1247 ad
1070 1192 1128 1247 Cic.
1140 1196 1215 1246 Verr.
1232 1200 1289 1248 Act.
1304 1195 1335 1250 ll.

280 1280 308 1332 L.
318 1279 363 1346 lll,
376 1284 420 1334 51.
440 1302 466 1351 p.
473 1284 516 1336 98.
532 1281 562 1332 P.
575 1281 605 1334 ll.
626 1282 687 1336 coll.
707 1283 740 1336 ib.
753 1304 778 1355 p.
786 1287 848 1338 420.
867 1283 964 1353 Reisig.
980 1281 1083 1335 Vorles.
1093 1283 1139 1335 iib.
1151 1281 1207 1334 Lat.
1218 1281 1335 1353 Sprach·

279 1371 350 1423 wisa.
369 1389 395 1440 p.
416 1372 459 1423 94.
479 1369 542 1440 ibiq.
562 1369 651 1423 laudd.
671 1373 704 1424 ab
723 1372 818 1426 Haasio
837 1383 930 1425 annot.
948 1374 992 1424 82.
1011 1373 1055 1425 83.
1105 1371 1134 1422 ln
1163 1368 1271 1440 reliquis
1298 1381 1335 1422 est

278 1459 458 1528 locupletum,
477 1459 550 1530 quud
571 1477 633 1512 cum
650 1462 817 1535 reprobasset
836 1461 865 1513 F.
886 1466 918 1512 Α.
936 1457 1054 1511 Wolfiu's
1072 1457 1105 1509 ael
1125 1455 1182 1510 Cic.
1201 1458 1233 1509 tle
1252 1457 1284 1510 N.
1300 1456 1334 1510 D.

278 1546 793 1612 l,3.,eervavittamen‘l'uscc.l.c.
830 1547 890 1600 ΜΓ.
982 1595 986 1602 ,
1129 1532 1131 1536 ⁴

353 1633 401 1704 qui
419 1633 512 1684 coedes
537 1636 783 1705 municipiorum,]‚
809 1634 875 1689 cod.
901 1633 959 1688 Cre.
979 1640 1003 1689 1.
1032 1645 1160 1688 consueto
1189 1655 1264 1687 more
1291 1653 1335 1685 ce-

278 1723 334 1777 eles.
355 1750 390 1762 -
427 1721 583 1789 „Quattuor
599 1724 652 1781 mei
680 1726 878 1794 mancipiorum.
923 1723 1006 1787 Sunt,
1033 1724 1078 1794 qui
1106 1722 1196 1794 legant
1220 1723 1334 1774 munici-

275 1810 380 1879 pium.“
399 1808 468 1863 ttd.
487 1809 572 1864 ltlan.
610 1811 724 1864 Volebat
743 1811 826 1865 Aldus
842 1813 900 1865 sine
919 1811 1000 1863 dubio
1019 1814 1190 1881 municipum.
1227 1809 1333 1888 Sedlille

278 1917 359 1955 error
376 1897 503 1964 debetur,
524 1910 552 1952 ut
572 1897 693 1970 plurimi,
713 1899 824 1953 editioni
843 1899 1016 1965 Graevianae,
1036 1919 1104 1970 quae
1124 1899 1202 1970 plena
1213 1909 1251 1951 est
1263 1899 1333 1950 eius-

278 1988 353 2040 modi
373 2005 517 2057 operarum
536 2007 670 2042 errorum.
714 1988 795 2057 Quod
817 2007 878 2042 cum
905 1988 1034 2059 cogitaret
1052 1987 1169 2052 Gernb.,
1194 1985 1333 2056 adscripsit

278 2094 334 2127 esse
353 2073 423 2126 hanc
441 2074 583 2127 lectionem
603 2075 879 2147 interpretamentum.
925 2077 977 2129 Sed
998 2088 1086 2129 tamen
1106 2088 1132 2129 et
1157 2078 1213 2147 ipse
1237 2093 1333 2146 operae

277 2161 465 2215 inobedientes
482 2161 603 2215 babuisse
623 2164 739 2217 ridetur:
767 2177 805 2217 est
824 2166 894 2216 enim
915 2183 1065 2234 expressum
1084 2165 1256 2232 municipium
1283 2174 1354 2233 pro·

277 2249 451 2319 municipum.
489 2240 615 2302 Ceterum
636 2263 707 2304 recte
725 2251 816 2306 laudat
834 2251 1008 2304 Plutarchum
1028 2255 1055 2304 iu
1074 2252 1157 2304 Sulla.
1168 2255 1210 2306 31.
1231 2264 1256 2305 et
1274 2254 1332 2321 Ap-

277 2338 391 2409 pianum
409 2338 442 2390 de
461 2337 537 2390 Bello
556 2337 611 2391 Cic.
632 2340 650 2391 l.
671 2341 770 2409 [pout
790 2358 827 2410 sq.
849 2339 889 2391 ed.
910 2338 941 2391 H.
960 2339 1062 2409 Steph]
1083 2341 1141 2392 Mc.
1179 2342 1258 2405 „Non
1276 2340 1332 2393 lio-

279 2445 374 2480 manos
392 2424 479 2477 solum
498 2427 655 2498 proscripsit
674 2426 765 2492 Sulla,
786 2426 834 2479 'sed
859 2427 937 2479 etiam
962 2428 990 2478 in
1018 2429 1179 2498 municipia,
1206 2427 1332 2486 colonias,

277 2513 459 2584 praefecturas
476 2512 564 2566 ltaliae
582 2514 687 2581 saeviit,
712 2533 781 2586 quae
798 2515 920 2567 adversas
938 2525 1025 2584 partes
1047 2515 1209 2568 adiuverant.
1257 2515 1332 2591 ,1Ιὶορ

277 2621 340 2654 rum
359 2601 431 2654 enim
451 2602 614 2673 oppidorum
634 2622 708 2656 arces
726 2603 936 2668 demoliebatur,-
953 2603 1067 2654 aliorum
1087 2623 1178 2656 muros
1191 2602 1330 2665 evertebat,

277 2691 336 2745 aliis
354 2689 490 2763 publicam
516 2689 626 2745 multam
654 2691 823 2761 imponebat,
849 2691 900 2745 alia
925 2690 1030 2746 tributis
1049 2691 1214 2763 gratioribus
1238 2689 1332 2761 oppri-

275 2781 382 2846 mebat,
407 2792 436 2833 ut
462 2790 612 2834 auctorest
630 2779 773 2850 Appianus
792 2780 820 2847 [Ι.
839 2782 884 2847 c.].
934 2780 989 2833 Aut
1014 2781 1108 2831 coedes
1128 2780 1331 2848 municipiorum

275 2868 293 2920 i.
316 2886 341 2919 e.
362 2867 545 2936 municipum,
564 2878 594 2920 ut
612 2868 644 2921 sit
662 2867 807 2921 intellectio
828 2865 979 2936 [croscum
1001 2869 1071 2922 Frc.
1090 2869 1179 2939 Sylv.
1197 2869 1233 2910 '-
1268 2866 1329 2933 „Tu

276 2953 514 3026 tunc'municipia
543 2954 623 3007 caede
655 2956 821 3027 locupletum
845 2956 1030 3008 Marianorum
1058 2957 1211 3027 oppleristi,
1240 2953 1329 3025 prouti

274 3047 339 3098 item
359 3042 433 3096 Sulla
453 3043 555 3096 Romae
571 3044 712 3097 iaciebat.“
732 3046 769 3095 W
778 3056 838 3116 ytt.
884 3043 955 3109 „Atii
977 3045 1147 3111 municipum.
1192 3042 1245 3094 Sed
1265 3041 1329 3093 nibil

273 3132 408 3185 iuterest“
428 3131 475 3198 [sc.
493 3131 526 3182 ad
545 3130 763 3199 sententiam1il.
782 3130 887 3183 Wott.
924 3130 1051 3183 Ceterum
1071 3150 1134 3201 ego,
1154 3131 1263 3201 quinam
1285 3128 1325 3180 vel

274 3218 367 3290 scripti
386 3216 424 3269 vel
444 3218 506 3271 editi
524 3218 663 3274 exhibeant
682 3220 858 3289 municipum,
879 3219 976 3273 nescio.
1015 3217 1091 3272 Unus
1109 3217 1181 3271 Gud.
1194 3222 1226 3269 Α.
1247 3218 1328 3269 hahet
1407 3268 1410 3273 .

272 3306 476 3375 enuncipiorum.
496 3306 575 3360 Male.
619 3309 660 3362 De
680 3310 827 3381 municipio
845 3310 988 3363 Praeneste
1012 3307 1093 3360 refert
1112 3306 1166 3358 Liv.
1186 3306 1256 3375 Epit.
1276 3309 1328 3358 88:

273 3398 432 3464 [nec‘rero,
452 3406 481 3447 ut
500 3406 538 3448 est
557 3396 583 3448 in
598 3391 652 3449 Ed.
672 3398 789 3466 Gernb.,
808 3398 863 3465 38]
902 3396 961 3450 Mr.

348 3482 490 3554 qui'e'llom
508 3485 616 3536 Sullani
634 3488 759 3555 temporie
777 3487 895 3553 messem]
941 3482 1028 3550 „Cum
1048 3482 1123 3536 Sulla
1151 3481 1247 3534 civium
1272 3480 1328 3533 Ro·

261 3590 417 3628 manorum
436 3572 507 3623 bona
527 3573 643 3626 vendens
653 3574 728 3628 s‘uam
738 3596 765 3629 se
778 3573 904 3647 praedam
915 3574 1028 3625 vendere
1046 3572 1154 3636 diceret,
1173 3568 1328 3621 M.Crassus

272 3683 303 3714 ex
322 3661 355 3712 iis
375 3660 506 3728 permulta
523 3680 604 3731 parvo
622 3665 693 3717 emit.
731 3668 801 3717 Cum
820 3664 891 3717 idem
909 3662 984 3715 Sulla
995 3680 1120 3731 magnam
1131 3660 1203 3712 urbis
1223 3671 1325 3728 partem

270 3747 398 3801 incendio
411 3748 565 3813 vastavisset,
575 3770 649 3803 areas
660 3752 757 3805 multas
770 3772 862 3805 earum
872 3750 975 3803 domini
986 3760 1099 3820 egestate
1113 3748 1252 3820 compulsi,
1265 3767 1336 3817 par·¹

271 3839 319 3889 tim
340 3834 404 3887 nihil
425 3835 552 3890 audentes
572 3841 669 3908 petenti
689 3860 787 3912 negare
800 3843 908 3902 Crasso,
926 3838 1101 3891 vendiderunt
1115 3838 1208 3906 exiguo
1228 3836 1328 3906 pretio:

272 3947 325 3998 qua
339 3926 583 3997 rationemagnam
605 3928 677 3981 urbis
692 3940 793 3999 partem
811 3928 883 3980 emit.
920 3926 1015 3981 Servos
1034 3925 1066 3977 ad
1087 3925 1247 3994 quingentos
1265 3920 1329 3973 emit

272 4014 375 4068 labrilis
393 4015 457 4067 artis
475 4024 501 4066 et
519 4014 712 4070 architecturae
733 4017 844 4088 peritos,
866 4015 967 4087 'quibus
986 4013 1019 4065 ad
1036 4013 1130 4064 domos
1149 4011 1175 4062 in
1195 4008 1263 4061 areis
1283 4030 1328 4062 su·

272 4104 329 4156 cuis
347 4102 528 4156 aedificandae
545 4115 690 4171 uteretur,
719 4124 835 4177 quorum
862 4122 956 4175 operas
984 4100 1089 4155 locabat
1112 4099 1156 4162 iis,
1187 4098 1232 4167 qui
1260 4118 1273 4149 a
1300 4119 1326 4151 se

271 4212 345 4247 areas
363 4201 495 4246 emerant.
541 4191 596 4246 llac
620 4193 723 4246 ratione
751 4193 879 4263 grandem
908 4191 956 4245 sibi
984 4188 1125 4259 pecuniam
1155 4188 1327 4256 compararit.
