3517 5450
357 703 406 774 90
684 721 856 769 ramnoxa
885 717 1080 766 srorcoauu.

356 893 465 972 Quam
485 893 530 958 ob
554 910 626 956 rem
652 889 807 972 quioquid
831 891 879 954 est
903 887 1086 965 laudabile,
1109 885 1196 959 idem
1225 888 1257 946 et
1278 881 1405 946 beatum

358 1037 391 1094 et
414 1031 536 1094 floreus
561 1033 594 1092 ct
617 1028 837 1110 expetendum
865 1025 969 1091 videri
997 1024 1105 1089 debet.

421 1199 486 1256 “Ort
504 1199 638 1272 αὐτάρκης
657 1232 690 1243 -
709 1201 775 1268 πράς
792 1199 969 1269 εὐδαιμονίαν]
996 1201 1078 1255 Abest
1105 1201 1244 1273 inscriptio
1269 1199 1406 1252 Graecas

357 1291 443 1346 Codd.
463 1289 528 1344 On.
550 1289 580 1344 Ε.
599 1289 619 1343 i.
637 1289 673 1343 U.
691 1311 717 1359 η.
735 1308 772 1354 ας
790 1289 885 1344 Latina
904 1289 983 1344 etiam
1002 1290 1035 1343 ab
1055 1288 1106 1343 Or.
1125 1307 1154 1351 ψ.
1195 1288 1293 1360 Neque
1316 1286 1407 1339 habent

357 1378 488 1432 Graecam
508 1377 593 1431 Codd.
613 1378 696 1431 nostri
716 1375 810 1431 Crs.1.
826 1383 852 1433 2.
864 1381 890 1432 3.
909 1376 1022 1432 Dresdd.
1041 1377 1170 1448 quinque,
1188 1374 1300 1429 Suerin.
1318 1372 1407 1426 Duisb.

356 1467 467 1519 Veteres
484 1465 552 1518 Edd.
562 1465 664 1537 aliquot
682 1465 763 1537 louge
781 1464 913 1518 recedunt
925 1484 940 1518 a
951 1465 1072 1519 veritate:
1089 1464 1128 1518 sic
1139 1464 1306 1517 Vendffl:
1325 1481 1408 1514 ormu-

357 1557 809 1625 καριησρεαδαιμονιαιπροσαρετην.
852 1551 899 1606 Sic
923 1553 1004 1606 etiam
1028 1553 1078 1605 Ed.
1098 1552 1242 1617 Dareutr.,
1269 1549 1319 1602 nisi
1340 1549 1405 1620 quod

357 1643 437 1697 habet
455 1639 614 1703 εὐδαιμονία.
651 1641 718 1694 Edd.
737 1641 820 1695 Paris.
846 1660 866 1694 s.
886 1659 908 1693 a.
936 1653 962 1694 et
979 1638 1059 1694 ttdlb.
1077 1660 1097 1692 s.
1118 1639 1135 1693 i.
1155 1648 1181 1692 et
1199 1658 1224 1691 a.
1243 1637 1348 1690 nuliam
1367 1634 1407 1687 ha·

358 1733 423 1784 bent
448 1730 649 1801 inscriptionem
668 1729 809 1783 Graecam.
852 1727 952 1782 Latinis
974 1727 1068 1783 litteris
1084 1727 1235 1781 Ed.1’aris.·
1256 1729 1343 1780 15⁰³:
1368 1724 1407 1775 Oti

358 1819 487 1870 outarkes
508 1818 540 1868 lre
559 1828 633 1869 arete
649 1819 727 1887 pios
745 1818 916 1884 eudemoniri,
944 1829 970 1872 et
992 1818 1079 1889 Lugd.
1098 1819 1185 1870 1515:
1212 1816 1260 1866 Oti
1287 1812 1407 1863 nutorkes

360 1907 392 1957 ίιο
410 1916 484 1958 arete
497 1906 534 1975 pi
540 1925 575 1958 os
592 1905 756 1957 οαδοιιιοιεία.
794 1907 825 1958 ln
844 1904 911 1957 cod.
931 1901 988 1957 cn.
1001 1909 1027 1958 1.
1046 1903 1111 1958 haec
1129 1913 1168 1956 est
1180 1899 1322 1971 inscriptio
1339 1897 1407 1969 plane

360 1992 651 2064 singularis:'Dolores
675 2013 728 2046 non
752 2011 809 2046 esso
828 1992 1021 2063 formidandos
1048 1993 1260 2044 demonstratur·
1306 1985 1366 2041 Cn..
1387 1990 1407 2038 2.

360 2080 439 2135 habet
457 2081 550 2132 nihil
574 2082 605 2132 ei
635 2081 722 2132 deesse
745 2080 783 2130 od
814 2079 895 2131 bene
921 2081 1072 2135 vivendum.
1095 2077 1146 2134 Ox.
1165 2077 1198 2130 N.
1226 2076 1306 2128 habet
1336 2075 1407 2126 bene

361 2167 518 2239 beateque,
537 2168 617 2221 Drsd.
637 2172 663 2225 5.
683 2169 772 2220 virtus
791 2178 845 2219 est
873 2169 898 2218 ei
922 2168 993 2220 niti!
1009 2169 1096 2232 deest,
1124 2164 1205 2218 Drsd.
1222 2168 1251 2217 1.
1279 2163 1318 2214 ad
1336 2163 1407 2214 berre

360 2257 502 2309 vivendum
517 2266 644 2326 potest.
663 2255 744 2309 Drsd.
759 2257 786 2311 3.
805 2255 844 2304 od
861 2254 937 2306 beate
954 2256 1097 2309 vivendum
1116 2263 1249 2324 potest.
1294 2250 1406 2319 „Graeca

361 2344 499 2415 inscriptio
519 2354 557 2396 est
574 2343 726 2409 Ciceronis,
755 2361 809 2394 nou
829 2341 893 2396 item
918 2343 1026 2410 Latina,
1052 2361 1120 2414 quae
1144 2340 1303 2414 posterioris
1329 2334 1408 2392 aetatis

361 2430 498 2484 homiuem
518 2430 647 2485 redolet.‘¹
664 2431 704 2484 W
710 2431 837 2503 yttenb.

426 2513 490 2572 “On
515 2515 648 2589 αὐταρκὴς
667 2521 713 2587 -]
741 2520 939 2588 „Sufficientem
958 2518 1036 2592 vulgo
1055 2520 1283 2592 interpretantur:
1311 2519 1355 2568 καί
1371 2507 1407 2580 riv

363 2605 518 2679 αὐτάρκειαν
535 2609 741 2677 sufficientiam:
760 2625 841 2678 quarn
861 2618 951 2661 tamen
970 2627 1063 2662 rocem
1082 2607 1162 2661 latina
1184 2605 1287 2678 puritas
1312 2599 1407 2674 respuit

362 2697 435 2751 Haec
452 2696 481 2750 iu
498 2695 644 2751 Platonicis
662 2695 861 2750 definitionibus
889 2695 928 2749 sic
944 2695 1053 2750 finitur:
1082 2691 1243 2765 αὐτάρκεια,
1267 2693 1333 2758 fere,
1358 2681 1408 2743 καθ’

364 2782 394 2853 ἢν
411 2786 434 2837 οἶ
458 2786 557 2851 ἔχοντες
582 2781 659 2837 αὐτοὶ
683 2780 770 2837 αὐτῶν
796 2781 971 2853 ἄρχουσιν.
1015 2785 1062 2839 Est
1081 2783 1189 2856 quidem
1208 2782 1277 2834 haec
1294 2776 1407 2840 Zenonis,

364 2871 506 2944 Chrysippi
527 2883 551 2926 et
569 2872 714 2927 Hecatonis
730 2873 870 2927 sententia.
908 2874 1043 2927 La'e‘nius:
1067 2866 1144 2935 μάνον
1161 2866 1193 2922 νδ
1220 2865 1300 2921 sotis
1324 2864 1406 2920 εἰδότες

365 2957 482 3029 tysedi,
499 2956 618 3030 αὐτάρκη
637 2981 665 3013 τε
683 2956 747 3013 εἶναι
765 2959 848 3032 oriris
867 2960 933 3033 πράς
950 2959 1130 3024 εὐδαιμονίαν,
1148 2954 1224 3011 καθά
1240 2977 1304 3026 φησι
1321 2952 1407 3023 zatun

365 3054 409 3100 καί
428 3043 582 3117 Χρύσιππος
610 3052 634 3099 ἐν
660 3051 698 3116 τῷ
717 3048 811 3118 πράοῳ
838 3045 1027 3120 πιρίύρετάν,
1054 3052 1099 3099 καί
1115 3042 1234 3097 Ἑκάταν
1259 3048 1285 3095 ἓν
1304 3046 1343 3110 τῷ
1360 3041 1407 3091 δεν-

365 3141 431 3205 τέρῳ
451 3139 508 3204 περί
527 3131 646 3200 άγαδάν.
684 3136 712 3188 td
734 3138 849 3208 probare
869 3150 1003 3191 conantur
1021 3133 1186 3207 argumentis
1204 3152 1235 3184 ex
1254 3130 1372 3203 partibus
1382 3124 1408 3178 ad

367 3232 452 3277 totum
471 3222 570 3276 ductis:
588 3227 610 3274 εί
626 3219 694 3293 γάρ,
714 3243 804 3294 φησιν,
821 3222 957 3296 αὐτάρκης
975 3230 1045 3280 ἐστίν
1064 3220 1080 3293 ἡ
1097 3223 1281 3286 μεγαλοψυχία
1300 3216 1364 3289 neit
1384 3210 1409 3265 τί

367 3310 469 3362 πάντων
488 3306 604 3382 άπεράνοι
624 3324 718 3375 ποιεῖν,
740 3314 795 3365 i'orr
822 3316 849 3365 δὲ
868 3319 946 3385 μέρος
964 3311 1073 3384 άρετῆς,
1099 3308 1233 3379 αὐτάρκης
1259 3313 1315 3360 ἔστί
1337 3294 1409 3370 ’mii

367 3395 448 3467 άρετή
466 3394 531 3469 πρύς
557 3395 738 3463 εὐδαιμονίαν,
766 3406 967 3471 καταφρονοῦσα
986 3407 1029 3453 καί
1055 3402 1107 3452 τῶν
1125 3394 1273 3452 δοκούντων
1300 3394 1409 3465 ὐχίηρόν.

365 3486 508 3540 Panaetius
526 3487 598 3542 euim
616 3500 642 3541 et
660 3488 821 3542 Posidonius
838 3490 1003 3545 dissentiunt.
1050 3488 1095 3542 Sic
1118 3488 1190 3557 apud
1216 3485 1353 3539 Laenium
1377 3500 1410 3534 se·

367 3574 472 3645 quitur:
496 3569 526 3626 ‘O
543 3578 632 3637 μέντοι
656 3578 801 3636 Παναίτιος
826 3582 869 3629 καί
901 3578 1073 3635 Ποσειδώνιος
1100 3572 1145 3627 οὐκ
1174 3570 1295 3644 αὐτάρκη
1323 3575 1411 3637 ttyovn
1440 3619 1442 3626 .

367 3658 415 3732 τήν
436 3658 540 3733 α’ρετήν,
559 3654 626 3715 «ittet
642 3672 733 3735 χρείαν
751 3660 816 3718 εἶναι
834 3669 897 3727 φασί
917 3670 960 3717 καί
971 3661 1058 3731 ὐγείας
1076 3667 1119 3715 καί
1138 3662 1237 3728 ίοχύος.
1273 3653 1410 3713 Necstotei

368 3761 473 3808 tantum
491 3750 526 3803 ita
544 3751 675 3805 sentiunt:
704 3771 765 3807 nam
784 3752 953 3808 Academicis
971 3771 1081 3825 quoque
1106 3751 1157 3804 hoc
1175 3748 1285 3823 placuit.
1329 3744 1411 3799 Cicero

369 3838 499 3911 siquidem
517 3839 573 3910 ipse
591 3840 619 3891 in
639 3842 672 3893 V.
691 3840 906 3894 Tusculanarum
932 3839 984 3895 hoc
1002 3838 1101 3901 αἐίωμα
1125 3848 1220 3891 contra
1240 3835 1358 3890 Atticum
1374 3830 1411 3883 de-

370 3927 469 3983 tendite
487 3939 513 3981 et
532 3927 625 3994 Bruto,
643 3928 686 3981 cui
699 3927 794 3982 Cicero
819 3928 885 3983 haec
906 3928 1010 3994 dicavit,
1030 3926 1129 3999 piaeuit
1146 3925 1175 3978 in
1194 3942 1229 3977 eo
1243 3923 1325 3988 libro,
1344 3935 1412 3991 quen

371 4019 403 4072 ds
422 4016 562 4070 virtutibus
579 4016 612 4069 ad
631 4014 792 4070 Ciceronem
810 4008 922 4087 scripsit.
959 4017 1054 4070 Cicero
1073 4014 1119 4068 tib.
1139 4013 1184 4065 Vi.
1203 4008 1413 4083 Epistoiarum1:

371 4110 443 4156 Bene
460 4104 572 4168 sentire,
599 4104 703 4175 inquit,
727 4115 754 4156 et
773 4115 843 4156 recte
861 4105 958 4176 facere
982 4105 1052 4157 satis
1079 4112 1120 4153 ast
1146 4100 1184 4150 ad
1210 4098 1273 4151 bens
1300 4098 1415 4168 beateque

371 4194 522 4246 vivendum.
562 4192 639 4245 Plato
669 4210 752 4263 porro
771 4192 866 4246 multas
894 4193 922 4245 in
940 4191 1014 4246 huuc
1038 4208 1143 4245 sensum
1169 4186 1251 4241 habet
1277 4183 1417 4246 sententiar,

372 4279 416 4331 sed
437 4279 648 4333 Christianorum
668 4279 789 4332 doctrina
809 4281 922 4334 omnino
941 4280 1075 4347 dissentit,
1100 4277 1239 4331 hominem
1258 4276 1313 4329 suis
1331 4269 1419 4349 praesi·

374 4366 423 4418 diis
441 4386 552 4431 eruens,
578 4364 624 4435 ιὴν
642 4388 670 4419 τε
689 4362 846 4435 αὐτάρκειαν
873 4368 901 4421 in
921 4367 1007 4421 soium
1027 4378 1131 4439 patrem
1155 4365 1299 4420 caelestem
1319 4380 1421 4439 ponens

376 4451 422 4505 Sic
441 4453 538 4507 Paulus
556 4452 700 4511 Corinthiis
725 4455 817 4510 scribit
841 4474 899 4529 cap.
918 4460 944 4523 9,
964 4461 988 4510 8.
1008 4453 1161 4527 posterioris
1180 4454 1325 4525 epistolaes
1352 4457 1422 4508 δανα-
