3517 5450
739 732 986 780 esstuoxouti
1311 711 1380 784 lll

353 895 445 948 litudine
464 894 580 946 duorum
601 889 671 961 apud
683 887 843 944 Ciceronem
857 892 989 955 locorum,
1007 889 1104 961 quibus
1116 892 1294 946 conscientiae
1313 913 1386 948 mor-

352 1002 385 1035 sus
400 1002 457 1036 cum
476 980 565 1034 Furiis
584 989 729 1050 comparat.
772 979 826 1032 Pro
850 981 948 1034 Roscio
966 980 1096 1032 Anserino
1121 979 1183 1032 dixit
1202 978 1298 1034 Cicero
1317 1002 1341 1036 a.
1359 1003 1385 1036 u.

351 1092 368 1124 c.
383 1076 437 1127 114.
456 1070 548 1141 ibique
567 1088 596 1120 ea
615 1067 786 1121 similitudine
806 1088 867 1121 usus
887 1078 925 1122 est
950 1067 1010 1121 laco
1031 1067 1111 1121 modo
1139 1068 1254 1123 laudato.
1302 1070 1388 1123 Aunis

350 1158 416 1209 XXV.
435 1169 492 1228 post
511 1156 559 1224 (U.
578 1175 601 1208 c.
620 1156 696 1220 124.)
740 1153 899 1207 Orationem
920 1154 1013 1209 habuit
1036 1155 1063 1207 in
1081 1155 1219 1223 Pisonem,
1245 1169 1270 1209 et
1294 1158 1386 1210 iisdem

350 1248 393 1300 lere
406 1245 491 1298 verbis
511 1243 690 1297 conscientiae
708 1262 785 1296 curas
810 1255 836 1296 et
856 1262 957 1314 poenas
980 1242 1105 1296 describit
1122 1263 1145 1296 c.
1165 1249 1209 1309 20,
1228 1250 1276 1311 46,
1306 1265 1385 1316 quem

350 1334 423 1387 locum
443 1351 539 1403 supra,
567 1330 662 1384 nFrc.
690 1328 781 1401 Sylsio
801 1342 970 1400 excerptum,
1001 1331 1189 1401 adscripsimus
1212 1332 1244 1384 ad
1265 1334 1342 1385 rerba
1361 1344 1387 1383 te

350 1422 510 1472 conscientiae
536 1418 688 1471 stimulant.
736 1417 849 1469 Videtur
878 1416 991 1484 Cicero,
1017 1429 1046 1472 ut
1070 1418 1162 1472 babuit
1187 1423 1386 1491 prooemiorum

351 1509 441 1579 copiam
462 1506 500 1558 vel
522 1504 723 1569 collectionem,
753 1504 791 1557 sic
814 1502 939 1557 locorum
959 1507 1144 1560 communium
1169 1507 1290 1562 babuisse
1314 1511 1388 1580 quasi

351 1596 468 1666 quendam
488 1605 663 1664 apparatum,
690 1613 718 1645 er
739 1612 792 1664 quo
812 1613 862 1665 pro
882 1613 910 1645 re
930 1605 1007 1660 nata,
1038 1596 1129 1666 paucis
1148 1598 1270 1662 mutatis,
1295 1618 1325 1650 ea
1343 1619 1388 1651 su-

351 1695 432 1747 meret,
450 1701 518 1754 quae
537 1680 682 1734 commodo
700 1679 760 1734 loco
782 1681 963 1747 orationihus,
993 1702 1059 1755 quas
1085 1695 1113 1736 ut
1138 1683 1292 1756 legerentur
1310 1687 1386 1739 etiam

352 1772 530 1835 conscriberet,
555 1769 672 1821 inserere
692 1780 787 1838 posset.
806 1767 865 1820 llllr.
913 1769 977 1833 „Est
1002 1771 1054 1824 boc
1078 1772 1227 1844 exemplum
1260 1774 1387 1846 populare

352 1860 472 1929 cognitum
492 1878 521 1909 es
550 1857 646 1909 fabulis
664 1855 789 1923 scenicis,
818 1857 846 1909 in
872 1857 965 1929 primis
993 1859 1112 1930 tragicis,
1145 1860 1223 1913 veluti
1249 1861 1344 1917 Oreste
1364 1876 1389 1917 ει

352 1946 498 2000 Alcmaeone
524 1944 676 2015 Euripidis,
709 1946 771 1997 item
801 1945 997 2000 Eumenidibus
1021 1947 1153 2018 Aeschyli.
1204 1949 1297 2019 Neque
1327 1970 1387 2002 vero

353 2035 481 2102 putandum
502 2044 540 2087 est
558 2031 717 2087 Ciceronem
737 2039 931 2102 superonustus
950 2035 1105 2105 quaesivisse
1124 2036 1151 2088 in
1171 2037 1279 2089 vocibus
1290 2040 1388 2088 Furiae

353 2124 506 2186 climatiae,
525 2123 625 2193 quippe
645 2142 700 2175 non
719 2133 781 2175 sunt
799 2121 917 2174 eiusdem
937 2125 1027 2176 metri:
1047 2125 1147 2176 Furiae
1166 2135 1204 2177 est
1222 2138 1388 2197 anapaestus,
1470 2116 1472 2123 ⁵

352 2211 449 2262 iniuriae
467 2222 505 2264 est
523 2210 643 2281 epitritus
661 2213 781 2263 tertius.¹‘
800 2212 904 2283 Wytt.

408 2302 493 2368 Quam
518 2297 550 2350 ab
568 2317 621 2349 rem
641 2309 672 2349 ut
691 2297 808 2366 improbo
834 2309 861 2349 et
880 2298 978 2364 stulta]
1006 2296 1074 2351 Cod.
1101 2298 1172 2354 Gud.
1192 2302 1225 2355 Α.
1250 2304 1338 2360 stulta
1362 2314 1386 2353 et

353 2384 457 2454 inprobo.
494 2386 602 2440 Suerin.
622 2396 681 2457 post
699 2387 786 2437 stulto
805 2386 884 2439 babet
902 2386 1044 2458 inertique,
1064 2405 1126 2439 cum
1138 2386 1205 2441 Cod.
1223 2389 1281 2442 Bas.
1293 2388 1351 2442 Cre.
1364 2395 1389 2443 2.

354 2474 423 2544 pergit
440 2476 536 2526 nerisini
556 2473 674 2526 bonum
692 2492 748 2526 esse
775 2485 874 2542 potest.
899 2473 950 2529 Οι.
972 2492 1002 2535 ψ.
1028 2473 1106 2528 habet
1131 2495 1183 2526 nan
1209 2497 1259 2548 pro
1284 2479 1390 2528 nemini.

354 2557 416 2614 llrsd.
434 2567 458 2617 3.
477 2562 574 2616 omittit
593 2561 672 2621 ὺεηεῑ
692 2560 772 2613 Drsd.
791 2566 816 2614 4.
835 2560 916 2613 habet
932 2570 1020 2629 polest
1049 2560 1110 2612 bene
1128 2581 1192 2616 esse.
1239 2564 1280 2616 Ad
1307 2566 1385 2618 verba

355 2651 440 2704 confert
459 2651 539 2722 Borg.
557 2648 613 2702 Cic.
635 2650 662 2701 in
683 2650 761 2701 Verr.
781 2650 839 2702 Act.
860 2648 891 2700 ll.
914 2648 973 2700 Lib.
987 2648 1033 2714 lV,
1046 2653 1089 2713 41,
1109 2653 1157 2702 118;
1181 2655 1222 2701 Tu
1240 2653 1295 2702 ista
1315 2654 1387 2704 stul-

355 2738 417 2804 titia,
437 2740 573 2811 nequitia,
603 2739 702 2789 inertia
722 2738 927 2789 -clientelam
956 2740 1028 2788 tueri
1044 2737 1145 2806 potes?
1181 2737 1223 2791 Ad
1250 2759 1275 2794 v.
1293 2741 1389 2791 nemini

355 2823 402 2877 lem
422 2847 477 2880 esre
501 2838 591 2896 potest
616 2824 676 2879 Atd.
697 2825 771 2879 Man.
799 2845 885 2878 unum
911 2845 1022 2879 suorum
1051 2825 1136 2879 Codd.
1164 2826 1262 2879 babere
1283 2829 1388 2879 Nemini

351 2912 504 2980 felicitas
523 2933 580 2966 esse
597 2926 668 2982 pon,
686 2914 754 2967 duos
772 2913 870 2967 habere
890 2914 1001 2980 bonum,
1021 2926 1049 2968 ut
1067 2914 1126 2968 Cra.
1146 2919 1178 2978 2;
1196 2914 1268 2967 Gud.
1288 2916 1321 2968 A.
1341 2916 1388 2968 ba—

356 2998 387 3052 bet
401 3022 451 3054 esse
471 3002 542 3054 bene.
580 3000 636 3053 Mr.
960 3061 964 3070 Ι

409 3091 444 3141 sia
463 3089 546 3142 bonus
565 3090 648 3140 viret
661 3088 750 3159 sortis
768 3099 794 3139 et
814 3091 933 3159 sapiens]
952 3090 1020 3143 cod.
1041 3090 1100 3143 Cre.
1120 3094 1146 3144 1.
1171 3093 1210 3144 sic
1237 3092 1320 3144 botrus·
1339 3093 1388 3153 vir,

353 3172 446 3239 fortis
466 3189 493 3228 et
512 3178 632 3245 sapiensz
652 3175 724 3232 Gud.
744 3176 774 3229 Β.
800 3178 839 3229 sic
862 3178 946 3231 bonus
971 3180 1013 3229 vir
1036 3191 1062 3230 et
1089 3182 1233 3248 sapiens
1256 3180 1389 3250 fortis-

356 3279 414 3328 que,
440 3285 501 3319 cum
522 3264 643 3327 suerin,
669 3265 767 3319 babent
793 3276 821 3317 et
846 3267 953 3335 sapiens
977 3279 1003 3318 et
1027 3268 1129 3338 fortis,
1157 3268 1259 3319 inverso
1285 3268 1388 3332 ordine,

355 3343 1388 3424 mmmmmmmummmmmmmmm

355 3433 420 3509 lugd.
438 3444 517 3496 1515.
544 3442 608 3512 Arg.
627 3445 705 3495 1515.
735 3441 813 3495 lldlb.
832 3464 851 3496 s.
870 3443 888 3495 l.
916 3454 983 3496 eta.
1031 3441 1151 3512 Pergunt
1173 3439 1260 3493 Codd.
1287 3443 1344 3493 Cra.
1363 3446 1389 3493 2.

356 3522 416 3580 llern.
440 3530 534 3582 Duisb.
561 3528 650 3582 Guetf.
675 3530 742 3582 Edd.
770 3550 827 3602 prc.
854 3531 903 3584 Ed.
930 3551 972 3602 ap.
1000 3529 1086 3582 lllleus.
1111 3532 1183 3581 Crat.
1209 3529 1277 3580 Vict.
1296 3527 1388 3597 Magn.

356 3610 438 3673 llanut.
456 3620 526 3672 Rob.
545 3616 636 3689 Steph.
660 3618 739 3672 Hdlb.
757 3640 776 3673 s.
797 3620 813 3673 1.
840 3631 865 3673 ει
883 3641 907 3674 a.
933 3621 1001 3672 Ven.
1024 3621 1101 3671 14⁹2.
1122 3620 1199 3671 1514.
1227 3619 1302 3669 Cam.
1327 3614 1387 3667 Ald.

356 3704 415 3759 1511.
431 3711 510 3762 1551.
530 3706 561 3758 11.
578 3705 666 3772 Woll.
685 3708 762 3759 miser
787 3728 843 3761 ease
862 3728 956 3760 nemo
971 3717 1062 3777 potest
1071 3726 1080 3766 ,'
1108 3725 1163 3758 non
1189 3705 1271 3769 male,
1302 3703 1390 3756 iudice

355 3786 454 3862 Orellio,
474 3794 517 3849 cui
536 3795 661 3864 equidem
679 3796 800 3849 assentio.
820 3796 1024 3850 eod.Gud.1t.
1044 3806 1070 3848 ει
1086 3794 1137 3847 Ed.
1155 3795 1217 3847 Asc.
1236 3797 1320 3848 1511:
1340 3792 1391 3843 mi-

355 3892 385 3929 ter
398 3902 483 3935 nemo
501 3902 558 3935 esse
574 3894 673 3952 potest.
712 3884 770 3936 llllr.

409 3972 488 4024 donus
507 3999 541 4010 -
556 3970 694 4040 fariis-
714 3972 831 4040 sapiens]
856 3971 922 4040 „His
947 3970 1031 4024 tribus
1050 3969 1182 4022 adiectivis
1206 3967 1390 4039 significantur

357 4067 450 4122 quatuor
465 4058 526 4111 illae
554 4058 661 4111 virtutes
681 4058 830 4130 principes,
856 4060 1021 4129 prudentia,
1047 4060 1173 4123 iustitia,
1202 4057 1388 4126 temperantia,

353 4138 485 4203 fortitudo:
506 4164 569 4199 nam
587 4148 692 4199 bonitas
710 4157 748 4199 est
767 4166 827 4217 pars
846 4146 967 4210 iustitiae,
986 4146 1090 4217 sapiens
1108 4146 1179 4198 idem
1199 4158 1237 4199 est
1256 4146 1302 4218 qui
1321 4162 1387 4214 pru-

358 4223 416 4299 ltus,
437 4234 513 4288 sortis
532 4245 557 4288 et
588 4254 636 4306 per
653 4255 681 4289 se
700 4234 798 4288 dicitur
817 4235 893 4287 fortis
911 4246 937 4288 et
956 4235 1019 4287 item
1040 4246 1207 4305 temperans,
1237 4231 1297 4303 quia
1319 4240 1388 4282 tem-

358 4327 431 4377 perans
448 4323 524 4377 fortis
542 4334 581 4377 εει
599 4343 661 4396 erga
680 4344 708 4378 se
726 4325 828 4394 ipsum,
847 4325 868 4376 si
888 4343 915 4377 se
933 4325 1021 4395 ipsum
1040 4324 1197 4393 temperat.“
1214 4320 1254 4371 W
1261 4328 1321 4389 ytt.

412 4412 461 4462 Nec
479 4431 556 4475 vera,
573 4413 650 4464 cuius
669 4414 757 4465 virtus
776 4414 922 4485 moresque]
942 4411 992 4464 Ox.
1003 4410 1032 4463 E.
1052 4413 1167 4481 Neque
1184 4426 1251 4459 uero.
1272 4403 1351 4458 Drsd.
1359 4408 1384 4457 4.

358 4499 392 4539 '⁴⁶⁰
407 4516 460 4553 uero
479 4502 558 4552 cuius
577 4520 692 4554 mores.
711 4503 768 4553 Cre.
784 4503 808 4553 1.
831 4502 947 4567 (inversa
974 4498 1132 4563 sententia):
1156 4513 1204 4546 nec
1227 4512 1288 4544 vero
1311 4494 1386 4543 eius
