3517 5450
449 692 523 767 310
770 717 942 766 rennuere
971 715 1165 764 erorcoruu.

520 877 626 946 infinite
646 877 851 946 concupiscenti]
870 876 938 929 Cod.
958 874 1008 929 01.
1027 875 1058 928 N.
1077 875 1223 944 infinitae
1243 874 1498 944 concupiscentiae,

451 966 516 1019 On.
534 964 565 1018 E.
583 963 603 1017 l.
619 982 648 1026 ψ.
676 962 735 1018 Crz.
754 969 779 1016 2.
807 963 885 1016 Drsd.
904 967 929 1016 1.
953 963 1062 1032 infinite
1089 962 1329 1033 concupiscentie.
1349 991 1385 1002 -
1433 961 1497 1027 „Pat-

451 1074 502 1108 sec.
514 1054 593 1106 habet
604 1062 631 1103 et
642 1062 741 1104 vestem
759 1062 940 1118 vestrate,
961 1062 1007 1104 aut
1026 1062 1098 1104 certe
1116 1060 1278 1102 rostrato
1296 1066 1421 1118 concup..
1439 1067 1497 1120 quae

452 1143 516 1216 quid
532 1141 580 1195 sibi
600 1140 660 1194 velit
677 1139 756 1195 lectio
775 1140 964 1194 examinabunt
983 1139 1170 1193 curiosiorest‘
1189 1136 1333 1190 Gruter.
1378 1137 1498 1204 „infinite

451 1232 467 1284 i.
486 1250 509 1284 e.
523 1223 551 1284 ir}
570 1229 719 1283 infinitum:
738 1248 790 1300 qua
809 1249 873 1284 voce
892 1229 954 1283 alibi
975 1246 1084 1300 quoque
1102 1246 1165 1280 usus
1185 1225 1282 1279 Cicero
1302 1236 1359 1290 est,
1384 1235 1415 1277 ut
1439 1223 1497 1276 libro

452 1318 553 1372 Acadd.
573 1322 598 1371 1.
618 1319 653 1385 [c.
672 1319 711 1385 1.]
755 1319 887 1388 Quae-
906 1301 1078 1380 moveantur,
1110 1315 1198 1368 omitia
1216 1312 1375 1366 intervallis
1405 1315 1498 1375 moveri,

452 1424 522 1477 quae
549 1405 696 1458 intervalia
719 1404 802 1456 etiarn
828 1405 982 1475 infinite
1012 1403 1096 1457 dividi
1123 1402 1249 1474 possint5
1281 1412 1309 1455 et
1330 1399 1450 1453 Oratore
1471 1401 1497 1452 sd

452 1492 567 1545 Brutum
593 1493 648 1560 [68‚
674 1494 765 1561 228.]:
792 1512 824 1544 ne
847 1491 1001 1564 infinite
1026 1491 1156 1562 feratur,
1185 1500 1217 1542 ut
1236 1493 1361 1560 flumen,
1395 1489 1497 1541 oratio.‘¹

452 1578 524 1634 Frc.
543 1578 633 1650 Sylv.

523 1667 714 1736 adsumptum
731 1669 777 1720 ille
800 1678 840 1721 est
852 1669 982 1741 fructus]
1001 1666 1040 1722 its
1059 1667 1163 1721 Gernh.
1184 1686 1247 1720 cum
1267 1664 1339 1720 aliisi
1369 1665 1416 1719 sed
1437 1676 1495 1718 tanta

454 1765 491 1807 est
510 1755 538 1806 iu
557 1752 630 1808 libris
649 1767 675 1809 et
691 1756 796 1828 scriptis
810 1768 837 1810 et
855 1756 932 1810 editis
950 1757 1075 1822 varietas,
1102 1756 1219 1827 itemque
1248 1756 1276 1806 in
1298 1753 1446 1807 sententiae
1462 1773 1496 1806 er-

453 1840 610 1912 plicatioue,
630 1854 660 1897 ut
679 1843 762 1897 visum
782 1844 829 1911 sit,
859 1863 929 1917 quae
947 1844 1000 1899 buc
1018 1844 1136 1909 iaciunt,
1164 1843 1193 1895 in
1222 1845 1381 1894 Escursum
1401 1843 1497 1895 reiicere

453 1928 508 1983 XII.
528 1950 644 2003 eumque
662 1930 795 1985 ultimum.
831 1931 988 2004 Numquae
1014 1942 1093 1984 exstet
1111 1930 1231 1987 lectionis
1255 1941 1282 1983 et
1308 1928 1496 2001 interpretatio-

453 2017 494 2070 nis
512 2016 590 2071 huius
607 2017 660 2073 loci
678 2020 821 2086 diversitas,
840 2039 870 2074 ea
889 2020 917 2074 in
937 2019 1010 2074 uuila
1025 2019 1164 2086 omnium,
1183 2037 1253 2090 quae
1272 2017 1364 2072 adbuc
1382 2017 1496 2080 exierunt,

453 2104 568 2159 editione
587 2106 702 2178 exposite
722 2119 767 2160 est.
803 2107 861 2162 Mr.

524 2197 568 2245 Ex
592 2213 647 2246 nreo
671 2197 748 2246 tenui
774 2197 903 2267 vectigali
909 2199 928 2266 ,]
964 2196 1071 2265 „Etiam
1107 2196 1206 2268 privata
1234 2192 1386 2262 vectigalia
1417 2194 1495 2246 sunt.“

453 2281 475 2331 F
483 2298 523 2333 rc.
542 2279 631 2352 Sylv.
677 2281 723 2335 Sic
742 2281 797 2336 Cic.
824 2283 857 2336 de
875 2282 934 2337 Off.
950 2282 983 2350 11,
1004 2289 1053 2339 25:
1087 2284 1240 2356 Vectigalia
1264 2280 1373 2334 urbano
1401 2281 1497 2333 rusticis

454 2380 663 2440 anteponantur.
712 2371 800 2424 Verba
819 2374 862 2423 Ex
883 2391 939 2425 meo
958 2403 991 2411 -
1010 2371 1177 2444 sumptibus,
1205 2370 1366 2425 exciderunt
1389 2369 1417 2422 iu
1439 2367 1495 2420 cot.

455 2456 526 2510 Gud.
544 2457 576 2513 Α.
614 2457 656 2510 Ad
676 2460 770 2512 verbas
795 2459 925 2511 detractis
948 2461 1100 2530 sumptibus
1118 2459 1292 2529 cupiditatis,
1321 2457 1400 2511 Fre.
1417 2456 1496 2528 Syir.

456 2545 533 2599 baec:
553 2544 659 2612 „nullos
678 2546 749 2598 enim
763 2558 885 2618 sumptus
903 2547 981 2614 facio,
1002 2548 1035 2601 ad
1054 2567 1122 2619 quos
1142 2547 1195 2600 ulla
1214 2547 1335 2619 impellat
1351 2546 1498 2618 cupiditas.“

454 2632 573 2704 Wytt.:
601 2633 634 2697 „i.
650 2653 673 2686 e.
693 2645 831 2705 sumptus,
851 2636 898 2706 qui
915 2625 984 2688 fiunt
1003 2655 1052 2707 per
1070 2636 1241 2711 cupiditatem
1261 2635 1411 2702 eiusmodi,
1439 2653 1498 2706 quoe

456 2733 494 2775 est
511 2722 643 2794 appetitus
659 2720 769 2777 alicuius
789 2723 826 2776 rei
845 2723 943 2777 rationi
962 2743 1017 2776 nou
1037 2726 1258 2778 consennneus.“
1278 2754 1312 2764 -
1360 2728 1498 2791 „Sumptus

456 2811 615 2879 cupiditatis
633 2810 759 2866 dicuntur
776 2832 827 2883 pro
845 2813 911 2866 Rab.
930 2813 1001 2867 Post.
1020 2816 1067 2868 16:
1093 2814 1198 2885 Turpes
1216 2812 1355 2883 impensae
1377 2812 1499 2883 cupidita-

457 2909 520 2951 tum.
564 2898 692 2953 Similiter
723 2900 786 2955 dixit
807 2900 889 2955 Rutil.
912 2901 981 2973 Lup.
1012 2903 1135 2973 p.116.2
1165 2911 1304 2971 sumptum
1328 2899 1499 2952 ambitionis.“

456 2989 556 3059 Borg.
582 3018 612 3028 —
670 2988 724 3042 Pro
756 2990 886 3043 detractis
919 2988 970 3043 Or.
995 3011 1020 3059 η.
1046 2991 1205 3055 extractis,
1237 2988 1289 3042 Or.
1315 2987 1496 3041 detrectatis.

456 3076 519 3130 Mox
539 3075 624 3131 Codd.
644 3075 722 3130 Suer.
741 3075 821 3131 Drsd.
839 3082 867 3145 4,
885 3088 910 3131 et
929 3075 1000 3130 Gud.
1018 3077 1049 3132 B.
1069 3077 1261 3131 redundavit.
1282 3106 1315 3115 -
1366 3074 1449 3129 Aldus
1465 3074 1500 3126 di·

458 3165 493 3218 cit
510 3184 572 3217 suos
589 3183 682 3218 omnes
700 3163 821 3217 exhibere
848 3169 892 3218 Ex
917 3185 972 3218 meo
996 3168 1085 3232 tenui,
1112 3164 1177 3219 elias
1200 3176 1289 3218 autem
1319 3184 1378 3218 esse
1398 3183 1431 3215 ex
1455 3182 1499 3214 neo

457 3264 575 3305 autem
594 3254 682 3305 tenui:
703 3253 775 3325 quod
795 3254 866 3309 unde
885 3254 1039 3321 enutrierit,
1059 3252 1161 3309 nescio:
1180 3273 1210 3307 ex
1229 3253 1328 3308 nostris
1337 3253 1413 3306 libris
1423 3250 1500 3305 nullus

457 3343 543 3396 hebet.
580 3341 640 3395 Mr.

532 3434 599 3483 Uter
615 3432 702 3502 igitur
720 3442 761 3484 est
779 3433 943 3502 divitior]
987 3433 1028 3487 De
1053 3432 1104 3486 hac
1121 3431 1208 3485 forma
1234 3449 1297 3483 cum
1318 3429 1412 3502 paullo
1430 3449 1500 3500 supe-

457 3520 512 3572 rius
530 3519 563 3573 ad
587 3538 609 3570 v.
634 3520 810 3573 divitissimus
834 3521 1036 3587 monuerimus,
1061 3518 1126 3574 nihil
1154 3538 1223 3591 opus
1248 3530 1288 3572 est
1312 3518 1414 3571 addere
1439 3516 1501 3570 aliud

458 3609 538 3681 quid,
558 3626 638 3678 quam
657 3607 709 3678 legi
729 3608 838 3661 divitior
856 3610 885 3662 in
901 3609 966 3666 Oxi.
982 3610 1013 3663 E.
1032 3607 1052 3662 1.
1071 3608 1104 3663 Ν.
1123 3607 1158 3661 U.
1193 3607 1288 3661 Duisb.
1308 3618 1337 3661 et
1355 3606 1425 3660 Edd.
1444 3623 1501 3677 quas

457 3716 536 3768 supra
563 3717 588 3767 p.
609 3699 670 3750 306.
695 3696 866 3750 laudavimus.
916 3698 963 3752 Est
990 3709 1079 3752 autem
1104 3697 1208 3750 inverso
1236 3695 1334 3748 ordine
1360 3696 1442 3748 ditior
1468 3701 1502 3743 est

457 3786 485 3835 in
505 3783 591 3836 Codd.
607 3782 687 3836 Drsd.
707 3784 731 3836 1.
749 3787 775 3838 3.
794 3782 852 3839 Cre.
873 3791 898 3839 2.
945 3784 975 3838 ln
1004 3784 1076 3838 Gud.
1096 3784 1129 3837 Α.
1153 3776 1251 3854 iegitur
1278 3794 1322 3835 cst
1346 3785 1436 3855 igitur
1460 3799 1502 3852 pro

457 3872 611 3942 igiturest.
648 3871 707 3926 Mu.

529 3962 573 4011 cni
592 3960 678 4025 deest,
698 3978 734 4011 on
752 3961 796 4011 cui
814 3959 959 4031 superat?]
988 3960 1160 4031 „Utrumque
1180 3958 1290 4012 verbum
1310 3959 1398 4013 iunxit
1417 3956 1502 4011 Cicero

457 4047 479 4099 F
481 4066 566 4119 regm.
585 4066 635 4118 pro
654 4046 757 4100 Scauro
777 4067 802 4119 p.
823 4052 904 4103 1⁰58.
922 4049 985 4101 Ern.
1005 4050 1100 4117 [estin
1119 4047 1169 4100 Ed.
1187 4066 1213 4102 a.
1232 4050 1314 4102 1116.
1330 4068 1359 4119 p.
1379 4050 1463 4111 11333
1479 4044 1501 4096 in

457 4134 506 4191 Ed.
525 4136 661 4206 Fragmm.
678 4134 765 4190 Oratt.
790 4137 894 4203 Beieri,
922 4158 948 4209 p.
968 4139 1047 4206 2132]
1076 4142 1180 4189 Domus
1205 4135 1256 4187 tibi
1282 4134 1435 4188 deerat?
1469 4136 1503 4186 At

458 4222 582 4277 trahebas.
618 4225 738 4276 Pecunia
756 4226 977 4295 superabat?
1012 4227 1055 4279 At
1073 4223 1194 4297 egebas.“
1218 4223 1320 4296 Borg.
1367 4224 1438 4278 Add.
1456 4222 1503 4274 Ha·

459 4324 506 4366 rat.
527 4312 585 4366 Art.
604 4312 679 4365 Poet.
700 4314 751 4365 tut
770 4331 825 4384 sq.:
856 4314 936 4365 Side
956 4314 1102 4385 quincunce
1120 4321 1224 4364 remota
1248 4323 1292 4365 ert
1316 4315 1419 4377 Uncia,
1448 4307 1505 4382 qnid

458 4399 678 4467 superatd-
722 4399 778 4454 Cic.
802 4400 835 4453 de
864 4402 943 4456 Finn.
964 4404 996 4468 V,
1015 4406 1058 4466 15,
1077 4404 1126 4454 42:
1160 4400 1246 4471 deque
1272 4417 1319 4468 eo,
1349 4401 1422 4473 quod
1447 4397 1503 4468 ipsis

459 4488 872 4559 superat,a1iisgrutificori
893 4491 994 4545 volunt.
1038 4487 1069 4541 ln
1096 4488 1180 4541 codd.
1209 4487 1292 4542 Drsd.
1312 4493 1339 4543 1.
1365 4494 1390 4545 3.
1419 4484 1503 4557 tegitur
