3517 5450
483 732 647 784 excursus
669 735 711 783 tv.
745 736 786 782 sn
810 735 1006 784 ramnoxuu
1033 737 1055 797 t,
1071 730 1097 785 s.
1247 708 1319 786 331

273 897 337 952 sioni
356 895 473 951 adbibita
494 895 635 968 leguntur,
655 894 729 950 utin
749 895 840 966 quinta
859 894 920 948 libri
940 897 989 949 tx:
1009 898 1080 950 Mitti
1099 915 1160 949 vero
1178 897 1217 946 od
1231 897 1324 949 Nonas

273 988 332 1039 bens
351 995 490 1038 maturum
509 985 617 1037 videtur
629 984 703 1056 fore.
745 983 779 1037 Et
797 983 865 1038 iibro
885 984 954 1037 XVi.
972 985 1083 1052 Tuom,
1114 988 1155 1036 Tu
1182 1002 1244 1036 vero
1262 1002 1326 1035 con·
1379 1050 1381 1059 Ι

268 1075 319 1142 fiee
335 1072 542 1144 professionem,
561 1073 587 1124 si
601 1083 695 1142 potes.-
721 1073 774 1124 etsi
791 1072 858 1123 boec
873 1073 989 1141 pecunia
1006 1091 1039 1125 ex
1059 1091 1089 1126 eo
1105 1089 1201 1144 genere
1219 1081 1273 1136 est,
1293 1082 1325 1123 nt

268 1160 435 1232 professione
452 1178 505 1212 non
521 1169 611 1231 egeat.

340 1248 456 1301 Minime
484 1258 574 1301 autem
604 1246 741 1319 principiis
766 1256 869 1300 tantum
896 1246 940 1300 itta
970 1248 1133 1320 pronomina
1164 1246 1325 1300 adhibentur

271 1350 398 1410 sequente
425 1334 555 1408 particula
579 1354 659 1388 vero:
690 1334 717 1387 id
740 1346 789 1402 est,
815 1347 845 1389 ut
870 1335 923 1389 sint
949 1337 1036 1407 prima
1062 1334 1188 1407 epistolae
1213 1334 1326 1388 alicuius

272 1425 359 1478 verba.
396 1422 521 1494 Legimus
539 1421 658 1475 enimin
677 1441 722 1489 ea,
750 1441 818 1494 quae
836 1434 875 1476 est
893 1423 1004 1494 septima
1023 1422 1085 1476 libri
1104 1424 1153 1476 iX:
1178 1422 1326 1476 Coenobom

271 1512 345 1580 opud
362 1511 467 1576 Seium,
497 1529 578 1583 quum
602 1511 711 1581 utrique
735 1505 857 1562 nostrdm
881 1511 1003 1561 redditae
1032 1521 1096 1564 sunt
1122 1530 1141 1562 o
1168 1521 1195 1562 te
1220 1510 1326 1566 literae.

270 1598 361 1648 Milri
388 1615 471 1649 vero
498 1599 555 1649 iorn
573 1607 712 1650 moturum
727 1597 844 1649 videtur.
894 1595 951 1664 Qui
977 1597 1056 1652 etiam
1075 1598 1149 1652 iocus
1174 1598 1324 1662 confirmat,

271 1685 343 1755 quod
363 1684 397 1738 de
416 1684 617 1739 barumvocum
635 1704 684 1738 usu
703 1685 762 1738 disi.
795 1675 969 1740 Manifestum
988 1687 1060 1739 enim
1079 1697 1118 1740 est
1133 1687 1244 1758 perinde
1262 1705 1326 1751 esse,

271 1791 301 1825 ac
319 1771 340 1825 si
361 1771 475 1827 diceret:
493 1773 621 1828 Redditus
639 1784 733 1827 sunta
752 1783 777 1827 te
796 1772 896 1839 literae,
915 1774 1013 1845 quibus
1031 1793 1118 1846 rogas,
1135 1794 1170 1827 an
1190 1785 1324 1828 maturum

270 1859 334 1911 mibi
354 1858 480 1912 videatur.
516 1862 588 1913 Mitt
606 1879 667 1913 vero
686 1861 739 1913 iam
758 1871 894 1914 maturum
914 1861 1025 1914 videtur.

341 1946 452 2000 Aticubi
471 1958 560 2002 autem
578 1948 613 2001 ita
635 1946 812 2019 respondetur
829 1947 879 2001 bae
899 1946 1029 2019 particula
1048 1965 1117 2012 vero,
1135 1957 1165 1999 ut
1182 1943 1260 1998 simui
1275 1963 1325 1997 ne-

270 2045 362 2106 getur,
387 2034 460 2105 quod
480 2035 581 2089 dietum
600 2035 693 2089 suerit:
720 2046 749 2107 u}
766 2036 801 2088 ad
817 2035 936 2089 Atticum
954 2034 1005 2106 Ep.
1024 2037 1059 2089 13
1077 2034 1142 2104 (sive
1160 2036 1209 2098 14,
1239 2043 1270 2085 ut
1296 2033 1323 2085 in

270 2125 327 2178 aiiis
346 2123 429 2192 Edd.)
447 2122 508 2175 iibri
528 2123 577 2176 iii:
599 2126 670 2175 Nom
688 2124 761 2195 quod
777 2122 871 2177 scribis
890 2133 917 2174 te
935 2123 1045 2190 audire,
1070 2141 1109 2174 me
1127 2122 1208 2174 etiarn
1228 2120 1323 2173 mentis

271 2230 358 2263 errore
376 2229 410 2261 ex
429 2211 518 2263 dolore
536 2212 625 2279 offici:
644 2211 730 2263 mibi
746 2230 830 2263 vero
848 2230 920 2263 mens
938 2212 1047 2283 integro
1064 2220 1116 2265 est.

295 2338 307 2362 ,
343 2299 584 2368 Quemadmodum
602 2310 690 2353 autem
708 2299 767 2352 iliae
779 2299 915 2371 epistolae,
935 2318 1004 2370 quae
1022 2299 1051 2350 in
1064 2298 1150 2370 primo
1168 2297 1260 2350 limine
1277 2295 1325 2348 ba·

271 2388 336 2441 bent
356 2387 513 2459 particulam
531 2406 608 2454 vero,
635 2387 812 2459 praecedente
838 2389 1016 2459 pronomine,
1044 2385 1229 2457 respondentis
1255 2396 1325 2452 sunt,

270 2477 305 2528 ita
325 2475 405 2528 etiam
426 2493 495 2548 quae
520 2474 618 2529 babent
640 2477 708 2529 Ain'
727 2475 781 2528 tu?
814 2477 854 2529 vel
874 2477 940 2529 Ain‘
965 2475 1096 2528 tandem?
1139 2473 1177 2526 Ut
1199 2472 1323 2544 vigesima

271 2566 356 2635 prima
376 2563 437 2617 libri
457 2564 506 2616 tX:
530 2563 597 2615 Ain'
615 2561 744 2614 tandem?
773 2563 893 2615 insanire
917 2562 967 2614 tibi
993 2562 1105 2625 videris,
1133 2560 1206 2632 quod
1222 2558 1325 2610 imitere

269 2653 407 2705 verborum
434 2671 563 2717 meorum,
588 2660 621 2702 ut
646 2649 753 2716 scribis,
773 2649 919 2722 fulmina?
963 2649 1005 2702 Ab
1028 2648 1080 2701 iltis
1104 2658 1193 2701 autem
1217 2645 1327 2699 vocibus

236 2737 240 2747 ”
269 2742 334 2793 Ain’
353 2741 409 2793 tu?
436 2740 541 2794 orditur
560 2738 695 2811 quandam
714 2739 747 2791 ad
758 2739 886 2805 Atticum,
905 2743 973 2811 qua‘e
983 2750 1021 2791 est
1032 2738 1124 2810 quinta
1136 2735 1197 2788 iibri
1209 2734 1327 2807 quarti.“

270 2830 361 2882 Verbo
380 2847 493 2882 monere
521 2827 635 2881 debebat
652 2826 818 2899 Stephanus,
847 2826 1061 2899 distinguendam
1086 2844 1141 2877 esse
1167 2844 1182 2876 a
1208 2820 1324 2875 formula

270 2916 434 2970 asseverandi
454 2918 513 2987 Ego
530 2934 593 2968 vero
609 2915 720 2970 alteram
739 2920 798 2989 Ego
816 2926 923 2982 entem,
949 2933 1017 2986 quae
1037 2925 1075 2966 est
1100 2912 1139 2965 vet
1165 2910 1323 2965 adversativa

270 3006 322 3071 vel,
348 3024 430 3078 quam
457 3004 565 3069 dieunt,
594 3005 787 3060 continuativa:
822 3004 893 3057 Fieri
920 3002 997 3069 inde,
1026 3002 1123 3057 docere
1153 3009 1271 3073 poterat,
1297 3009 1327 3052 ut

270 3105 326 3146 tum
344 3092 519 3148 asseverando
537 3103 594 3146 tum
614 3094 738 3164 negando
757 3093 889 3146 inserviat.
926 3092 988 3151 Mr,

696 3209 903 3222 w

661 3329 873 3390 uxcuustts
897 3331 945 3388 Ν.

516 3466 592 3543 sn
619 3465 962 3544 nsnsuoxon
986 3466 1019 3563 ι,
1043 3464 1088 3540 a:

297 3661 341 3674 -
361 3628 480 3713 Atque
503 3622 587 3690 baec
608 3627 749 3714 quidem
773 3664 811 3674 -
826 3625 941 3705 facile
961 3621 1093 3690 adduci
1117 3621 1227 3687 solent
1251 3630 1291 3683 ut

268 3726 304 3789 in
329 3723 432 3791 rebus
453 3722 550 3788 bonis
573 3750 647 3792 esse
669 3732 818 3817 negent.-
840 3726 934 3792 illud
951 3738 1067 3791 tamen
1081 3734 1179 3788 arcte
1201 3729 1319 3785 tenent

374 3838 655 3916 accurateque
676 3829 884 3909 defendunt,
905 3830 1120 3917 voluptatem
1142 3846 1216 3890 esse

631 3953 806 3996 summum
827 3929 963 3995 bonum.

338 4070 420 4124 Hunc
437 4085 488 4141 ego
507 4068 597 4124 locum
618 4089 680 4124 cum
698 4074 736 4143 (a.
755 4074 848 4143 181⁰.)
873 4073 997 4145 Lugduni
1021 4073 1184 4127 Batavorum
1204 4069 1319 4139 tegerem

266 4177 329 4213 cum
348 4158 561 4228 Wyttenbaebio
587 4158 658 4212 inter
682 4160 834 4234 complures
860 4161 916 4215 eius
939 4160 1098 4231 discipulos,
1124 4176 1217 4213 sanum
1244 4154 1323 4227 piane

266 4260 292 4301 et
309 4248 344 4301 ab
364 4248 438 4301 omni
458 4246 517 4302 labe
535 4246 683 4301 immunem
703 4249 901 4316 existimabam,
929 4268 1045 4320 eumque
1064 4268 1078 4301 a
1100 4247 1207 4299 nemine
1236 4241 1323 4297 adbuc

265 4346 366 4389 tactum
387 4353 441 4387 esse
460 4336 546 4406 probe
570 4336 687 4390 sciebam
715 4356 777 4391 eum
796 4336 897 4391 ceteris.
944 4337 980 4390 At
997 4336 1058 4402 iiie,
1083 4334 1204 4400 „Habet,
1231 4330 1325 4402 inquit,

265 4442 311 4476 vox
330 4431 461 4474 accurate
479 4423 596 4496 aliquem
616 4425 823 4493 dubitationem,
851 4438 880 4479 ut
899 4424 996 4479 Cicero
1023 4424 1133 4477 fortasse
1160 4421 1238 4475 aliter
1255 4418 1325 4473 sori-

264 4511 346 4596 psisse
363 4511 491 4566 videatur.
530 4512 585 4565 Vos
603 4512 666 4585 quid
685 4513 718 4567 de
738 4532 767 4567 eo
787 4533 815 4567 re
838 4514 972 4578 sentiatis,
991 4511 1110 4583 proxima
1130 4509 1194 4563 mibi
1214 4508 1327 4563 lectione
