3517 5450
475 704 548 779 352
887 728 1050 777 excursus
1078 731 1110 774 x.

471 901 535 944 sunt
555 891 604 941 alii
621 891 751 943 lautiores
771 891 907 955 -servi,
926 891 974 942 sed
990 902 1080 944 tamen
1098 891 1177 955 serui,
1195 891 1327 944 atrienses
1346 912 1381 945 ac
1400 895 1514 963 topiarii:

471 980 607 1032 stultitiae
624 998 690 1031 suae
708 998 775 1052 quos
793 980 885 1050 signa,
904 997 970 1049 quos
989 979 1102 1030 tabulae
1121 1007 1152 1020 -
1173 979 1332 1049 delectant]
1351 1009 1388 1020 -
1434 983 1515 1046 „Actu

468 1070 531 1138 pori
548 1067 639 1132 stult]
687 1069 715 1120 ln
735 1067 831 1120 Venet.
855 1064 1013 1118 emendatus
1029 1066 1109 1136 (nibil
1137 1067 1209 1119 enim
1238 1066 1346 1136 dubito)
1374 1070 1450 1124 locus
1472 1083 1515 1124 est:

473 1157 592 1226 Topiarii
608 1155 746 1208 stultitiae
765 1172 838 1207 suae.
884 1153 958 1207 Dicit
983 1153 1055 1207 euim
1077 1174 1133 1208 non
1152 1153 1259 1208 infimae
1277 1156 1358 1210 sortis
1383 1157 1459 1225 istos,
1477 1159 1515 1230 qui

471 1247 548 1317 vulgo
568 1247 636 1299 beati
656 1254 792 1316 putentur,
810 1262 865 1296 esse
884 1262 980 1310 servos,
999 1241 1044 1296 sed
1064 1242 1138 1314 quasi
1157 1243 1301 1315 primarios
1319 1245 1451 1317 quosdam
1469 1266 1517 1298 ser·

469 1355 529 1399 vos,
550 1353 638 1386 servos
655 1345 744 1386 tamen
765 1330 889 1385 stultitiae
905 1351 985 1399 suae,
1009 1343 1040 1387 ut
1063 1332 1206 1398 atrienses,
1232 1331 1279 1405 qui
1298 1334 1407 1404 negotia
1429 1345 1516 1388 tracta-

469 1426 533 1477 bant
552 1424 740 1486 dominorum,
760 1440 840 1492 quem
857 1420 890 1474 ad
909 1419 1020 1474 modum
1034 1418 1099 1473 dicit
1113 1417 1270 1488 Pseudolus,
1290 1421 1394 1473 condus
1409 1441 1517 1490 promus,

466 1522 627 1582 procurator
643 1511 705 1580 peni
724 1509 767 1577 [ll,
786 1513 812 1574 2,
833 1510 886 1576 tt]
905 1520 931 1571 et
950 1528 1023 1563 mor:
1051 1508 1099 1580 [ib.
1118 1509 1182 1576 312]
1212 1509 1268 1578 Qui
1286 1527 1329 1562 res
1355 1511 1516 1582 rationesque

469 1601 577 1651 lteri-
596 1619 674 1664 euro,
693 1608 837 1669 argentum
855 1608 979 1668 accepto,
997 1608 1025 1649 et
1043 1598 1087 1649 cui
1106 1597 1183 1649 debet
1201 1597 1278 1653 dato.
1313 1597 1459 1668 Topiarios
1475 1616 1517 1649 au·

470 1698 523 1740 tem
543 1685 588 1758 qui
608 1685 679 1757 topia
699 1696 841 1750 curarent,
866 1684 974 1739 delicias
1002 1684 1130 1757 quasdam
1156 1696 1183 1739 et
1201 1686 1378 1741 amoenitates
1396 1686 1517 1747 locomm,

469 1773 501 1826 de
521 1773 617 1846 quibus
637 1771 713 1846 plura
733 1773 898 1827 Victorius.“
917 1771 1150 1827 Camerarius.

539 1862 571 1918 C.
590 1862 755 1934 bangius:
776 1861 887 1929 „Patavi
905 1861 1052 1932 aliquando
1071 1861 1105 1915 ita
1124 1860 1204 1916 scribi
1223 1881 1315 1933 posse:
1344 1863 1474 1915 atrienses
1490 1881 1516 1912 ac

467 1952 578 2022 topiarii
596 1951 736 2004 stultitiae
754 1968 832 2006 suae,
851 1969 918 2022 quos
935 1950 1017 2021 signa
1034 1977 1078 2005 -.
1125 1949 1194 2003 Nam
1214 1969 1278 2004 cum
1297 1949 1328 2003 in
1347 1950 1423 2004 atriis
1441 1968 1515 2020 pone-

468 2052 562 2095 rentur
579 2039 660 2112 longa
679 2038 747 2093 serie
765 2038 894 2110 imagines
911 2036 1076 2109 gentiliciae,
1095 2049 1211 2105 statuae,
1230 2037 1355 2109 picturae
1379 2049 1407 2092 et
1431 2038 1479 2091 alia
1495 2038 1516 2091 id

470 2146 569 2201 genus,
596 2139 625 2182 ut
647 2126 763 2199 Philipp.
781 2125 813 2178 ss.
842 2137 869 2180 et
896 2125 967 2197 apud
1000 2125 1166 2190 iuvenalems
1196 2126 1335 2197 spectabat
1361 2147 1392 2181 ea
1411 2146 1474 2180 cura
1491 2125 1517 2178 ad

467 2218 609 2270 atriensem
628 2235 749 2279 servum,
768 2215 843 2268 cuius
859 2214 888 2267 in
908 2215 1008 2268 familia
1028 2215 1131 2287 primus
1150 2213 1226 2270 locus
1244 2226 1319 2282 erat,-
1332 2227 1363 2270 ut
1380 2236 1412 2269 es
1431 2216 1517 2270 Plauto

466 2315 593 2377 apparet,
619 2315 648 2358 ut
666 2303 805 2357 hortorum
830 2301 1019 2374 patiendorum
1045 2314 1071 2357 et
1096 2304 1167 2357 varie
1191 2304 1413 2358 exornandorum
1432 2305 1464 2358 ad
1482 2315 1516 2356 te-

465 2394 576 2462 pierias.
618 2391 747 2446 Fortassis
764 2402 854 2444 autem
872 2391 912 2446 sic
929 2393 1041 2445 rectius:
1066 2395 1161 2465 Atque
1186 2403 1218 2444 ut
1236 2393 1266 2446 in
1293 2412 1399 2465 magna
1412 2393 1516 2464 familia

466 2491 531 2536 sunt
549 2481 613 2546 aliis
631 2481 680 2531 alii
697 2480 841 2537 lautiores,
866 2490 899 2531 ut
917 2479 968 2532 silu'
986 2481 1127 2544 vitientur,
1145 2481 1231 2545 serui,
1255 2481 1304 2533 sed
1327 2491 1422 2533 tamen
1441 2480 1515 2533 servi:

467 2571 598 2633 atrienses
617 2587 650 2619 ac
668 2579 715 2634 tu,
732 2567 796 2637 pari
812 2568 936 2620 stultitia
952 2579 1034 2634 sunt,
1055 2587 1123 2640 quos
1140 2569 1219 2640 signa
1238 2580 1288 2623 etc.
1307 2570 1369 2628 sed.
1398 2583 1430 2626 ut
1446 2569 1515 2625 semel

466 2659 568 2724 dicam,
589 2676 643 2710 non
664 2675 706 2708 me
726 2656 852 2709 extrico.“
1355 2712 1358 2716 ,

536 2746 556 2798 Ι.
575 2744 780 2798 Morisotus:
798 2782 815 2811 ,‚
835 2744 923 2798 Locus
941 2744 1007 2798 mire
1025 2744 1183 2817 depravatus
1200 2758 1247 2800 est.
1284 2746 1317 2799 ln
1338 2750 1447 2804 vetustis
1463 2750 1515 2822 qui·

467 2834 577 2888 busdam
597 2833 792 2905 exemplaribus
808 2831 847 2886 sic
865 2842 958 2885 exstat:
987 2833 1083 2903 Atque
1101 2844 1134 2886 ut
1151 2835 1181 2886 in
1198 2853 1300 2906 magna
1320 2836 1437 2905 [anulio
1453 2837 1515 2891 stul·

467 2936 555 2976 torum
572 2933 637 2976 sunt
655 2923 706 2973 alii
723 2921 855 2973 lautiores
873 2923 920 2983 (ut
939 2918 991 2972 sibi
1013 2920 1154 2987 uidentur)
1177 2922 1249 2974 serui
1272 2923 1429 2992 atrienses,
1460 2934 1513 2976 actu

465 3013 527 3080 pari
545 3010 683 3062 stultitiae
699 3020 773 3064 sunt.
811 3007 841 3061 ln
860 3007 1056 3061 recentioribus
1080 3020 1169 3062 autem
1188 3008 1241 3064 boc
1259 3011 1345 3064 moda
1372 3024 1514 3068 correctum

466 3109 517 3151 est:
536 3099 630 3169 Atque
648 3106 680 3149 ut
698 3096 727 3147 in
745 3113 843 3166 magna
858 3096 973 3166 familia
991 3096 1140 3150 stultorum
1160 3108 1227 3150 sunt
1250 3099 1303 3151 alii
1325 3100 1462 3155 lautiores
1477 3108 1515 3165 (ut

465 3185 516 3237 sibi
534 3184 673 3252 videntur)
691 3181 775 3247 servi,
792 3183 841 3234 setl
858 3192 949 3235 tamen
967 3185 1052 3250 servi,
1078 3185 1210 3238 atrienses
1228 3204 1262 3238 ae
1284 3197 1334 3240 tu:
1367 3190 1433 3259 pari
1454 3189 1513 3243 stul·

466 3275 531 3325 titia
550 3283 623 3326 sunt.
643 3301 676 3312 -
707 3271 764 3325 Nec
783 3270 943 3337 defuerunt,
973 3274 1018 3345 qui
1038 3271 1108 3327 banc
1126 3275 1289 3345 scripturam
1308 3276 1515 3332 emendarem!-

465 3359 533 3414 lent:
563 3347 678 3432 quorum
698 3379 768 3413 unus
785 3360 901 3432 margini
920 3359 1053 3415 adnotavit
1080 3363 1151 3415 servi
1177 3364 1326 3429 atrienses,
1360 3370 1413 3420 sed
1439 3379 1515 3421 tanen

466 3450 536 3503 serui
554 3468 638 3521 aeque
657 3468 689 3501 ae
707 3460 749 3506 tu.
786 3448 875 3502 Alter:
891 3450 955 3519 pari
973 3467 1007 3501 ae
1024 3461 1055 3502 tu
1076 3450 1201 3503 stultitia
1217 3464 1295 3505 sunt.
1334 3453 1396 3523 Qui
1416 3468 1446 3511 ut
1461 3454 1514 3509 alios

465 3537 563 3590 iudicio
582 3536 715 3602 vicerunt,
743 3537 781 3591 sic
800 3537 890 3591 locum
910 3557 966 3591 non
985 3539 1099 3592 omnino
1122 3539 1306 3595 restituerunt.
1352 3542 1413 3599 Nos
1437 3544 1513 3616 legen·

465 3627 529 3680 dum
556 3644 710 3679 censemus:
738 3628 833 3697 Atque
851 3636 884 3677 ut
902 3626 931 3678 in
949 3646 1049 3699 magna
1070 3628 1187 3699 familia
1205 3628 1361 3684 stultorum
1379 3646 1446 3686 suat
1462 3632 1511 3684 altit

465 3714 595 3766 lautiores
614 3717 659 3778 (ut
676 3706 728 3763 sibi
747 3714 886 3782 videntur)
903 3715 975 3767 servi
993 3715 1141 3775 atrienses,
1164 3717 1214 3769 sed
1230 3727 1324 3770 tamen
1343 3738 1433 3792 aeque
1449 3718 1511 3778 servi,

465 3819 498 3850 ac
516 3810 563 3852 tu:
583 3802 622 3852 sie
638 3800 701 3870 pari
718 3801 842 3853 stultitia
861 3811 926 3854 sunt
944 3832 989 3858 ·—.
1034 3802 1076 3856 nd
1094 3804 1168 3858 bunc
1180 3805 1254 3859 enim
1280 3808 1399 3862 modurn
1419 3804 1510 3877 intelligi

465 3889 555 3942 debet:
574 3888 811 3956 Quemadmodum
830 3887 892 3943 licet
909 3890 976 3942 serri
995 3891 1121 3945 atrienses
1146 3891 1204 3946 aliis
1228 3893 1279 3946 sibi
1307 3895 1451 3951 videantur
1467 3896 1511 3948 lau·

464 3977 558 4043 tiores,
577 3997 662 4048 aeque
683 3989 771 4031 tamen
790 3990 852 4030 sunt
869 3979 935 4031 serri
954 3998 986 4031 ac
1005 3991 1048 4033 tu:
1075 3980 1114 4034 sic
1131 3978 1167 4046 ii,
1197 4000 1267 4053 quos
1291 3983 1390 4054 signa,
1416 3984 1510 4044 tabulae,

464 4066 597 4137 signatum
617 4075 776 4135 argentum,
799 4065 937 4119 Corinthia
956 4085 1053 4137 opera,
1073 4066 1194 4121 aedificia
1214 4070 1367 4141 magnifica
1387 4074 1509 4132 delectant,

466 4154 524 4226 pari
542 4166 605 4208 sunt
623 4153 760 4208 stultitia.“

535 4242 657 4296 Franc.
684 4240 840 4313 Sylviuss
871 4246 926 4309 „ln
951 4262 1051 4313 magna
1072 4244 1187 4315 familia
1210 4246 1382 4319 stultorum]
1409 4252 1509 4304 Fortasse

463 4350 615 4399 servorum,
634 4350 690 4384 non
710 4330 858 4383 stultorum
884 4332 1037 4403 legendum.
1074 4333 1142 4386 Nam
1162 4331 1303 4389 Oscorum
1332 4337 1429 4411 lingua
1440 4333 1509 4412 fruel

465 4438 553 4472 servus
571 4419 685 4485 dicitur,
713 4418 785 4472 unde
810 4420 909 4474 familia
936 4433 1025 4476 vocata
1043 4433 1094 4475 est:
1125 4432 1155 4475 ut
1181 4433 1281 4477 auctor
1307 4438 1351 4481 est
1369 4427 1431 4483 Sex.
1448 4428 1508 4480 Pon·

467 4506 557 4576 peius,
577 4507 697 4578 quamvis
716 4509 787 4562 idem
806 4507 897 4578 paulic
916 4522 977 4565 ante
995 4511 1091 4566 scribat
1098 4548 1106 4576 ,
1126 4512 1274 4582 sensilium
1292 4527 1376 4572 antea
1398 4521 1424 4572 in
1442 4511 1508 4571 liberis
