3517 5450
377 690 449 766 186
701 717 874 765 rantuoxt
904 715 1099 767 stotcoauu.

372 875 438 930 baec
465 876 573 929 consilia
601 876 719 948 prosecta
745 887 829 929 erant.
880 877 947 929 Nam
977 890 1100 950 potuerat
1126 880 1237 950 quidem
1265 879 1414 936 Ciceronem

372 964 537 1031 interficere,
569 965 613 1017 sed
638 963 704 1018 baec
728 965 824 1018 iniuria
849 964 883 1018 ad
909 984 1008 1038 corpus
1031 967 1196 1038 pertinebat,
1228 987 1280 1021 nec
1303 988 1362 1022 vero
1387 972 1414 1024 ad

371 1062 504 1117 mentem,
536 1052 607 1104 unde
635 1050 679 1104 iiia
705 1052 815 1106 consilia
841 1051 1000 1108 ssunerant.“
1031 1056 1210 1126 Wyttenb.
1229 1085 1264 1096 -·
1314 1056 1414 1112 Confert

369 1140 451 1211 Borg.
470 1140 503 1193 ad
523 1139 687 1193 locutionem
706 1138 763 1193 Cio.
782 1139 831 1193 Or.
846 1160 898 1212 pro
917 1141 1006 1195 Rabir.
1024 1142 1184 1208 Postumo.
1203 1145 1250 1198 ubi
1270 1157 1309 1198 eat
1327 1167 1413 1218 quo-

369 1240 478 1291 stante,·
503 1240 530 1282 et
547 1227 606 1281 Dtv.
627 1228 654 1281 in
679 1224 779 1281 Caecii.
797 1232 836 1282 ii:
865 1229 911 1281 ubi
936 1230 1034 1282 estleia
1057 1232 1236 1286 invitissimis·
1254 1263 1290 1273 -
1340 1232 1412 1300 Quod

369 1336 430 1370 vero
450 1315 545 1370 Cicero
564 1316 597 1368 de
624 1335 651 1368 se
668 1314 727 1387 ipso
753 1315 867 1387 loquens
893 1317 933 1369 sui
960 1317 1043 1370 animi
1063 1318 1183 1371 divim
1202 1321 1339 1392 praedicat
1355 1341 1411 1375 oon·

368 1404 500 1471 stantiam,
520 1403 546 1457 id
567 1402 622 1456 noli
642 1404 677 1456 ita
696 1401 859 1474 intelligere,
880 1405 954 1475 quasi
974 1416 1027 1458 tam
1046 1406 1155 1475 putidus
1172 1407 1256 1461 suerit
1272 1409 1312 1460 sui
1331 1407 1411 1461 lauda·

367 1505 424 1558 tor,
451 1490 557 1565 qualem
583 1511 633 1545 nos
665 1492 829 1565 diceremus,
863 1493 884 1545 si
909 1494 1063 1564 germanice
1092 1513 1168 1547 suam
1204 1494 1411 1568 qualemcunque

367 1582 489 1636 virtutem
509 1580 603 1653 aiiquis
620 1599 682 1634 cum
700 1580 787 1633 divina
815 1579 890 1652 quasi
917 1581 1079 1634 contendere
1099 1601 1175 1652 posse
1194 1583 1306 1637 diceret.
1350 1584 1409 1636 Nibii

367 1669 438 1722 aiiud
461 1669 530 1735 vuit,
560 1688 641 1741 quam
665 1668 738 1741 quod
759 1688 807 1722 nos
831 1668 1005 1741 intelligimus
1030 1670 1183 1733 insolitum,
1214 1670 1286 1724 baud
1313 1671 1407 1744 vuigare

367 1758 421 1823 vei,
446 1759 467 1810 si
492 1757 578 1831 placet
603 1756 790 1828 magnificum:
816 1757 893 1811 cuius
919 1777 982 1811 usos
1002 1756 1120 1829 exempla
1147 1757 1186 1810 rei
1205 1758 1301 1812 berica
1321 1780 1406 1831 suppe-

367 1846 458 1900 ditant
494 1846 554 1899 ΜΓ.

436 1934 461 1986 si
478 1934 555 1985 illam
574 1945 699 1998 mentem,
718 1934 788 1986 unde
810 1961 841 1974 -·
861 1935 1034 2002 monoruut‚]
1054 1931 1235 1987 Cod.1)uisb.
1272 1937 1403 1988 Sittium

363 2023 439 2073 illam
458 2034 578 2078 mentem.
615 2021 697 2090 Quod
717 2021 741 2074 b.
762 2021 779 2074 Ι.
799 2039 1026 2093 supervacaneum
1045 2021 1165 2074 additum
1183 2033 1235 2091 est,
1261 2022 1288 2074 id
1303 2022 1331 2076 in
1349 2021 1401 2075 Cod.

365 2111 444 2165 Bern.
464 2111 534 2164 maie
558 2111 667 2174 excidit,
692 2112 787 2174 etiam,
812 2110 883 2163 inter
909 2111 987 2163 rerba
1012 2110 1098 2161 multo
1122 2120 1149 2162 et
1173 2111 1280 2180 aregh,-
1306 2122 1333 2164 et
1355 2120 1401 2162 ante

364 2200 429 2254 haec
447 2200 497 2253 Or.
517 2200 536 2252 Ι.
554 2199 634 2253 babet
653 2200 780 2252 dimissas
799 2218 850 2271 pro
872 2199 1023 2252 deteriores.
1067 2200 1096 2250 in
1115 2217 1191 2270 seqq.
1210 2196 1264 2251 Or.
1283 2218 1309 2267 η.
1336 2197 1399 2250 onit-

363 2288 394 2342 tit
414 2299 474 2358 post
491 2288 561 2339 unde
579 2288 653 2339 boec.
689 2286 744 2340 Pro
763 2297 911 2338 manarunt
929 2285 1010 2339 babet
1036 2284 1094 2338 Cra.
1113 2291 1138 2340 2.
1158 2298 1315 2350 manant,
1337 2285 1398 2338 Drrd.

363 2377 389 2428 1.
409 2378 434 2428 3.
451 2380 477 2429 4.
496 2385 699 2428 nannet-erunt.
735 2375 813 2443 Quae
832 2385 983 2446 sequuntur
1003 2374 1082 2427 verba
1101 2375 1167 2436 mibi
1184 2376 1338 2445 eripuisses,
1353 2374 1399 2427 reii-

362 2462 397 2516 cit
416 2461 466 2513 Th.
485 2461 628 2515 Bentleius.
674 2462 756 2516 Recte
781 2473 871 2516 autem
894 2472 987 2514 monet
1012 2459 1113 2514 Gernb.
1139 2480 1196 2513 non
1224 2462 1396 2515 commedere

362 2550 464 2615 omitti,
498 2569 559 2604 cum
585 2550 723 2622 superiora
751 2552 776 2602 si
803 2550 867 2601 ntibi
892 2544 1036 2618 eripuisses
1060 2549 1113 2602 sint
1143 2550 1307 2617 remotiora,
1334 2565 1395 2621 quan

362 2651 391 2692 ut
410 2640 488 2692 rerba
507 2651 566 2691 tum
584 2658 633 2710 ego
651 2639 783 2708 occepisse
800 2649 850 2691 etc.
869 2636 932 2690 satis
949 2635 1065 2689 babeant
1076 2635 1271 2707 oppositionis.
1306 2635 1362 2689 Mr.

432 2736 490 2778 tum
508 2747 557 2798 ego
574 2728 706 2796 accepisse
725 2744 764 2777 me
776 2726 919 2795 confiterer
932 2724 1081 2791 iniuriam]
1100 2722 1167 2778 Cod.
1185 2728 1244 2779 Cra.
1256 2729 1281 2779 1.
1300 2723 1394 2779 Gutt.

361 2825 387 2866 et
405 2814 484 2867 Drsd.
503 2817 528 2866 1.
548 2814 645 2867 babent
664 2824 730 2866 tuno
749 2832 799 2885 pro
817 2823 892 2867 tum:
911 2811 989 2865 maie.
1025 2811 1129 2866 Excidit
1144 2833 1192 2886 ego
1212 2816 1241 2868 in
1260 2815 1325 2869 Ora.
1338 2814 1362 2866 E
1374 2830 1394 2872 r.

361 2902 442 2954 Drsd.
462 2906 493 2965 ²3
514 2902 541 2953 in
560 2902 639 2956 Drsd.
659 2908 684 2956 2.
702 2902 828 2956 scribitur
854 2920 894 2953 mr
915 2902 1055 2969 occepisse.
1098 2900 1238 2955 Omissum
1263 2915 1349 2957 autem
1367 2912 1394 2954 est

361 3008 400 3041 me
419 2990 445 3042 in
466 2989 551 3043 codd.
570 2990 650 3044 Drsd.
670 2993 695 3043 1.
715 2993 741 3047 3.
760 2995 786 3045 4.
831 2989 860 3043 in
880 2988 960 3042 Gud.·
972 2989 1006 3042 A.
1020 2989 1146 3043 scribitur
1162 3010 1203 3042 me
1222 2992 1347 3044 iniuriam
1360 3007 1393 3039 or·

361 3077 458 3145 cepisse
474 3078 623 3145 confiterer.
660 3079 714 3131 Pro
734 3079 876 3146 confiterer
895 3087 933 3129 est
947 3076 1045 3148 fateor
1056 3077 1084 3130 in
1097 3078 1166 3131 cod.
1182 3077 1293 3133 Suerin.
1307 3076 1392 3135 01.0·;

356 3164 467 3233 faterer
482 3164 510 3216 in
529 3165 609 3217 Drsd.
629 3170 653 3220 ⁵.
673 3165 738 3219 On.
756 3166 777 3217 Ι.
797 3165 832 3217 U.
852 3185 898 3235 m,
917 3166 943 3217 in
964 3164 1022 3218 Cra.
1039 3170 1064 3217 2.
1080 3167 1239 3235 profiterer,
1257 3151 1288 3220 in
1302 3164 1393 3221 Gudd·

354 3253 454 3324 fatear
478 3271 539 3305 cum
565 3253 616 3306 01.
635 3253 666 3306 N.
718 3255 825 3307 inverso
862 3253 957 3306 ordine
989 3252 1087 3319 babent
1115 3255 1246 3307 iniuriam
1273 3256 1392 3325 confiterer

359 3340 442 3393 oodd.
458 3340 538 3394 Drsd.
562 3344 587 3394 1.
606 3340 687 3395 Bern.
708 3343 767 3396 Bas.
785 3341 854 3396 Edd.
873 3342 966 3395 Lamb.
986 3352 1013 3396 et
1032 3340 1128 3395 Goion.
1165 3342 1226 3397 Mr.

428 3430 483 3482 Sed
506 3432 530 3481 si
555 3431 621 3481 haec
645 3448 693 3482 ner
713 3431 833 3501 fecisti,]
867 3430 935 3483 cod.
960 3428 1019 3482 Cra.
1040 3435 1066 3484 2.
1093 3429 1193 3486 omittit
1215 3432 1278 3496 red,
1311 3431 1356 3484 Or.
1369 3426 1390 3478 Ε.

357 3517 454 3571 omittit
471 3519 496 3569 si
513 3518 592 3583 boec,
612 3516 699 3572 codd.
717 3519 797 3573 Drsd.
817 3522 841 3572 1.
861 3523 885 3575 3.
903 3524 929 3572 4.
949 3524 975 3573 5.
1003 3519 1102 3573 babent
1118 3539 1172 3571 non
1191 3537 1244 3592 pro
1263 3539 1325 3583 nec,
1346 3531 1390 3570 rum

358 3608 415 3657 Cre.
437 3607 461 3657 1.
481 3617 507 3658 et
525 3604 632 3659 Suerin.
668 3610 729 3659 Hoc
748 3609 883 3678 probare
902 3609 984 3662 estin
1005 3607 1085 3660 Dred.
1110 3612 1137 3661 4.
1157 3611 1199 3675 5.,
1226 3608 1390 3661 omissumott

356 3710 403 3742 iaec
421 3692 448 3743 in
467 3692 547 3744 Drsd.
567 3698 592 3746 ².
631 3691 670 3746 Ad
690 3706 850 3748 structuram
870 3695 943 3768 quod
960 3697 1053 3749 attinet
1071 3696 1180 3768 (fecisti
1194 3724 1228 3737 -
1244 3695 1389 3767 potuisti-

358 3778 674 3843 dedit),1·'.Eilendtius
693 3781 720 3834 in
739 3781 846 3835 Comm.
867 3783 900 3835 de
919 3783 1014 3837 formis
1031 3783 1249 3837 Enuneiatorum
1271 3782 1388 3838 Conditio·

359 3865 459 3918 naiium
478 3866 506 3917 L.
526 3866 556 3919 L.
574 3869 690 3939 (Regini.
710 3865 798 3923 Pruss.
818 3874 897 3924 teat.
917 3875 957 3938 8.)
975 3893 1002 3943 p.
1021 3875 1064 3925 18.
1084 3871 1155 3925 banc
1173 3873 1296 3945 reguiam
1311 3866 1389 3943 posuit:

356 3952 551 4018 „Praeteritum
570 3956 716 4010 Praeterito
735 3957 869 4029 iungitur,
901 3979 963 4013 cum
990 3971 1104 4032 utraque
1121 3980 1177 4025 res,
1208 3979 1265 4032 quo
1289 3972 1387 4030 temport

356 4039 508 4111 loquimur,
526 4042 644 4098 absoluta
664 4050 741 4099 est“:
760 4047 851 4119 ibique
869 4049 961 4102 iaudat
977 4049 1056 4103 etiam
1074 4048 1155 4103 Tusc.
1174 4049 1207 4115 ΙΙ,
1226 4053 1273 4116 ss,
1292 4054 1336 4104 26:
1350 4041 1388 4097 ded

356 4128 441 4181 sicubi
457 4130 500 4181 illi
519 4131 624 4201 [poetae
642 4133 741 4203 tarini]
762 4137 935 4208 defecerunt,
953 4138 1023 4191 verti
1041 4138 1129 4189 multa
1148 4138 1182 4188 de
1198 4140 1315 4194 Graecis.
1345 4130 1386 4184 Μῐ·
1434 4155 1437 4180 1

426 4220 544 4271 reditum
561 4221 627 4270 mibi
643 4223 791 4292 gloriosum
809 4226 911 4276 iniuria
931 4237 983 4276 tua
1000 4225 1100 4292 dedir,]
1131 4224 1269 4279 Scribitur
1286 4235 1332 4276 rua
1353 4217 1385 4267 dt·

355 4304 395 4356 dit
412 4307 514 4358 iniuria
538 4307 564 4359 iu
592 4306 678 4361 Codti.
706 4309 765 4362 Cri..
783 4317 809 4364 2.
828 4316 854 4366 3.
882 4312 961 4365 Drsd.
980 4316 1007 4367 3.
1026 4317 1051 4366 5.
1072 4311 1145 4368 Gud.
1164 4314 1199 4366 Α.
1224 4314 1265 4381 (in
1291 4329 1340 4383 quo
1358 4312 1383 4356 2⁸¹

356 4392 487 4444 redditum
507 4414 556 4464 pro
575 4396 705 4465 reditum)
722 4397 803 4452 Bern.
823 4399 881 4453 Bas.
902 4400 992 4456 Gueii.
1010 4401 1077 4453 Edd.
1091 4421 1152 4473 pre..
1162 4405 1242 4458 1465.
1262 4397 1380 4463 Cr.M³3¹¹·
1429 4419 1437 4447 ι

356 4475 428 4532 Μ...
455 4501 483 4533 ε.
508 4483 605 4537 nostris
630 4485 698 4538 ν...
718 4489 796 4543 1492.
816 4492 894 4544 tote.
925 4490 1004 4543 fletu.
1030 4490 1090 4545 Ρ...
1117 4494 1197 4545 taor.
1217 4494 1293 4546 1⁵12,
1318 4479 1378 4551 tud·
1429 4504 1436 4534 ι
