3517 5450
697 739 894 787 ramnoxou
914 740 958 787 vr.
986 741 1090 788 cant.
1344 718 1418 795 279

475 901 584 969 Semper
601 899 694 970 inope,
713 902 865 974 quicunque
882 902 983 969 cupit.‘·
1019 899 1093 954 ΑΜ.
1113 899 1198 954 Mun.

363 985 467 1040 Habent
486 988 562 1039 video
581 986 648 1042 Edd.
668 990 739 1042 Crat.
758 988 833 1040 Man.
852 986 913 1040 Atd.
933 991 1020 1053 tatu
1050 1007 1103 1041 uon
1128 998 1155 1039 te
1179 984 1289 1043 devitem
1313 990 1416 1061 putabo

363 1072 441 1127 Dred.
461 1077 486 1128 5.
524 1075 627 1128 Vocem
648 1081 755 1128 inanem
772 1076 833 1130 Fre.
853 1074 924 1147 Syiv.
951 1073 1076 1145 explicet:
1105 1094 1250 1142 „vacuum
1278 1097 1333 1132 non
1358 1078 1416 1149 ple·

363 1181 441 1231 num,
459 1182 516 1216 non
535 1163 686 1218 satiatum.“
723 1164 757 1217 Er
775 1175 923 1217 extremum
943 1162 1051 1233 quidem
1072 1174 1151 1217 recte.
1187 1162 1247 1217 ΜΓ.

430 1252 540 1303 Etenim
554 1270 587 1302 ex
605 1270 649 1317 eo,
670 1261 802 1323 quantum
820 1251 917 1322 cuique
935 1252 1004 1303 eatis
1021 1252 1088 1318 eet,]
1125 1251 1179 1304 Pro
1204 1252 1300 1303 etenim
1325 1264 1365 1307 est
1388 1264 1417 1306 et

362 1337 387 1390 in
405 1337 475 1391 Cod.
496 1337 567 1392 Gud.
587 1339 619 1391 Α.
657 1339 746 1392 Verba
764 1357 797 1392 ex
816 1357 847 1391 eo
865 1339 961 1392 desunt
990 1338 1018 1391 in
1043 1336 1111 1392 Cod.
1135 1342 1193 1393 en.
1213 1343 1239 1395 3.
1275 1340 1330 1396 Pro
1357 1342 1416 1393 eui-

362 1444 410 1498 que
430 1436 470 1479 eet
489 1428 632 1499 unicuique
651 1428 678 1481 in
698 1427 766 1482 Cod.
791 1427 871 1481 Dred.
889 1432 932 1492 dm
957 1447 1050 1481 vocem
1069 1437 1111 1481 eat
1138 1439 1198 1499 poet
1221 1429 1293 1482 antia
1316 1431 1414 1485 omittit

362 1511 440 1566 Dred.
460 1517 487 1566 4.
524 1514 616 1567 Minue
633 1515 702 1568 bene
720 1515 845 1570 scribitur
865 1527 924 1568 aot
943 1526 985 1569 eat
1003 1515 1031 1568 in
1050 1516 1155 1569 duobus
1173 1515 1414 1574 AtdiManAEodd.

362 1597 427 1654 Edd.
455 1603 527 1655 Crat.
553 1602 644 1674 Magn.
670 1603 743 1658 Man.
771 1605 867 1658 nostris
893 1604 954 1657 Atd.
972 1608 1052 1659 1511.
1069 1608 1148 1659 tata.
1173 1604 1205 1657 11.
1232 1606 1319 1660 Wott.
1344 1608 1415 1661 aod.

360 1687 417 1741 tat.
437 1692 499 1743 Car.
516 1689 608 1762 Stepb.
625 1689 726 1745 Sturm.
744 1691 819 1763 syth.
839 1694 959 1746 Verbum
976 1703 1018 1745 eet
1037 1693 1132 1746 excidit
1150 1692 1177 1745 in
1197 1692 1247 1747 Ed.
1261 1694 1415 1749 ventott.

361 1789 389 1831 ut
413 1777 444 1829 in
469 1776 537 1830 Cod.
564 1777 644 1833 Drsd.
661 1783 687 1832 4.
731 1781 785 1835 Pro
805 1782 955 1832 metiuntur
981 1790 1020 1834 eat
1043 1781 1228 1834 mentiuntur
1252 1782 1279 1834 in
1304 1780 1416 1846 Cru2.;

361 1867 386 1918 in
405 1868 466 1920 Gra.
486 1871 512 1924 3.
532 1877 570 1920 eet
588 1867 746 1920 divitiorum
769 1887 881 1940 genus
900 1867 1017 1919 modum.-
1045 1867 1091 1922 aed
1119 1886 1165 1920 vox
1191 1887 1278 1940 genua
1309 1870 1415 1941 punctis

361 1966 450 2017 notata
471 1957 620 2027 utepnn'n.
656 1956 716 2010 Mr.

430 2055 565 2115 quantum
583 2046 679 2117 cuique
697 2047 759 2113 eto]
779 2046 854 2115 „Qui
874 2044 955 2100 babet
973 2054 1104 2116 quantum
1119 2043 1168 2096 eibi
1182 2043 1243 2097 eatis
1263 2056 1309 2110 eet,
1329 2044 1413 2098 nihilo

360 2133 418 2203 pins
428 2133 546 2207 appetit;
564 2134 610 2205 qui
630 2153 684 2187 non
695 2134 803 2205 appetit,
823 2153 878 2187 non
893 2143 963 2205 eget,
982 2151 1014 2186 ac
1026 2131 1141 2203 proinde
1151 2131 1222 2185 dives
1234 2143 1300 2198 est„
1314 2131 1336 2183 F
1343 2151 1357 2184 3
1366 2150 1412 2185 cc.

431 2220 592 2273 divitiorum
612 2222 753 2290 modum]
791 2221 902 2292 „Vulgo
931 2221 1025 2275 dicunt
1043 2222 1240 2293 quantitatem,
1269 2220 1342 2292 quod
1361 2220 1413 2273 La-

358 2306 405 2361 tini
426 2327 484 2361 non
502 2320 632 2379 usurpant
653 2310 703 2363 nisi
722 2312 749 2363 in
770 2309 944 2383 philosophia.
982 2309 1082 2362 Senius
1102 2319 1152 2362 est:
1170 2308 1251 2362 Dirce
1268 2309 1366 2363 dicitur
1384 2311 1413 2377 ie,

359 2396 405 2468 qui
425 2395 505 2450 babet
524 2410 655 2468 quantum
675 2398 698 2451 ei
724 2400 785 2453 satie
808 2410 865 2453 eet:
887 2410 913 2453 et
940 2398 1002 2464 itto,
1029 2397 1102 2471 quod
1129 2397 1190 2452 satie
1215 2408 1267 2463 eet,
1291 2396 1414 2451 homines

358 2482 438 2556 vulgo
457 2485 597 2538 aestimant
614 2486 743 2540 divitias.“
761 2487 868 2559 Wytt.
905 2487 934 2540 ln
954 2506 1029 2559 eeqq.
1048 2485 1098 2540 Oe.
1118 2504 1147 2548 u.
1167 2484 1226 2539 Cn.
1244 2488 1271 2540 3.
1289 2486 1413 2540 exhibent

353 2571 448 2638 filium
465 2573 527 2643 qui
545 2573 626 2625 babet
634 2594 644 2636 ,·
663 2573 742 2629 Suet.
753 2575 847 2642 filium
866 2576 950 2646 quio
968 2575 1062 2638 babet,
1082 2573 1153 2627 Gud.
1166 2573 1198 2631 Α.
1218 2571 1243 2645 q’
1255 2574 1348 2641 filium
1359 2575 1413 2625 ho·

359 2659 417 2727 det,
439 2659 511 2714 Gud.
530 2660 562 2716 B.
577 2663 666 2732 filius.
712 2661 770 2716 Cra.
790 2669 815 2718 2.
840 2663 922 2718 Dred.
940 2667 966 2716 4.
991 2662 1062 2717 Gud.
1082 2662 1115 2716 A.
1132 2661 1163 2715 Β.
1185 2662 1302 2733 pecunia
1326 2680 1412 2731 opua

357 2762 421 2805 eat.
458 2752 530 2806 Tum
552 2751 612 2806 Cro.
629 2758 654 2806 1.
673 2754 743 2806 duos
759 2765 880 2807 autem
895 2755 998 2825 piures.
1035 2755 1093 2805 cn.
1107 2757 1133 2807 1.
1151 2750 1224 2804 Gud.
1234 2753 1267 2806 A.
1285 2750 1412 2805 omittunt

358 2841 439 2894 verba
457 2842 564 2911 plures:
583 2842 690 2897 maiore.
739 2841 769 2894 in
788 2840 853 2895 Oxx.
871 2840 893 2893 Ι.
912 2859 936 2896 o.
955 2858 984 2903 ψ.
1003 2840 1129 2894 scribitur
1152 2858 1216 2892 cum
1234 2838 1315 2894 Drsd.
1332 2842 1359 2894 3.
1378 2840 1413 2890 si

354 2930 467 3000 pluteo,
487 2941 544 2983 tum
563 2929 613 2984 Ox.
631 2929 663 2982 E.
683 2930 800 2982 maximo
819 2929 932 2999 (omisso
950 2929 1056 2994 etium).
1091 2927 1172 2981 Dred.
1190 2932 1215 2982 1.
1234 2925 1326 2979 duae?
1352 2945 1410 2977 nio-

357 3020 418 3072 iori.
436 3017 551 3088 plutei?
569 3018 664 3070 maiori
682 3020 766 3070 etium
783 3019 822 3083 εἰς
842 3037 891 3090 pro
910 3016 1010 3070 maiore
1027 3019 1087 3072 Cri.
1106 3019 1132 3073 d.
1151 3014 1231 3070 babet
1248 3033 1319 3068 anre.
1353 3013 1412 3067 Ab·

357 3116 397 3159 eet
415 3116 442 3157 et
462 3106 495 3159 ab
514 3104 580 3159 011.
597 3106 618 3161 1.
637 3125 666 3170 ψ.
684 3107 764 3161 Drsd.
784 3110 808 3160 t.
828 3111 853 3159 2.
871 3105 930 3160 Cre.
949 3110 975 3159 1.
993 3110 1018 3159 2.
1038 3105 1133 3159 Duisb.
1151 3103 1225 3161 Gud.
1242 3104 1292 3172 Α.,
1316 3104 1344 3158 in
1364 3123 1412 3158 eo·

357 3195 420 3247 dem
439 3193 560 3265 pergitur
587 3195 662 3247 aiut
679 3195 776 3247 Danai
799 3196 896 3256 aiunt,·
923 3195 1004 3248 Dred.
1025 3199 1050 3249 5.
1075 3194 1173 3248 omittit
1196 3195 1295 3247 maiore
1319 3194 1411 3245 etiam.

356 3281 431 3336 Gud.
448 3282 479 3335 B.
497 3281 575 3336 babet
594 3294 626 3335 ut
645 3284 725 3336 aiunt
742 3288 919 3348 Danaum,
937 3302 999 3337 cum
1017 3281 1067 3336 Ox.
1083 3300 1112 3343 ψ.
1148 3282 1178 3334 ln
1198 3279 1263 3334 011.
1283 3279 1302 3335 Ι.
1322 3281 1356 3333 Ν.
1375 3280 1409 3334 U.

356 3391 382 3441 η.
402 3388 426 3425 o.
446 3381 484 3423 est
502 3372 605 3439 Donni,
623 3372 650 3424 in
662 3371 722 3426 Cra.
732 3376 758 3428 3.
776 3376 889 3442 Dauoy.
925 3369 979 3424 Sed
998 3370 1100 3423 variant
1110 3368 1189 3421 etiam
1203 3367 1269 3423 Edd.
1302 3368 1348 3421 Sic
1361 3368 1409 3420 Ed.

356 3461 428 3514 nub.
441 3480 503 3515 cum
517 3455 592 3533 sylb.
605 3461 685 3515 babet
696 3461 880 3533 pluree‘etium
894 3461 1008 3525 maiore3
1027 3458 1101 3511 abest
1113 3458 1196 3510 etiam
1209 3457 1242 3510 ab
1256 3456 1324 3511 Edd.
1339 3455 1411 3511 Crat·

355 3549 452 3622 Magn.
477 3550 538 3604 Par.
557 3569 576 3603 a.
595 3570 620 3604 3.
643 3550 719 3605 Man.
745 3549 806 3605 Atd.
827 3553 906 3605 1511.
924 3553 1004 3604 1551.
1029 3549 1091 3600 Aac.
1110 3547 1189 3599 1511.
1215 3547 1277 3599 Car.
1301 3544 1408 3618 Stepb.;
1446 3605 1451 3615 ¹

355 3649 384 3692 et
403 3639 477 3692 abest
493 3639 526 3693 ab
544 3638 595 3693 Ed.
613 3658 669 3711 pre.
689 3641 758 3694 vict.
776 3639 845 3692 Rob.
865 3637 958 3710 Stepb.
977 3638 1046 3690 Ven.
1064 3638 1142 3690 1491.
1160 3633 1291 3689 H.W01t.
1308 3632 1409 3688 Stnrm.

354 3730 396 3798 (in
424 3749 477 3801 qua
505 3729 638 3783 antecedit
657 3729 803 3782 maiores
828 3729 924 3792 etiam)
951 3727 1044 3780 bamb.
1077 3724 1173 3779 colon.
1199 3722 1275 3795 syth.
1304 3725 1410 3777 Camer.

354 3820 446 3874 flerw.
471 3820 550 3874 Hdlb.
579 3819 644 3891 Arg.
672 3819 734 3873 Par.
760 3821 937 3873 15111511.
962 3815 1047 3887 Lugd.
1095 3814 1138 3868 Ad
1163 3834 1186 3867 v.
1212 3814 1311 3867 maiore
1328 3814 1410 3866 etium

355 3907 422 3961 baeu
440 3918 479 3961 est
498 3907 559 3960 Atti
583 3907 657 3960 Man.
683 3906 836 3960 annotatioi
860 3905 958 3972 „Unus
980 3906 1062 3956 etiam
1080 3904 1194 3956 maiore:
1220 3903 1314 3955 litium
1337 3904 1411 3956 abest

354 4006 491 4067 aeeptem,
509 3996 536 4049 in
549 4014 666 4068 qnorum
677 4015 732 4049 uno
745 3995 820 4061 ndd.;
842 3996 947 4049 Maiore
956 3996 1046 4058 etiam,
1065 4013 1169 4046 norem.
1206 3993 1308 4046 Maiori
1319 3993 1409 4054 etium,

354 4086 454 4136 unus.“
490 4083 571 4136 Drsd.
589 4088 615 4137 1.
633 4083 713 4137 babet
730 4084 826 4135 aient
845 4086 884 4150 ej.
910 4083 991 4136 Drad.
1004 4088 1030 4141 3.
1050 4083 1133 4135 sicuti
1150 4086 1241 4151 ajunt.

427 4172 534 4241 Danaa]
555 4172 684 4239 „Danaus
694 4171 854 4243 Argivorum
874 4190 918 4223 rer
935 4170 1206 4244 quinquagintasrlias
1224 4168 1323 4233 babuit,
1344 4188 1410 4239 quas

354 4260 551 4332 quinquaginta
569 4260 629 4313 111113
645 4260 761 4332 Aegypti
779 4259 868 4314 fratria
887 4260 924 4313 im
943 4260 1145 4314 matrimonium
1164 4258 1264 4312 dedit.“
1282 4258 1379 4311 Face.

425 4351 465 4400 Er
483 4349 520 4412 ei,
541 4358 572 4399 ut
590 4349 685 4415 aiunt,
703 4350 798 4402 Danai
818 4351 1019 4423 quinquaginta
1039 4351 1094 4401 sint
1107 4348 1200 4417 filiae]
1246 4345 1311 4413 „sie
1337 4347 1409 4400 dedit

353 4434 493 4490 Graevius.
541 4435 622 4504 Quod
641 4437 747 4492 facilem
767 4437 847 4493 habet
865 4439 1039 4511 explicatum,
1066 4438 1087 4491 si
1107 4437 1252 4508 probetur,
1282 4435 1335 4489 boc
1359 4436 1409 4490 ati-

354 4527 464 4598 quando
484 4527 513 4579 in
534 4528 670 4580 communi
691 4528 770 4583 iniere
790 4529 944 4598 proverbio:
976 4528 1071 4580 Donni
1097 4524 1298 4596 quinquaginta
1319 4526 1411 4594 filiae.
