3517 5450
444 742 529 788 xvnt
608 736 708 785 trtttltx
736 735 919 784 teramus
946 733 1063 780 cutttct
1088 735 1130 780 tu
1155 735 1339 782 rimport.

447 905 526 955 (toxa.
560 901 675 951 Parisiis
694 917 725 947 ex
746 897 876 965 offitiim.
898 896 1028 960 Calinaei,
1050 898 1191 950 1513.1b.
1230 896 1318 949 Editio
1339 897 1436 962 nitida,
1456 917 1501 950 ac-

445 1000 536 1042 curate
555 1000 684 1041 correcta.

516 1080 559 1130 10.
589 1080 629 1128 M.
640 1080 669 1127 Τ.
682 1079 709 1128 0.
720 1073 774 1142 Off.
783 1091 862 1142 opera
877 1073 917 1124 W
915 1072 986 1141 olsg.
1005 1072 1034 1123 A
1040 1073 1188 1123 neatoeai
1196 1074 1206 1122 i
1225 1091 1257 1122 ex
1280 1073 1419 1126 vetustiss.
1441 1072 1502 1122 cot.

444 1165 506 1234 plus
524 1182 604 1235 quam
623 1163 650 1213 in
670 1171 774 1212 centum
794 1160 858 1212 locis
877 1159 1009 1226 castigati
1028 1169 1055 1208 et
1072 1160 1210 1225 restituti,
1230 1160 1262 1210 de
1280 1161 1368 1213 Amic.
1389 1161 1420 1210 de
1439 1164 1498 1210 Sea.

446 1252 599 1303 Paratianis
618 1260 700 1320 atque
718 1252 805 1300 Sama.
825 1249 897 1317 Scip.
925 1265 981 1298 una
1000 1266 1060 1297 cum
1080 1246 1187 1318 dialogo
1206 1248 1373 1305 Anemoecii,
1402 1250 1430 1299 in
1450 1269 1500 1320 qna

446 1339 533 1390 reddit
551 1340 696 1403 rationem,
715 1356 763 1387 cur
781 1338 842 1388 iilos
861 1336 932 1387 locos
951 1337 1109 1390 mutaverit.
1126 1364 1163 1375 -
1200 1339 1264 1386 Cum
1281 1355 1345 1388 anri.
1364 1340 1429 1388 Des.
1448 1340 1501 1392 Er.

447 1429 526 1490 Βοὴ,
547 1427 618 1478 ΡΙιιἸ.
636 1430 666 1476 M
675 1426 716 1479 el.
734 1435 761 1475 et
783 1425 881 1476 narra.
902 1429 977 1475 Lat.
997 1423 1132 1493 adspersis
1153 1427 1228 1475 Cara.
1243 1427 1283 1474 Ca
1294 1423 1399 1473 cleaii
1426 1426 1501 1476 saba·

447 1514 492 1566 liis
511 1543 544 1551 —
565 1514 621 1565 adi.
639 1513 723 1564 variis
742 1511 907 1563 lectionibus.
919 1541 951 1551 -
971 1511 1050 1564 Basii.
1068 1510 1154 1563 Nicot.
1173 1509 1293 1581 Bryiing.
1312 1510 1457 1563 M.D.LX.
1477 1515 1500 1564 8.

448 1600 527 1654 Coos.
546 1600 650 1653 Beier
668 1600 685 1652 Ι.
705 1620 728 1653 c.
746 1621 772 1672 p.
790 1605 851 1654 450.
871 1600 905 1654 N.
921 1603 964 1653 29.
1008 1600 1080 1653 Dicit
1106 1599 1176 1652 banc
1201 1598 1252 1655 Ed.
1280 1596 1399 1652 Orellius
1424 1598 1502 1654 Ono-

449 1701 521 1743 mast.
542 1688 612 1741 Tutt.
630 1688 661 1741 T.
680 1686 701 1740 l.
721 1709 747 1759 p.
766 1692 828 1743 351.
848 1688 1222 1741 Pseudo-Anemoecianam.

521 1779 563 1830 11.
607 1780 645 1828 M.
675 1780 705 1827 T.
733 1780 759 1829 C.
790 1776 845 1844 Off.
864 1787 914 1829 etc.
947 1776 1095 1828 Paradora
1122 1805 1156 1816 -
1185 1779 1229 1826 Ex
1257 1777 1437 1847 castigatione
1465 1781 1501 1828 Ia.

448 1866 538 1918 Boul
545 1866 613 1917 ieri
621 1867 638 1917 i.
676 1864 761 1934 Lugd.
780 1884 823 1935 ap.
842 1864 906 1917 Ant.
926 1863 1109 1916 Vincentium.
1128 1867 1208 1917 1562.
1227 1866 1250 1916 8.
1270 1874 1295 1916 et
1313 1864 1349 1917 ib.
1361 1866 1440 1917 1568.
1460 1867 1500 1916 12.

449 1953 528 2008 Prior
539 1954 580 2007 cd.
599 1955 626 2006 in
646 1954 767 2023 margine
785 1951 865 2005 babet
884 1949 980 2004 multas
994 1951 1122 2004 lectiones
1141 1950 1340 2004 memorabiles:
1362 1951 1500 2021 posterior,

448 2041 553 2094 minore
571 2042 671 2106 forma,
701 2061 755 2094 non
783 2041 868 2094 irabct.
917 2039 970 2093 Sed
997 2060 1048 2094 nec
1075 2038 1166 2092 eadem
1192 2038 1289 2091 habent
1315 2039 1342 2090 in
1369 2040 1500 2092 contextis.

448 2127 495 2182 Sic
514 2131 599 2182 maior
618 2131 644 2182 in
665 2129 833 2185 Praefatione
852 2138 932 2180 extr.:
961 2129 1026 2178 Sed
1045 2139 1175 2193 tamen,
1205 2137 1237 2177 ut
1263 2145 1295 2176 ea·
1321 2127 1415 2176 eadem
1434 2126 1499 2196 offi-

448 2218 509 2268 cina
531 2219 615 2269 exisse
634 2227 824 2286 appareat:
845 2217 872 2267 in
892 2233 990 2286 marga
1011 2217 1086 2266 tale
1106 2223 1217 2265 tamen
1236 2224 1303 2270 est,
1321 2225 1400 2265 at—
1418 2217 1499 2265 exisse

449 2304 625 2355 videatur:
647 2305 687 2356 ed.
707 2306 785 2359 mim:
805 2305 860 2356 sed
877 2314 967 2355 tamen
985 2315 1038 2354 est
1057 2303 1146 2366 tale,
1165 2313 1197 2352 ut
1218 2331 1249 2341 -
1269 2311 1411 2370 appareat.
1450 2301 1498 2354 Ce-

450 2402 536 2443 terum
557 2402 650 2443 notum
670 2402 722 2457 est,
748 2391 973 2443 Bouiierium
993 2411 1103 2462 operam
1123 2411 1178 2444 non
1207 2391 1433 2444 contemnendam
1453 2410 1498 2443 aa·

449 2499 518 2531 rasse
537 2477 661 2532 Ciceroni
681 2479 784 2533 edendo
810 2491 870 2533 ante
894 2480 1109 2533 Lambinum:
1136 2480 1237 2532 sactum
1263 2489 1353 2531 autem
1373 2499 1443 2545 esse,
1473 2489 1497 2530 ut

449 2568 505 2620 eius
524 2568 619 2632 editio,
638 2580 810 2639 posteaquam
831 2568 1005 2620 Lambioinna
1025 2568 1138 2639 prodiit,
1164 2568 1198 2619 ita
1218 2568 1407 2619 obscuraretur
1426 2565 1498 2618 huius

449 2657 624 2727 praestantia,
655 2668 682 2709 ut
708 2656 806 2722 multa,
836 2677 905 2729 quae
931 2656 1101 2709 assoulierio
1131 2657 1208 2709 tacite
1238 2666 1345 2724 accepta
1371 2653 1398 2705 in
1427 2672 1496 2706 suam

449 2745 620 2799 transtulisset
638 2745 780 2798 editionem
801 2746 961 2811 Lambinus,
980 2745 1102 2798 Lambini
1121 2746 1230 2816 ingenio
1249 2744 1441 2797 tribuerentur.

519 2838 563 2886 12.
602 2834 654 2886 Cic.
674 2835 704 2883 de
726 2835 781 2902 Off.
801 2847 849 2888 etc.
894 2839 930 2886 Et
957 2837 985 2886 in
1013 2836 1055 2887 bis
1073 2835 1261 2885 animadversa
1287 2832 1422 2902 quaedam
1439 2842 1496 2899 post

450 2922 575 2991 Dionysii
593 2919 750 2971 Lambini
769 2922 884 2973 onmium
903 2924 1135 2974 accuratissimam
1153 2922 1293 2972 editionem
1313 2919 1348 2968 ab
1369 2924 1409 2972 lo.
1430 2925 1496 2971 Cau·

449 3011 522 3073 abia,
551 3012 626 3059 Corn.
649 3010 676 3060 V
674 3009 756 3059 alerio
780 3020 806 3059 et
827 3011 957 3062 Gulietmo
979 3016 1107 3075 Cantero,
1140 3008 1327 3061 Ultraiectinis
1353 3008 1384 3056 de
1403 3007 1496 3058 studiis

449 3095 630 3147 humanitatis
649 3093 711 3145 bene
730 3099 840 3148 aseritis.
876 3101 980 3151 Annot.
997 3103 1030 3150 P.
1048 3099 1170 3149 Munatii
1189 3099 1217 3148 in
1236 3115 1320 3168 marg.
1339 3098 1428 3149 adscr.
1447 3096 1496 3147 Ac-

450 3202 513 3235 cess.
542 3185 576 3232 D.
606 3182 727 3233 Lambini
755 3195 847 3236 annot.
866 3214 900 3225 -
935 3188 1023 3239 Calon.
1054 3187 1170 3257 Agripp.
1201 3205 1245 3255 op.
1274 3190 1314 3237 Io.
1344 3187 1497 3256 Gymnicnnt

450 3274 529 3324 1516.
545 3273 569 3322 8.
606 3270 706 3322 Decem
727 3273 803 3324 annis
825 3285 883 3343 post
901 3274 1103 3326 Lambinianom
1119 3273 1217 3344 prodiit
1236 3272 1301 3326 baec
1319 3271 1416 3329 editio,
1435 3289 1496 3343 quae

449 3376 477 3409 er
497 3358 688 3427 posterioribus
706 3360 762 3411 fere
782 3360 851 3426 sola,
876 3372 904 3412 ut
924 3360 1040 3427 videtur,
1068 3361 1190 3414 Lambini
1211 3373 1321 3426 textum,
1352 3361 1397 3431 qui
1419 3372 1457 3412 est
1474 3359 1496 3410 in

447 3446 541 3498 Eta.
563 3449 654 3510 1566,
687 3448 741 3499 sere
761 3449 894 3519 integrum
916 3450 1033 3515 exbibet,
1065 3462 1090 3502 et
1115 3452 1152 3501 vix
1173 3470 1227 3501 nno
1253 3449 1369 3502 alterove
1388 3447 1450 3500 loco
1468 3446 1496 3499 ab

449 3552 480 3585 eo
500 3533 608 3586 recedit.

520 3624 562 3674 13.
600 3622 752 3672 Andomori
773 3624 866 3674 Talaei
886 3626 1083 3679 Praeiectiones
1104 3630 1131 3677 in
1146 3627 1292 3677 Ciceronem
1318 3624 1498 3692 [Academiam

448 3709 481 3761 de
496 3706 627 3774 Oratore,
647 3711 670 3761 Τ
672 3731 727 3779 op.,
747 3711 901 3778 Paradora,
921 3714 953 3765 de
973 3715 1065 3768 Partit.
1084 3717 1135 3782 on]
1157 3727 1206 3768 etc.
1226 3733 1287 3767 cum
1307 3712 1397 3765 lndice
1417 3711 1500 3764 Fran-

450 3798 501 3851 cos.
516 3797 621 3851 haered.
642 3801 671 3850 A.
691 3798 822 3851 Wecbeli.
840 3800 878 3851 M.
897 3801 931 3853 l).
950 3801 1088 3854 Lxxxttt.
1108 3809 1133 3855 8.
1171 3804 1263 3856 instrat
1275 3804 1353 3853 etiam
1365 3799 1501 3853 Ciceronis

449 3885 554 3954 verba]¹
591 3886 687 3951 Erant,
709 3890 754 3959 qui
774 3887 908 3953 dicerent,
935 3889 1119 3943 Audomarum
1138 3891 1267 3944 Talaeum
1293 3909 1348 3942 esse
1367 3888 1501 3951 nerduino-

448 3993 511 4037 μον,
540 3985 565 4027 et
583 3976 631 4026 sub
651 3976 706 4027 eius
726 3977 834 4028 nomine
855 3978 935 4052 latere
954 3978 1064 4032 Petrum
1083 3980 1215 4043 Ramum,
1242 3978 1353 4030 Adriani
1380 3977 1502 4031 Turnebi

447 4060 634 4114 adversarium.
671 4062 722 4115 Sed
733 4063 782 4116 atta
796 4065 872 4117 docet
883 4065 899 4116 J
906 4065 989 4117 oecb
998 4087 1011 4119 e
1020 4088 1076 4120 rus
1096 4089 1116 4118 v.
1129 4068 1256 4131 Talaeus,
1271 4086 1293 4117 v.
1307 4067 1416 4132 Talem,
1430 4065 1504 4118 cuius

448 4169 547 4203 nomen
567 4147 699 4202 Gallicum
720 4152 798 4205 t’uisse
817 4152 880 4206 dicit
902 4156 1004 4207 t'aton:
1036 4156 1111 4227 isque
1139 4167 1260 4209 mortuus
1287 4173 1342 4206 esse
1361 4153 1463 4206 dicitur
1482 4174 1504 4206 a.

448 4229 525 4293 1562.
564 4237 757 4292 commentarii
777 4241 832 4292 eius
850 4240 929 4293 bodie
949 4262 1057 4313 quoque
1076 4244 1187 4309 babent,
1219 4262 1273 4314 quo
1301 4262 1329 4293 sc
1362 4260 1505 4295 commen-

446 4324 523 4393 dent,
544 4327 571 4379 in
591 4327 683 4396 primis
702 4327 813 4381 aliorum
834 4330 995 4399 scriptorum
1015 4345 1132 4385 veterum
1151 4331 1293 4386 commoda
1314 4329 1469 4385 cottatione.

517 4417 558 4467 14.
598 4418 637 4465 M.
660 4419 689 4467 T.
710 4418 761 4470 tte.
782 4416 837 4485 Off.
857 4423 916 4471 Oct.
936 4423 978 4471 M.
997 4423 1072 4474 Loel.
1090 4420 1253 4481 Paradoxa,
1273 4421 1362 4468 Sarna.
1381 4421 1454 4487 Scip.
1473 4437 1505 4468 es·

446 4519 496 4553 rea.
524 4505 547 4554 Ι.
568 4506 598 4553 G.
627 4505 750 4563 Graevii:
778 4524 837 4557 cam
861 4508 895 4561 ei.
919 4510 990 4560 natis
1015 4520 1040 4560 et
1060 4510 1175 4579 integris
1195 4505 1348 4558 animadvv.
1368 4505 1507 4571 Lambini,
