<?xml version="1.0" encoding="UTF-8"?>
<!DOCTYPE html PUBLIC "-//W3C//DTD XHTML 1.0 Transitional//EN"
    "http://www.w3.org/TR/xhtml1/DTD/xhtml1-transitional.dtd">
<html xmlns="http://www.w3.org/1999/xhtml" xml:lang="en" lang="en">
 <head>
  <title>
</title>
<meta http-equiv="Content-Type" content="text/html;charset=utf-8" />
  <meta name='ocr-system' content='tesseract 3.04.00' />
  <meta name='ocr-capabilities' content='ocr_page ocr_carea ocr_par ocr_line ocrx_word'/>
</head>
<body>
  <div class='ocr_page' id='page_1' title='image "./mtulliiciceroni15cicegoog_0260.png"; bbox 0 0 3517 5450; ppageno 0'>
   <div class='ocr_carea' id='block_1_1' title="bbox 354 715 1070 786">
    <p class='ocr_par' dir='ltr' id='par_1_1' title="bbox 354 715 1070 786">
     <span class='ocr_line' id='line_1_1' title="bbox 354 715 1070 786; baseline -0.013 0"><span class='ocrx_word' id='word_1_1' title='bbox 354 715 428 786; x_wconf 81' lang='lat'>214</span> <span class='ocrx_word' id='word_1_2' title='bbox 677 733 848 781; x_wconf 80' lang='lat' dir='ltr'>rtatuoxt</span> <span class='ocrx_word' id='word_1_3' title='bbox 876 731 1070 779; x_wconf 79' lang='lat' dir='ltr'>srotcoauu.</span> 
     </span>
    </p>
   </div>
   <div class='ocr_carea' id='block_1_2' title="bbox 355 887 1390 966">
    <p class='ocr_par' dir='ltr' id='par_1_2' title="bbox 355 887 1390 966">
     <span class='ocr_line' id='line_1_2' title="bbox 355 887 1390 966; baseline -0.009 -17"><span class='ocrx_word' id='word_1_4' title='bbox 355 917 402 950; x_wconf 84' lang='lat' dir='ltr'>nec</span> <span class='ocrx_word' id='word_1_5' title='bbox 421 916 482 948; x_wconf 85' lang='lat' dir='ltr'>suos</span> <span class='ocrx_word' id='word_1_6' title='bbox 501 913 589 966; x_wconf 84' lang='lat' dir='ltr'>regere</span> <span class='ocrx_word' id='word_1_7' title='bbox 606 895 705 964; x_wconf 84' lang='lat' dir='ltr'>potuit.</span> <span class='ocrx_word' id='word_1_8' title='bbox 755 892 797 945; x_wconf 82' lang='lat' dir='ltr'>Ad</span> <span class='ocrx_word' id='word_1_9' title='bbox 816 892 954 962; x_wconf 72' lang='lat' dir='ltr'>sequentia</span> <span class='ocrx_word' id='word_1_10' title='bbox 972 888 1023 943; x_wconf 88' lang='lat' dir='ltr'>Or.</span> <span class='ocrx_word' id='word_1_11' title='bbox 1042 890 1074 942; x_wconf 92' lang='lat' dir='ltr'>de</span> <span class='ocrx_word' id='word_1_12' title='bbox 1094 890 1155 960; x_wconf 84' lang='lat' dir='ltr'>Leg.</span> <span class='ocrx_word' id='word_1_13' title='bbox 1176 891 1242 958; x_wconf 81' lang='lat' dir='ltr'>Agr.</span> <span class='ocrx_word' id='word_1_14' title='bbox 1262 887 1294 952; x_wconf 93' lang='lat' dir='ltr'>ll,</span> <span class='ocrx_word' id='word_1_15' title='bbox 1313 893 1353 941; x_wconf 80' lang='lat'>2⁰:</span> <span class='ocrx_word' id='word_1_16' title='bbox 1374 894 1390 939; x_wconf 89' lang='lat'><em>0</em></span> 
     </span>
    </p>
   </div>
   <div class='ocr_carea' id='block_1_3' title="bbox 356 993 1395 4588">
    <p class='ocr_par' dir='ltr' id='par_1_3' title="bbox 357 993 1390 1246">
     <span class='ocr_line' id='line_1_3' title="bbox 357 993 1390 1069; baseline -0.012 -15"><span class='ocrx_word' id='word_1_17' title='bbox 357 998 712 1069; x_wconf 67' lang='lat' dir='ltr'>libidinemrefrenandam</span> <span class='ocrx_word' id='word_1_18' title='bbox 736 1017 786 1067; x_wconf 91' lang='lat' dir='ltr'>pro</span> <span class='ocrx_word' id='word_1_19' title='bbox 805 996 862 1049; x_wconf 83' lang='lat' dir='ltr'>Mil.</span> <span class='ocrx_word' id='word_1_20' title='bbox 883 999 938 1048; x_wconf 79' lang='lat'><strong>28.:</strong></span> <span class='ocrx_word' id='word_1_21' title='bbox 967 1014 1104 1067; x_wconf 86' lang='lat' dir='ltr'>nunquam</span> <span class='ocrx_word' id='word_1_22' title='bbox 1131 993 1177 1044; x_wconf 88' lang='lat' dir='ltr'>ille</span> <span class='ocrx_word' id='word_1_23' title='bbox 1195 993 1390 1063; x_wconf 84' lang='lat' dir='ltr'>effrenatas</span> 
     </span>
     <span class='ocr_line' id='line_1_4' title="bbox 357 1079 1390 1142; baseline -0.008 -2"><span class='ocrx_word' id='word_1_24' title='bbox 357 1108 423 1142; x_wconf 87' lang='lat' dir='ltr'>suas</span> <span class='ocrx_word' id='word_1_25' title='bbox 440 1087 563 1139; x_wconf 70' lang='lat' dir='ltr'><em>libidines</em></span> <span class='ocrx_word' id='word_1_26' title='bbox 582 1079 750 1139; x_wconf 79' lang='lat' dir='ltr'>cohibuisset.</span> <span class='ocrx_word' id='word_1_27' title='bbox 788 1084 842 1138; x_wconf 85' lang='lat' dir='ltr'>Pro</span> <span class='ocrx_word' id='word_1_28' title='bbox 862 1083 985 1137; x_wconf 77' lang='lat' dir='ltr'><em>libidines</em></span> <span class='ocrx_word' id='word_1_29' title='bbox 1002 1083 1058 1137; x_wconf 87' lang='lat' dir='ltr'>sola</span> <span class='ocrx_word' id='word_1_30' title='bbox 1079 1082 1128 1134; x_wconf 87' lang='lat' dir='ltr'>Ed.</span> <span class='ocrx_word' id='word_1_31' title='bbox 1149 1081 1211 1134; x_wconf 77' lang='lat' dir='ltr'>Asc.</span> <span class='ocrx_word' id='word_1_32' title='bbox 1232 1083 1311 1133; x_wconf 88' lang='grc'><strong>1511.</strong></span> <span class='ocrx_word' id='word_1_33' title='bbox 1329 1080 1390 1133; x_wconf 83' lang='lat' dir='ltr'>habet</span> 
     </span>
     <span class='ocr_line' id='line_1_5' title="bbox 357 1173 844 1246; baseline -0.012 -18"><span class='ocrx_word' id='word_1_34' title='bbox 357 1177 502 1246; x_wconf 82' lang='lat' dir='ltr'>cupidines.</span> <span class='ocrx_word' id='word_1_35' title='bbox 539 1173 597 1225; x_wconf 66' lang='lat' dir='ltr'>Mt:</span> <span class='ocrx_word' id='word_1_36' title='bbox 840 1224 844 1230; x_wconf 67' lang='grc'><strong>,</strong></span> 
     </span>
    </p>

    <p class='ocr_par' dir='ltr' id='par_1_4' title="bbox 356 1256 1391 3173">
     <span class='ocr_line' id='line_1_6' title="bbox 426 1256 1388 1332; baseline -0.005 -20"><span class='ocrx_word' id='word_1_37' title='bbox 426 1262 556 1332; x_wconf 85' lang='lat' dir='ltr'>Refrenet</span> <span class='ocrx_word' id='word_1_38' title='bbox 572 1262 630 1330; x_wconf 88' lang='lat' dir='ltr'>pri</span> <span class='ocrx_word' id='word_1_39' title='bbox 638 1279 723 1312; x_wconf 89' lang='lat' dir='ltr'>mum</span> <span class='ocrx_word' id='word_1_40' title='bbox 742 1259 864 1312; x_wconf 86' lang='lat' dir='ltr'>libidines</span> <span class='ocrx_word' id='word_1_41' title='bbox 874 1262 893 1327; x_wconf 93' lang='lat'>,]</span> <span class='ocrx_word' id='word_1_42' title='bbox 931 1260 1104 1327; x_wconf 81' lang='lat' dir='ltr'>„Lectionem</span> <span class='ocrx_word' id='word_1_43' title='bbox 1129 1260 1207 1328; x_wconf 84' lang='lat' dir='ltr'>prius</span> <span class='ocrx_word' id='word_1_44' title='bbox 1226 1257 1338 1328; x_wconf 85' lang='lat' dir='ltr'>margini</span> <span class='ocrx_word' id='word_1_45' title='bbox 1355 1256 1388 1308; x_wconf 86' lang='lat' dir='ltr'>ad·</span> 
     </span>
     <span class='ocr_line' id='line_1_7' title="bbox 357 1347 1389 1420; baseline -0.006 -20"><span class='ocrx_word' id='word_1_46' title='bbox 357 1359 475 1401; x_wconf 90' lang='lat' dir='ltr'>notatam</span> <span class='ocrx_word' id='word_1_47' title='bbox 504 1348 605 1401; x_wconf 70' lang='lat' dir='ltr'>inveni:</span> <span class='ocrx_word' id='word_1_48' title='bbox 639 1366 701 1402; x_wconf 90' lang='lat' dir='ltr'>cum</span> <span class='ocrx_word' id='word_1_49' title='bbox 730 1348 757 1398; x_wconf 94' lang='lat' dir='ltr'>in</span> <span class='ocrx_word' id='word_1_50' title='bbox 785 1347 912 1401; x_wconf 88' lang='lat' dir='ltr'>omnibus</span> <span class='ocrx_word' id='word_1_51' title='bbox 937 1348 1042 1419; x_wconf 88' lang='lat' dir='ltr'>legatur</span> <span class='ocrx_word' id='word_1_52' title='bbox 1068 1347 1264 1420; x_wconf 80' lang='lat' dir='ltr'>exemplaribus</span> <span class='ocrx_word' id='word_1_53' title='bbox 1286 1347 1389 1414; x_wconf 85' lang='lat' dir='ltr'>primun.</span> 
     </span>
     <span class='ocr_line' id='line_1_8' title="bbox 356 1432 1388 1507; baseline -0.004 -20"><span class='ocrx_word' id='word_1_54' title='bbox 356 1435 422 1489; x_wconf 85' lang='lat' dir='ltr'>Mihi</span> <span class='ocrx_word' id='word_1_55' title='bbox 444 1435 530 1506; x_wconf 90' lang='lat' dir='ltr'>prima</span> <span class='ocrx_word' id='word_1_56' title='bbox 550 1435 639 1488; x_wconf 80' lang='lat' dir='ltr'>fronte</span> <span class='ocrx_word' id='word_1_57' title='bbox 653 1433 782 1505; x_wconf 86' lang='lat' dir='ltr'>scriptura</span> <span class='ocrx_word' id='word_1_58' title='bbox 803 1436 936 1503; x_wconf 76' lang='lat' dir='ltr'>posterior</span> <span class='ocrx_word' id='word_1_59' title='bbox 953 1435 1013 1488; x_wconf 90' lang='lat' dir='ltr'>ideo</span> <span class='ocrx_word' id='word_1_60' title='bbox 1033 1436 1084 1488; x_wconf 83' lang='lat' dir='ltr'>risa</span> <span class='ocrx_word' id='word_1_61' title='bbox 1104 1447 1141 1489; x_wconf 90' lang='lat' dir='ltr'>est</span> <span class='ocrx_word' id='word_1_62' title='bbox 1160 1435 1315 1507; x_wconf 84' lang='lat' dir='ltr'>probabilis,</span> <span class='ocrx_word' id='word_1_63' title='bbox 1333 1432 1388 1505; x_wconf 81' lang='lat' dir='ltr'>quoi</span> 
     </span>
     <span class='ocr_line' id='line_1_9' title="bbox 356 1519 1389 1595; baseline -0.004 -17"><span class='ocrx_word' id='word_1_64' title='bbox 356 1534 512 1595; x_wconf 72' lang='lat' dir='ltr'>sequeretur</span> <span class='ocrx_word' id='word_1_65' title='bbox 530 1535 602 1573; x_wconf 90' lang='lat' dir='ltr'>tum</span> <span class='ocrx_word' id='word_1_66' title='bbox 620 1523 733 1591; x_wconf 80' lang='lat' dir='ltr'><strong><em>incipiat</em></strong></span> <span class='ocrx_word' id='word_1_67' title='bbox 751 1522 814 1574; x_wconf 87' lang='lat' dir='ltr'>aliis</span> <span class='ocrx_word' id='word_1_68' title='bbox 832 1524 970 1593; x_wconf 82' lang='lat' dir='ltr'>imperate.</span> <span class='ocrx_word' id='word_1_69' title='bbox 1013 1525 1049 1578; x_wconf 77' lang='lat' dir='ltr'>As</span> <span class='ocrx_word' id='word_1_70' title='bbox 1066 1526 1194 1577; x_wconf 88' lang='lat' dir='ltr'>sententia</span> <span class='ocrx_word' id='word_1_71' title='bbox 1222 1519 1389 1595; x_wconf 74' lang='lat' dir='ltr'>pensiculatius</span> 
     </span>
     <span class='ocr_line' id='line_1_10' title="bbox 357 1608 1389 1683; baseline -0.005 -18"><span class='ocrx_word' id='word_1_72' title='bbox 357 1612 519 1676; x_wconf 72' lang='lat' dir='ltr'>examinata,</span> <span class='ocrx_word' id='word_1_73' title='bbox 546 1608 628 1680; x_wconf 85' lang='lat' dir='ltr'>priori</span> <span class='ocrx_word' id='word_1_74' title='bbox 653 1608 872 1679; x_wconf 79' lang='lat' dir='ltr'>subscripsimus:</span> <span class='ocrx_word' id='word_1_75' title='bbox 901 1610 1044 1677; x_wconf 84' lang='lat' dir='ltr'>Refrenet,</span> <span class='ocrx_word' id='word_1_76' title='bbox 1062 1613 1164 1683; x_wconf 90' lang='lat' dir='ltr'>inquit,</span> <span class='ocrx_word' id='word_1_77' title='bbox 1182 1612 1262 1680; x_wconf 86' lang='lat' dir='ltr'>prius</span> <span class='ocrx_word' id='word_1_78' title='bbox 1278 1609 1389 1669; x_wconf 68' lang='lat' dir='ltr'>libidines</span> 
     </span>
     <span class='ocr_line' id='line_1_11' title="bbox 358 1696 1389 1770; baseline -0.004 -20"><span class='ocrx_word' id='word_1_79' title='bbox 358 1719 438 1770; x_wconf 84' lang='lat' dir='ltr'>quam</span> <span class='ocrx_word' id='word_1_80' title='bbox 457 1697 542 1751; x_wconf 91' lang='lat' dir='ltr'>libero</span> <span class='ocrx_word' id='word_1_81' title='bbox 562 1699 688 1768; x_wconf 85' lang='lat' dir='ltr'>cuiquam</span> <span class='ocrx_word' id='word_1_82' title='bbox 707 1699 829 1769; x_wconf 89' lang='lat' dir='ltr'>imperet.</span> <span class='ocrx_word' id='word_1_83' title='bbox 866 1698 973 1753; x_wconf 86' lang='lat' dir='ltr'>Deinde</span> <span class='ocrx_word' id='word_1_84' title='bbox 991 1701 1111 1754; x_wconf 86' lang='lat' dir='ltr'>subiicit:</span> <span class='ocrx_word' id='word_1_85' title='bbox 1140 1698 1257 1769; x_wconf 72' lang='lat' dir='ltr'>Incipiat</span> <span class='ocrx_word' id='word_1_86' title='bbox 1282 1697 1338 1750; x_wconf 88' lang='lat' dir='ltr'>aliis</span> <span class='ocrx_word' id='word_1_87' title='bbox 1352 1696 1389 1747; x_wconf 90' lang='lat' dir='ltr'>in·</span> 
     </span>
     <span class='ocr_line' id='line_1_12' title="bbox 360 1784 1389 1859; baseline -0.006 -20"><span class='ocrx_word' id='word_1_88' title='bbox 360 1805 452 1856; x_wconf 90' lang='lat' dir='ltr'>perare</span> <span class='ocrx_word' id='word_1_89' title='bbox 472 1796 545 1851; x_wconf 87' lang='lat' dir='ltr'>tum,</span> <span class='ocrx_word' id='word_1_90' title='bbox 570 1805 651 1856; x_wconf 87' lang='lat' dir='ltr'>quum</span> <span class='ocrx_word' id='word_1_91' title='bbox 675 1784 731 1856; x_wconf 91' lang='lat' dir='ltr'>ipse</span> <span class='ocrx_word' id='word_1_92' title='bbox 756 1784 883 1838; x_wconf 86' lang='lat' dir='ltr'>dedecori</span> <span class='ocrx_word' id='word_1_93' title='bbox 911 1806 945 1841; x_wconf 87' lang='lat' dir='ltr'>ac</span> <span class='ocrx_word' id='word_1_94' title='bbox 970 1788 1144 1859; x_wconf 85' lang='lat' dir='ltr'>turpitudini,</span> <span class='ocrx_word' id='word_1_95' title='bbox 1173 1786 1291 1839; x_wconf 81' lang='lat' dir='ltr'>dominis</span> <span class='ocrx_word' id='word_1_96' title='bbox 1316 1785 1389 1853; x_wconf 87' lang='lat' dir='ltr'>utique</span> 
     </span>
     <span class='ocr_line' id='line_1_13' title="bbox 358 1872 1389 1945; baseline -0.006 -17"><span class='ocrx_word' id='word_1_97' title='bbox 358 1873 574 1945; x_wconf 84' lang='lat' dir='ltr'>improbissimis,</span> <span class='ocrx_word' id='word_1_98' title='bbox 608 1892 702 1944; x_wconf 90' lang='lat' dir='ltr'>parere</span> <span class='ocrx_word' id='word_1_99' title='bbox 727 1872 861 1927; x_wconf 81' lang='lat' dir='ltr'>desierit.“</span> <span class='ocrx_word' id='word_1_100' title='bbox 889 1875 1047 1930; x_wconf 88' lang='lat' dir='ltr'>Morisot.</span> <span class='ocrx_word' id='word_1_101' title='bbox 1090 1876 1209 1942; x_wconf 82' lang='lat' dir='ltr'>„Prius,</span> <span class='ocrx_word' id='word_1_102' title='bbox 1238 1885 1304 1939; x_wconf 89' lang='lat' dir='ltr'>tres,</span> <span class='ocrx_word' id='word_1_103' title='bbox 1328 1882 1389 1924; x_wconf 85' lang='lat' dir='ltr'>recte.</span> 
     </span>
     <span class='ocr_line' id='line_1_14' title="bbox 358 1960 1389 2028; baseline -0.005 -13"><span class='ocrx_word' id='word_1_104' title='bbox 358 1967 490 2028; x_wconf 85' lang='lat' dir='ltr'>Primum,</span> <span class='ocrx_word' id='word_1_105' title='bbox 518 1962 656 2016; x_wconf 88' lang='lat' dir='ltr'>tredecim.</span> <span class='ocrx_word' id='word_1_106' title='bbox 692 1963 799 2026; x_wconf 86' lang='lat' dir='ltr'>Prima,</span> <span class='ocrx_word' id='word_1_107' title='bbox 829 1981 907 2015; x_wconf 89' lang='lat' dir='ltr'>unus.</span> <span class='ocrx_word' id='word_1_108' title='bbox 953 1964 1035 2017; x_wconf 70' lang='lat' dir='ltr'>Abest</span> <span class='ocrx_word' id='word_1_109' title='bbox 1061 1964 1094 2016; x_wconf 86' lang='lat' dir='ltr'>ab</span> <span class='ocrx_word' id='word_1_110' title='bbox 1113 1966 1198 2016; x_wconf 86' lang='lat' dir='ltr'>uno.“</span> <span class='ocrx_word' id='word_1_111' title='bbox 1228 1961 1302 2014; x_wconf 79' lang='lat' dir='ltr'>Atd.</span> <span class='ocrx_word' id='word_1_112' title='bbox 1321 1960 1389 2012; x_wconf 82' lang='lat' dir='ltr'>Man.</span> 
     </span>
     <span class='ocr_line' id='line_1_15' title="bbox 358 2048 1389 2120; baseline -0.002 -18"><span class='ocrx_word' id='word_1_113' title='bbox 358 2050 379 2102; x_wconf 87' lang='lat' dir='ltr'>E</span> <span class='ocrx_word' id='word_1_114' title='bbox 407 2051 492 2104; x_wconf 86' lang='lat' dir='ltr'>codd.</span> <span class='ocrx_word' id='word_1_115' title='bbox 522 2051 618 2104; x_wconf 89' lang='lat' dir='ltr'>nostris</span> <span class='ocrx_word' id='word_1_116' title='bbox 648 2049 737 2102; x_wconf 90' lang='lat' dir='ltr'>nullus</span> <span class='ocrx_word' id='word_1_117' title='bbox 761 2050 881 2120; x_wconf 83' lang='lat' dir='ltr'>(praeter</span> <span class='ocrx_word' id='word_1_118' title='bbox 911 2051 1004 2120; x_wconf 86' lang='lat' dir='ltr'>Suer.)</span> <span class='ocrx_word' id='word_1_119' title='bbox 1034 2051 1112 2104; x_wconf 86' lang='lat' dir='ltr'>aliam</span> <span class='ocrx_word' id='word_1_120' title='bbox 1139 2051 1285 2105; x_wconf 87' lang='lat' dir='ltr'>lectionem</span> <span class='ocrx_word' id='word_1_121' title='bbox 1323 2048 1389 2110; x_wconf 78' lang='lat' dir='ltr'>babet,</span> 
     </span>
     <span class='ocr_line' id='line_1_16' title="bbox 360 2137 1387 2211; baseline -0.003 -20"><span class='ocrx_word' id='word_1_122' title='bbox 360 2139 582 2209; x_wconf 86' lang='lat' dir='ltr'>quamprimum.</span> <span class='ocrx_word' id='word_1_123' title='bbox 628 2138 770 2190; x_wconf 78' lang='lat' dir='ltr'>Desierunt</span> <span class='ocrx_word' id='word_1_124' title='bbox 788 2149 877 2190; x_wconf 87' lang='lat' dir='ltr'>tamen</span> <span class='ocrx_word' id='word_1_125' title='bbox 900 2142 979 2208; x_wconf 79' lang='lat' dir='ltr'>prius</span> <span class='ocrx_word' id='word_1_126' title='bbox 1003 2143 1075 2195; x_wconf 80' lang='lat' dir='ltr'>Crat</span> <span class='ocrx_word' id='word_1_127' title='bbox 1099 2141 1191 2211; x_wconf 82' lang='lat' dir='ltr'>Magn.</span> <span class='ocrx_word' id='word_1_128' title='bbox 1211 2138 1286 2190; x_wconf 84' lang='lat' dir='ltr'>Man.</span> <span class='ocrx_word' id='word_1_129' title='bbox 1314 2137 1387 2188; x_wconf 74' lang='lat' dir='ltr'>tamt.</span> 
     </span>
     <span class='ocr_line' id='line_1_17' title="bbox 358 2224 1389 2298; baseline -0.004 -21"><span class='ocrx_word' id='word_1_130' title='bbox 358 2225 453 2279; x_wconf 84' lang='lat' dir='ltr'>Colon.</span> <span class='ocrx_word' id='word_1_131' title='bbox 480 2225 555 2297; x_wconf 83' lang='lat' dir='ltr'>syth.</span> <span class='ocrx_word' id='word_1_132' title='bbox 581 2225 612 2277; x_wconf 87' lang='lat' dir='ltr'>H.</span> <span class='ocrx_word' id='word_1_133' title='bbox 632 2225 719 2279; x_wconf 81' lang='lat' dir='ltr'>Wolf.</span> <span class='ocrx_word' id='word_1_134' title='bbox 745 2224 807 2278; x_wconf 74' lang='lat' dir='ltr'>Ald.</span> <span class='ocrx_word' id='word_1_135' title='bbox 832 2230 910 2281; x_wconf 75' lang='grc'><strong>1511.</strong></span> <span class='ocrx_word' id='word_1_136' title='bbox 933 2233 1012 2284; x_wconf 79' lang='grc'><strong>1552.</strong></span> <span class='ocrx_word' id='word_1_137' title='bbox 1041 2231 1103 2282; x_wconf 84' lang='lat' dir='ltr'>Car.</span> <span class='ocrx_word' id='word_1_138' title='bbox 1127 2225 1219 2298; x_wconf 83' lang='lat' dir='ltr'>Steplt.</span> <span class='ocrx_word' id='word_1_139' title='bbox 1245 2226 1306 2279; x_wconf 82' lang='lat' dir='ltr'>Asc.</span> <span class='ocrx_word' id='word_1_140' title='bbox 1331 2228 1389 2276; x_wconf 75' lang='lat' dir='ltr'>tttt.</span> 
     </span>
     <span class='ocr_line' id='line_1_18' title="bbox 358 2309 1389 2384; baseline -0.003 -18"><span class='ocrx_word' id='word_1_141' title='bbox 358 2315 451 2384; x_wconf 89' lang='lat' dir='ltr'>Neque</span> <span class='ocrx_word' id='word_1_142' title='bbox 478 2313 655 2367; x_wconf 86' lang='lat' dir='ltr'>necessarium</span> <span class='ocrx_word' id='word_1_143' title='bbox 684 2313 762 2366; x_wconf 89' lang='lat' dir='ltr'>nobis</span> <span class='ocrx_word' id='word_1_144' title='bbox 788 2316 869 2368; x_wconf 81' lang='lat' dir='ltr'>risum</span> <span class='ocrx_word' id='word_1_145' title='bbox 898 2327 935 2369; x_wconf 89' lang='lat' dir='ltr'>est</span> <span class='ocrx_word' id='word_1_146' title='bbox 966 2317 1114 2370; x_wconf 86' lang='lat' dir='ltr'>rationibus</span> <span class='ocrx_word' id='word_1_147' title='bbox 1137 2314 1262 2367; x_wconf 88' lang='lat' dir='ltr'>Morisoti</span> <span class='ocrx_word' id='word_1_148' title='bbox 1290 2309 1389 2381; x_wconf 85' lang='lat' dir='ltr'>obsequi,</span> 
     </span>
     <span class='ocr_line' id='line_1_19' title="bbox 361 2400 1388 2476; baseline -0.007 -20"><span class='ocrx_word' id='word_1_149' title='bbox 361 2421 422 2456; x_wconf 90' lang='lat' dir='ltr'>cum</span> <span class='ocrx_word' id='word_1_150' title='bbox 437 2401 516 2471; x_wconf 86' lang='lat' dir='ltr'>prius</span> <span class='ocrx_word' id='word_1_151' title='bbox 536 2400 655 2454; x_wconf 83' lang='lat' dir='ltr'>rideatur</span> <span class='ocrx_word' id='word_1_152' title='bbox 673 2403 841 2455; x_wconf 88' lang='lat' dir='ltr'>correctoris.</span> <span class='ocrx_word' id='word_1_153' title='bbox 876 2404 1013 2469; x_wconf 85' lang='lat' dir='ltr'>Primum,</span> <span class='ocrx_word' id='word_1_154' title='bbox 1031 2415 1157 2476; x_wconf 88' lang='lat' dir='ltr'>sequente</span> <span class='ocrx_word' id='word_1_155' title='bbox 1176 2401 1250 2455; x_wconf 88' lang='lat' dir='ltr'>nulla</span> <span class='ocrx_word' id='word_1_156' title='bbox 1270 2400 1319 2454; x_wconf 83' lang='lat' dir='ltr'>alia</span> <span class='ocrx_word' id='word_1_157' title='bbox 1336 2417 1388 2451; x_wconf 88' lang='lat' dir='ltr'>eau-</span> 
     </span>
     <span class='ocr_line' id='line_1_20' title="bbox 360 2488 1389 2560; baseline -0.003 -18"><span class='ocrx_word' id='word_1_158' title='bbox 360 2489 481 2542; x_wconf 87' lang='lat' dir='ltr'>merandi</span> <span class='ocrx_word' id='word_1_159' title='bbox 499 2488 646 2560; x_wconf 90' lang='lat' dir='ltr'>particula,</span> <span class='ocrx_word' id='word_1_160' title='bbox 669 2489 725 2542; x_wconf 93' lang='lat' dir='ltr'>imo</span> <span class='ocrx_word' id='word_1_161' title='bbox 743 2490 816 2543; x_wconf 89' lang='lat' dir='ltr'>nulla</span> <span class='ocrx_word' id='word_1_162' title='bbox 845 2510 936 2543; x_wconf 90' lang='lat' dir='ltr'>rerum</span> <span class='ocrx_word' id='word_1_163' title='bbox 962 2491 1075 2544; x_wconf 82' lang='lat' dir='ltr'>aliarum</span> <span class='ocrx_word' id='word_1_164' title='bbox 1105 2491 1322 2556; x_wconf 80' lang='lat' dir='ltr'>enumeratione,</span> <span class='ocrx_word' id='word_1_165' title='bbox 1347 2504 1389 2539; x_wconf 86' lang='lat' dir='ltr'>non</span> 
     </span>
     <span class='ocr_line' id='line_1_21' title="bbox 361 2574 1389 2643; baseline 0.003 -13"><span class='ocrx_word' id='word_1_166' title='bbox 361 2588 398 2630; x_wconf 90' lang='lat' dir='ltr'>est</span> <span class='ocrx_word' id='word_1_167' title='bbox 415 2579 570 2631; x_wconf 87' lang='lat' dir='ltr'>inusitatum</span> <span class='ocrx_word' id='word_1_168' title='bbox 596 2576 737 2643; x_wconf 74' lang='lat' dir='ltr'>Cicerooi3</span> <span class='ocrx_word' id='word_1_169' title='bbox 771 2578 827 2631; x_wconf 87' lang='lat' dir='ltr'>ride</span> <span class='ocrx_word' id='word_1_170' title='bbox 847 2574 929 2632; x_wconf 86' lang='lat' dir='ltr'>modo</span> <span class='ocrx_word' id='word_1_171' title='bbox 948 2579 1034 2634; x_wconf 86' lang='lat' dir='ltr'>Beier.</span> <span class='ocrx_word' id='word_1_172' title='bbox 1051 2581 1084 2633; x_wconf 87' lang='lat' dir='ltr'>ad</span> <span class='ocrx_word' id='word_1_173' title='bbox 1110 2579 1167 2633; x_wconf 86' lang='lat' dir='ltr'>Cic.</span> <span class='ocrx_word' id='word_1_174' title='bbox 1196 2579 1230 2632; x_wconf 88' lang='lat' dir='ltr'>de</span> <span class='ocrx_word' id='word_1_175' title='bbox 1249 2576 1307 2631; x_wconf 85' lang='grc'><strong>011.</strong></span> <span class='ocrx_word' id='word_1_176' title='bbox 1324 2575 1342 2640; x_wconf 91' lang='lat' dir='ltr'>l,</span> <span class='ocrx_word' id='word_1_177' title='bbox 1357 2577 1389 2633; x_wconf 77' lang='lat'>14·</span> 
     </span>
     <span class='ocr_line' id='line_1_22' title="bbox 358 2660 1389 2739; baseline -0.008 -20"><span class='ocrx_word' id='word_1_178' title='bbox 358 2671 403 2727; x_wconf 79' lang='lat'>44.</span> <span class='ocrx_word' id='word_1_179' title='bbox 424 2687 451 2739; x_wconf 90' lang='lat' dir='ltr'>p.</span> <span class='ocrx_word' id='word_1_180' title='bbox 471 2670 523 2719; x_wconf 80' lang='grc'>108</span> <span class='ocrx_word' id='word_1_181' title='bbox 542 2686 582 2738; x_wconf 92' lang='lat' dir='ltr'>sq.</span> <span class='ocrx_word' id='word_1_182' title='bbox 603 2666 667 2738; x_wconf 85' lang='lat' dir='ltr'>ibiq.</span> <span class='ocrx_word' id='word_1_183' title='bbox 696 2666 785 2721; x_wconf 87' lang='lat' dir='ltr'>laudd.</span> <span class='ocrx_word' id='word_1_184' title='bbox 808 2666 878 2720; x_wconf 78' lang='lat' dir='ltr'>Add.</span> <span class='ocrx_word' id='word_1_185' title='bbox 905 2669 961 2722; x_wconf 79' lang='lat' dir='ltr'>cte.</span> <span class='ocrx_word' id='word_1_186' title='bbox 986 2669 1019 2722; x_wconf 94' lang='lat' dir='ltr'>de</span> <span class='ocrx_word' id='word_1_187' title='bbox 1038 2669 1070 2720; x_wconf 91' lang='lat' dir='ltr'>N.</span> <span class='ocrx_word' id='word_1_188' title='bbox 1087 2667 1122 2721; x_wconf 89' lang='lat' dir='ltr'>D.</span> <span class='ocrx_word' id='word_1_189' title='bbox 1141 2666 1175 2734; x_wconf 87' lang='lat' dir='ltr'>ll,</span> <span class='ocrx_word' id='word_1_190' title='bbox 1195 2670 1239 2733; x_wconf 87' lang='lat' dir='ltr'>tu,</span> <span class='ocrx_word' id='word_1_191' title='bbox 1261 2669 1304 2720; x_wconf 78' lang='grc'>26.</span> <span class='ocrx_word' id='word_1_192' title='bbox 1337 2660 1389 2714; x_wconf 81' lang='lat' dir='ltr'>lttut</span> 
     </span>
     <span class='ocr_line' id='line_1_23' title="bbox 359 2735 1390 2829; baseline -0.004 -22"><span class='ocrx_word' id='word_1_193' title='bbox 359 2756 431 2807; x_wconf 89' lang='lat' dir='ltr'>enim</span> <span class='ocrx_word' id='word_1_194' title='bbox 451 2754 582 2807; x_wconf 84' lang='lat' dir='ltr'>Morisoto</span> <span class='ocrx_word' id='word_1_195' title='bbox 600 2753 678 2808; x_wconf 79' lang='lat' dir='ltr'>tacite</span> <span class='ocrx_word' id='word_1_196' title='bbox 697 2755 831 2822; x_wconf 90' lang='lat' dir='ltr'>concedo,</span> <span class='ocrx_word' id='word_1_197' title='bbox 850 2756 877 2809; x_wconf 90' lang='lat' dir='ltr'>in</span> <span class='ocrx_word' id='word_1_198' title='bbox 897 2770 1025 2829; x_wconf 87' lang='lat' dir='ltr'>sequente</span> <span class='ocrx_word' id='word_1_199' title='bbox 1043 2768 1101 2809; x_wconf 83' lang='lat' dir='ltr'>tuat</span> <span class='ocrx_word' id='word_1_200' title='bbox 1118 2776 1174 2810; x_wconf 88' lang='lat' dir='ltr'>non</span> <span class='ocrx_word' id='word_1_201' title='bbox 1193 2766 1250 2809; x_wconf 84' lang='lat' dir='ltr'>esse</span> <span class='ocrx_word' id='word_1_202' title='bbox 1269 2735 1390 2808; x_wconf 73' lang='lat' dir='ltr'>coninua-</span> 
     </span>
     <span class='ocr_line' id='line_1_24' title="bbox 359 2840 1390 2918; baseline -0.006 -22"><span class='ocrx_word' id='word_1_203' title='bbox 359 2844 460 2896; x_wconf 86' lang='lat' dir='ltr'>tionem</span> <span class='ocrx_word' id='word_1_204' title='bbox 480 2842 672 2908; x_wconf 89' lang='lat' dir='ltr'>enumerandi,</span> <span class='ocrx_word' id='word_1_205' title='bbox 704 2842 749 2896; x_wconf 90' lang='lat' dir='ltr'>sed</span> <span class='ocrx_word' id='word_1_206' title='bbox 768 2854 827 2895; x_wconf 86' lang='lat' dir='ltr'>tum</span> <span class='ocrx_word' id='word_1_207' title='bbox 852 2848 917 2916; x_wconf 89' lang='lat' dir='ltr'>poni</span> <span class='ocrx_word' id='word_1_208' title='bbox 936 2865 987 2918; x_wconf 89' lang='lat' dir='ltr'>pro</span> <span class='ocrx_word' id='word_1_209' title='bbox 1006 2857 1065 2898; x_wconf 90' lang='lat' dir='ltr'>tum</span> <span class='ocrx_word' id='word_1_210' title='bbox 1083 2845 1195 2916; x_wconf 77' lang='lat' dir='ltr'>denique</span> <span class='ocrx_word' id='word_1_211' title='bbox 1213 2862 1276 2896; x_wconf 93' lang='lat' dir='ltr'>cum</span> <span class='ocrx_word' id='word_1_212' title='bbox 1296 2840 1390 2913; x_wconf 84' lang='lat' dir='ltr'>quadam</span> 
     </span>
     <span class='ocr_line' id='line_1_25' title="bbox 359 2929 1391 3004; baseline -0.003 -22"><span class='ocrx_word' id='word_1_213' title='bbox 359 2930 434 3001; x_wconf 85' lang='lat' dir='ltr'>quasi</span> <span class='ocrx_word' id='word_1_214' title='bbox 452 2930 629 3004; x_wconf 84' lang='lat' dir='ltr'>oppositione.</span> <span class='ocrx_word' id='word_1_215' title='bbox 666 2930 886 2985; x_wconf 62' lang='lat' dir='ltr'>adunantiam</span> <span class='ocrx_word' id='word_1_216' title='bbox 912 2932 993 2987; x_wconf 87' lang='lat' dir='ltr'>laudo</span> <span class='ocrx_word' id='word_1_217' title='bbox 1012 2932 1069 2987; x_wconf 90' lang='lat' dir='ltr'>Cic.</span> <span class='ocrx_word' id='word_1_218' title='bbox 1095 2952 1146 3003; x_wconf 91' lang='lat' dir='ltr'>pro</span> <span class='ocrx_word' id='word_1_219' title='bbox 1164 2930 1229 3003; x_wconf 87' lang='lat' dir='ltr'>Leg.</span> <span class='ocrx_word' id='word_1_220' title='bbox 1253 2929 1342 2983; x_wconf 84' lang='lat' dir='ltr'>Manit.</span> <span class='ocrx_word' id='word_1_221' title='bbox 1358 2929 1391 2987; x_wconf 80' lang='lat' dir='ltr'>tt,</span> 
     </span>
     <span class='ocr_line' id='line_1_26' title="bbox 359 3017 1391 3090; baseline -0.001 -19"><span class='ocrx_word' id='word_1_222' title='bbox 359 3020 410 3080; x_wconf 73' lang='lat' dir='ltr'>ts:</span> <span class='ocrx_word' id='word_1_223' title='bbox 440 3018 609 3087; x_wconf 79' lang='lat' dir='ltr'>nequeenim</span> <span class='ocrx_word' id='word_1_224' title='bbox 633 3028 725 3089; x_wconf 82' lang='lat' dir='ltr'>petest</span> <span class='ocrx_word' id='word_1_225' title='bbox 752 3020 900 3071; x_wconf 80' lang='lat' dir='ltr'>exercitum</span> <span class='ocrx_word' id='word_1_226' title='bbox 924 3021 949 3073; x_wconf 83' lang='lat' dir='ltr'>ie</span> <span class='ocrx_word' id='word_1_227' title='bbox 976 3023 1109 3074; x_wconf 77' lang='lat' dir='ltr'>cantiam</span> <span class='ocrx_word' id='word_1_228' title='bbox 1133 3022 1295 3090; x_wconf 84' lang='lat' dir='ltr'>imperator,</span> <span class='ocrx_word' id='word_1_229' title='bbox 1319 3017 1359 3090; x_wconf 83' lang='lat' dir='ltr'>qui</span> <span class='ocrx_word' id='word_1_230' title='bbox 1372 3033 1391 3066; x_wconf 74' lang='lat' dir='ltr'>st</span> 
     </span>
     <span class='ocr_line' id='line_1_27' title="bbox 361 3106 728 3173; baseline 0.016 -20"><span class='ocrx_word' id='word_1_231' title='bbox 361 3109 417 3173; x_wconf 86' lang='lat' dir='ltr'>ipse</span> <span class='ocrx_word' id='word_1_232' title='bbox 436 3124 488 3157; x_wconf 85' lang='lat' dir='ltr'>non</span> <span class='ocrx_word' id='word_1_233' title='bbox 506 3106 632 3160; x_wconf 85' lang='lat' dir='ltr'>continet.</span> <span class='ocrx_word' id='word_1_234' title='bbox 668 3106 728 3159; x_wconf 85' lang='lat' dir='ltr'>Mr.</span> 
     </span>
    </p>

    <p class='ocr_par' dir='ltr' id='par_1_5' title="bbox 359 3193 1395 4501">
     <span class='ocr_line' id='line_1_28' title="bbox 431 3193 1392 3268; baseline -0.001 -24"><span class='ocrx_word' id='word_1_235' title='bbox 431 3203 541 3261; x_wconf 83' lang='lat' dir='ltr'>spernat</span> <span class='ocrx_word' id='word_1_236' title='bbox 560 3193 739 3262; x_wconf 54' lang='lat' dir='ltr'>voluptatem]</span> <span class='ocrx_word' id='word_1_237' title='bbox 758 3196 869 3268; x_wconf 80' lang='lat' dir='ltr'>Legitur</span> <span class='ocrx_word' id='word_1_238' title='bbox 886 3209 992 3267; x_wconf 82' lang='lat' dir='ltr'>spernet</span> <span class='ocrx_word' id='word_1_239' title='bbox 1011 3200 1039 3252; x_wconf 88' lang='lat' dir='ltr'>in</span> <span class='ocrx_word' id='word_1_240' title='bbox 1063 3196 1149 3251; x_wconf 83' lang='lat' dir='ltr'>codd.</span> <span class='ocrx_word' id='word_1_241' title='bbox 1169 3196 1243 3250; x_wconf 81' lang='lat' dir='ltr'>Gud.</span> <span class='ocrx_word' id='word_1_242' title='bbox 1262 3198 1293 3250; x_wconf 83' lang='lat' dir='ltr'>A.</span> <span class='ocrx_word' id='word_1_243' title='bbox 1314 3194 1392 3246; x_wconf 70' lang='lat' dir='ltr'>Crat.</span> 
     </span>
     <span class='ocr_line' id='line_1_29' title="bbox 361 3278 1391 3341; baseline -0.003 -8"><span class='ocrx_word' id='word_1_244' title='bbox 361 3280 440 3340; x_wconf 83' lang='lat' dir='ltr'>Drsd.</span> <span class='ocrx_word' id='word_1_245' title='bbox 459 3285 485 3334; x_wconf 94' lang='grc'>5.</span> <span class='ocrx_word' id='word_1_246' title='bbox 522 3278 551 3333; x_wconf 91' lang='lat' dir='ltr'>In</span> <span class='ocrx_word' id='word_1_247' title='bbox 571 3279 651 3335; x_wconf 86' lang='lat' dir='ltr'>Drsd.</span> <span class='ocrx_word' id='word_1_248' title='bbox 670 3286 695 3335; x_wconf 89' lang='lat'>1.</span> <span class='ocrx_word' id='word_1_249' title='bbox 719 3294 758 3336; x_wconf 85' lang='lat' dir='ltr'>est</span> <span class='ocrx_word' id='word_1_250' title='bbox 775 3284 949 3341; x_wconf 74' lang='lat' dir='ltr'>iracundias</span> <span class='ocrx_word' id='word_1_251' title='bbox 967 3297 1108 3339; x_wconf 82' lang='lat' dir='ltr'>renuat.</span> <span class='ocrx_word' id='word_1_252' title='bbox 1147 3285 1228 3340; x_wconf 87' lang='lat' dir='ltr'>Drsd.</span> <span class='ocrx_word' id='word_1_253' title='bbox 1248 3288 1273 3340; x_wconf 79' lang='grc'>3.</span> <span class='ocrx_word' id='word_1_254' title='bbox 1299 3285 1391 3335; x_wconf 85' lang='lat' dir='ltr'>iracun-</span> 
     </span>
     <span class='ocr_line' id='line_1_30' title="bbox 360 3370 1393 3430; baseline 0 -11"><span class='ocrx_word' id='word_1_255' title='bbox 360 3371 433 3420; x_wconf 85' lang='lat' dir='ltr'>diam</span> <span class='ocrx_word' id='word_1_256' title='bbox 450 3380 590 3422; x_wconf 84' lang='lat' dir='ltr'>renuat.</span> <span class='ocrx_word' id='word_1_257' title='bbox 626 3370 705 3424; x_wconf 89' lang='lat' dir='ltr'>Drsd.</span> <span class='ocrx_word' id='word_1_258' title='bbox 721 3375 746 3430; x_wconf 87' lang='grc'>5.</span> <span class='ocrx_word' id='word_1_259' title='bbox 774 3372 944 3425; x_wconf 80' lang='lat' dir='ltr'>iracundiam</span> <span class='ocrx_word' id='word_1_260' title='bbox 962 3380 1097 3430; x_wconf 68' lang='lat' dir='ltr'>coereeat,</span> <span class='ocrx_word' id='word_1_261' title='bbox 1122 3374 1272 3424; x_wconf 81' lang='lat' dir='ltr'>avaritiam</span> <span class='ocrx_word' id='word_1_262' title='bbox 1297 3381 1393 3423; x_wconf 83' lang='lat' dir='ltr'>ceteras-</span> 
     </span>
     <span class='ocr_line' id='line_1_31' title="bbox 359 3453 1393 3529; baseline -0.005 -20"><span class='ocrx_word' id='word_1_263' title='bbox 359 3478 424 3529; x_wconf 85' lang='lat' dir='ltr'>que</span> <span class='ocrx_word' id='word_1_264' title='bbox 442 3486 476 3499; x_wconf 91' lang='lat'>-</span> <span class='ocrx_word' id='word_1_265' title='bbox 490 3458 625 3527; x_wconf 80' lang='lat' dir='ltr'>expellat.</span> <span class='ocrx_word' id='word_1_266' title='bbox 680 3459 791 3529; x_wconf 80' lang='lat' dir='ltr'>Legitur</span> <span class='ocrx_word' id='word_1_267' title='bbox 815 3461 953 3513; x_wconf 79' lang='lat' dir='ltr'>coherceat</span> <span class='ocrx_word' id='word_1_268' title='bbox 976 3462 1005 3514; x_wconf 90' lang='lat' dir='ltr'>in</span> <span class='ocrx_word' id='word_1_269' title='bbox 1024 3460 1110 3514; x_wconf 81' lang='lat' dir='ltr'>codd.</span> <span class='ocrx_word' id='word_1_270' title='bbox 1136 3458 1197 3513; x_wconf 79' lang='lat' dir='ltr'>Cra.</span> <span class='ocrx_word' id='word_1_271' title='bbox 1214 3462 1238 3512; x_wconf 91' lang='lat'>1.</span> <span class='ocrx_word' id='word_1_272' title='bbox 1257 3465 1283 3513; x_wconf 78' lang='lat'>2.</span> <span class='ocrx_word' id='word_1_273' title='bbox 1306 3453 1393 3510; x_wconf 85' lang='lat' dir='ltr'>Suerin.</span> 
     </span>
     <span class='ocr_line' id='line_1_32' title="bbox 363 3544 1393 3621; baseline 0.003 -24"><span class='ocrx_word' id='word_1_274' title='bbox 363 3544 434 3599; x_wconf 89' lang='lat' dir='ltr'>Gud.</span> <span class='ocrx_word' id='word_1_275' title='bbox 446 3546 478 3599; x_wconf 82' lang='lat' dir='ltr'>A.</span> <span class='ocrx_word' id='word_1_276' title='bbox 490 3544 557 3599; x_wconf 84' lang='lat' dir='ltr'>cod.</span> <span class='ocrx_word' id='word_1_277' title='bbox 570 3557 659 3600; x_wconf 87' lang='lat' dir='ltr'>autem</span> <span class='ocrx_word' id='word_1_278' title='bbox 671 3546 777 3600; x_wconf 87' lang='lat' dir='ltr'>Suerin.</span> <span class='ocrx_word' id='word_1_279' title='bbox 789 3547 881 3618; x_wconf 89' lang='lat' dir='ltr'>paullo</span> <span class='ocrx_word' id='word_1_280' title='bbox 894 3550 1017 3621; x_wconf 86' lang='lat' dir='ltr'>superius</span> <span class='ocrx_word' id='word_1_281' title='bbox 1033 3560 1092 3620; x_wconf 87' lang='lat' dir='ltr'>post</span> <span class='ocrx_word' id='word_1_282' title='bbox 1105 3547 1230 3600; x_wconf 82' lang='lat' dir='ltr'>libidines</span> <span class='ocrx_word' id='word_1_283' title='bbox 1243 3546 1316 3599; x_wconf 83' lang='lat' dir='ltr'>addit</span> <span class='ocrx_word' id='word_1_284' title='bbox 1329 3562 1393 3600; x_wconf 71' lang='lat' dir='ltr'>suast</span> 
     </span>
     <span class='ocr_line' id='line_1_33' title="bbox 361 3628 1395 3703; baseline -0.002 -18"><span class='ocrx_word' id='word_1_285' title='bbox 361 3653 410 3703; x_wconf 92' lang='lat' dir='ltr'>pro</span> <span class='ocrx_word' id='word_1_286' title='bbox 436 3645 527 3686; x_wconf 83' lang='lat' dir='ltr'>teneat</span> <span class='ocrx_word' id='word_1_287' title='bbox 556 3635 691 3688; x_wconf 90' lang='lat' dir='ltr'>usitatiore</span> <span class='ocrx_word' id='word_1_288' title='bbox 720 3635 808 3689; x_wconf 80' lang='lat' dir='ltr'>forma</span> <span class='ocrx_word' id='word_1_289' title='bbox 835 3634 915 3691; x_wconf 73' lang='lat' dir='ltr'>habet</span> <span class='ocrx_word' id='word_1_290' title='bbox 937 3638 1082 3690; x_wconf 83' lang='lat' dir='ltr'>contineat.</span> <span class='ocrx_word' id='word_1_291' title='bbox 1132 3634 1186 3688; x_wconf 87' lang='lat' dir='ltr'>Sed</span> <span class='ocrx_word' id='word_1_292' title='bbox 1210 3646 1301 3688; x_wconf 84' lang='lat' dir='ltr'>tamen</span> <span class='ocrx_word' id='word_1_293' title='bbox 1324 3641 1357 3685; x_wconf 89' lang='lat' dir='ltr'>est</span> <span class='ocrx_word' id='word_1_294' title='bbox 1375 3628 1395 3679; x_wconf 81' lang='lat' dir='ltr'>in</span> 
     </span>
     <span class='ocr_line' id='line_1_34' title="bbox 361 3719 1395 3793; baseline -0.006 -22"><span class='ocrx_word' id='word_1_295' title='bbox 361 3722 440 3773; x_wconf 88' lang='lat' dir='ltr'>Verr.</span> <span class='ocrx_word' id='word_1_296' title='bbox 459 3720 519 3774; x_wconf 78' lang='lat' dir='ltr'>Act.</span> <span class='ocrx_word' id='word_1_297' title='bbox 539 3719 572 3773; x_wconf 92' lang='grc'>11.</span> <span class='ocrx_word' id='word_1_298' title='bbox 602 3722 631 3773; x_wconf 88' lang='lat' dir='ltr'>L.</span> <span class='ocrx_word' id='word_1_299' title='bbox 651 3721 697 3788; x_wconf 88' lang='grc'><strong>111,</strong></span> <span class='ocrx_word' id='word_1_300' title='bbox 717 3726 742 3788; x_wconf 89' lang='grc'>1,</span> <span class='ocrx_word' id='word_1_301' title='bbox 761 3726 788 3778; x_wconf 75' lang='grc'>3.</span> <span class='ocrx_word' id='word_1_302' title='bbox 811 3725 978 3793; x_wconf 85' lang='lat' dir='ltr'>cupiditates</span> <span class='ocrx_word' id='word_1_303' title='bbox 997 3753 1030 3765; x_wconf 90' lang='lat'>·-</span> <span class='ocrx_word' id='word_1_304' title='bbox 1051 3734 1181 3776; x_wconf 85' lang='lat' dir='ltr'>tenere.</span> <span class='ocrx_word' id='word_1_305' title='bbox 1215 3722 1274 3775; x_wconf 90' lang='lat' dir='ltr'>Pro</span> <span class='ocrx_word' id='word_1_306' title='bbox 1292 3719 1395 3772; x_wconf 81' lang='lat' dir='ltr'>libidines</span> 
     </span>
     <span class='ocr_line' id='line_1_35' title="bbox 362 3802 1394 3866; baseline -0.002 -6"><span class='ocrx_word' id='word_1_307' title='bbox 362 3819 450 3860; x_wconf 88' lang='lat' dir='ltr'>autem</span> <span class='ocrx_word' id='word_1_308' title='bbox 469 3810 497 3861; x_wconf 92' lang='lat' dir='ltr'>in</span> <span class='ocrx_word' id='word_1_309' title='bbox 516 3810 595 3862; x_wconf 88' lang='lat' dir='ltr'>Drsd.</span> <span class='ocrx_word' id='word_1_310' title='bbox 613 3814 639 3862; x_wconf 72' lang='grc' dir='ltr'>Ξ.</span> <span class='ocrx_word' id='word_1_311' title='bbox 658 3822 696 3863; x_wconf 92' lang='lat' dir='ltr'>est</span> <span class='ocrx_word' id='word_1_312' title='bbox 714 3809 877 3866; x_wconf 83' lang='lat' dir='ltr'>libidinem.</span> <span class='ocrx_word' id='word_1_313' title='bbox 924 3812 979 3866; x_wconf 90' lang='lat' dir='ltr'>Pro</span> <span class='ocrx_word' id='word_1_314' title='bbox 999 3822 1102 3864; x_wconf 82' lang='lat' dir='ltr'>ceteras</span> <span class='ocrx_word' id='word_1_315' title='bbox 1130 3820 1169 3863; x_wconf 89' lang='lat' dir='ltr'>est</span> <span class='ocrx_word' id='word_1_316' title='bbox 1195 3820 1230 3860; x_wconf 84' lang='lat' dir='ltr'>et</span> <span class='ocrx_word' id='word_1_317' title='bbox 1259 3818 1356 3860; x_wconf 86' lang='lat' dir='ltr'>oeteras</span> <span class='ocrx_word' id='word_1_318' title='bbox 1375 3802 1394 3853; x_wconf 80' lang='lat' dir='ltr'>in</span> 
     </span>
     <span class='ocr_line' id='line_1_36' title="bbox 362 3891 1394 3969; baseline -0.003 -22"><span class='ocrx_word' id='word_1_319' title='bbox 362 3895 498 3967; x_wconf 82' lang='lat' dir='ltr'>Excerptis</span> <span class='ocrx_word' id='word_1_320' title='bbox 516 3896 584 3968; x_wconf 80' lang='lat' dir='ltr'>Eyb.</span> <span class='ocrx_word' id='word_1_321' title='bbox 603 3897 674 3969; x_wconf 91' lang='lat' dir='ltr'>apud</span> <span class='ocrx_word' id='word_1_322' title='bbox 693 3896 759 3965; x_wconf 92' lang='lat' dir='ltr'>Or.,</span> <span class='ocrx_word' id='word_1_323' title='bbox 777 3900 805 3952; x_wconf 91' lang='lat' dir='ltr'>in</span> <span class='ocrx_word' id='word_1_324' title='bbox 823 3899 904 3955; x_wconf 87' lang='lat' dir='ltr'>Drsd.</span> <span class='ocrx_word' id='word_1_325' title='bbox 924 3904 949 3953; x_wconf 94' lang='lat'>1.</span> <span class='ocrx_word' id='word_1_326' title='bbox 967 3904 993 3955; x_wconf 75' lang='grc'>3.</span> <span class='ocrx_word' id='word_1_327' title='bbox 1011 3911 1037 3954; x_wconf 89' lang='lat' dir='ltr'>et</span> <span class='ocrx_word' id='word_1_328' title='bbox 1055 3901 1113 3952; x_wconf 76' lang='lat' dir='ltr'>cn.</span> <span class='ocrx_word' id='word_1_329' title='bbox 1134 3901 1159 3950; x_wconf 94' lang='lat'>1.</span> <span class='ocrx_word' id='word_1_330' title='bbox 1196 3898 1263 3951; x_wconf 85' lang='lat' dir='ltr'>Post</span> <span class='ocrx_word' id='word_1_331' title='bbox 1290 3895 1357 3947; x_wconf 88' lang='lat' dir='ltr'>labes</span> <span class='ocrx_word' id='word_1_332' title='bbox 1376 3891 1394 3941; x_wconf 83' lang='lat' dir='ltr'>in</span> 
     </span>
     <span class='ocr_line' id='line_1_37' title="bbox 364 3983 1394 4061; baseline 0 -25"><span class='ocrx_word' id='word_1_333' title='bbox 364 3983 442 4037; x_wconf 89' lang='lat' dir='ltr'>Drsd.</span> <span class='ocrx_word' id='word_1_334' title='bbox 461 3988 487 4038; x_wconf 90' lang='grc'>4.</span> <span class='ocrx_word' id='word_1_335' title='bbox 506 3984 612 4037; x_wconf 88' lang='lat' dir='ltr'>additur</span> <span class='ocrx_word' id='word_1_336' title='bbox 630 3998 669 4038; x_wconf 86' lang='lat' dir='ltr'>ut</span> <span class='ocrx_word' id='word_1_337' title='bbox 693 3987 827 4057; x_wconf 83' lang='lat' dir='ltr'>fraudes,</span> <span class='ocrx_word' id='word_1_338' title='bbox 854 3983 1037 4061; x_wconf 66' lang='lat' dir='ltr'>quod&#39;ortum</span> <span class='ocrx_word' id='word_1_339' title='bbox 1063 3999 1101 4040; x_wconf 90' lang='lat' dir='ltr'>est</span> <span class='ocrx_word' id='word_1_340' title='bbox 1119 4006 1148 4039; x_wconf 79' lang='lat' dir='ltr'>ex</span> <span class='ocrx_word' id='word_1_341' title='bbox 1168 3986 1256 4057; x_wconf 86' lang='lat' dir='ltr'>glossa</span> <span class='ocrx_word' id='word_1_342' title='bbox 1275 3984 1317 4036; x_wconf 76' lang='lat' dir='ltr'>vel</span> <span class='ocrx_word' id='word_1_343' title='bbox 1326 3983 1394 4061; x_wconf 66' lang='lat' dir='ltr'>fratt-</span> 
     </span>
     <span class='ocr_line' id='line_1_38' title="bbox 362 4066 1394 4147; baseline -0.017 -10"><span class='ocrx_word' id='word_1_344' title='bbox 362 4073 421 4136; x_wconf 58' lang='lat'>‘¹⁶³2</span> <span class='ocrx_word' id='word_1_345' title='bbox 450 4084 578 4144; x_wconf 89' lang='lat' dir='ltr'>quaeest</span> <span class='ocrx_word' id='word_1_346' title='bbox 598 4074 625 4126; x_wconf 93' lang='lat' dir='ltr'>in</span> <span class='ocrx_word' id='word_1_347' title='bbox 651 4074 723 4127; x_wconf 91' lang='lat' dir='ltr'>Gud.</span> <span class='ocrx_word' id='word_1_348' title='bbox 743 4076 788 4142; x_wconf 77' lang='grc'>8.,</span> <span class='ocrx_word' id='word_1_349' title='bbox 814 4078 870 4131; x_wconf 91' lang='lat' dir='ltr'>non</span> <span class='ocrx_word' id='word_1_350' title='bbox 895 4077 1041 4131; x_wconf 81' lang='lat' dir='ltr'>admodum</span> <span class='ocrx_word' id='word_1_351' title='bbox 1067 4086 1139 4147; x_wconf 85' lang='lat' dir='ltr'>apta.</span> <span class='ocrx_word' id='word_1_352' title='bbox 1177 4074 1319 4128; x_wconf 87' lang='lat' dir='ltr'>Meliorem</span> <span class='ocrx_word' id='word_1_353' title='bbox 1335 4066 1394 4120; x_wconf 83' lang='lat' dir='ltr'>babet</span> 
     </span>
     <span class='ocr_line' id='line_1_39' title="bbox 363 4150 1395 4232; baseline -0.001 -19"><span class='ocrx_word' id='word_1_354' title='bbox 363 4160 420 4214; x_wconf 79' lang='lat' dir='ltr'>Cra.</span> <span class='ocrx_word' id='word_1_355' title='bbox 441 4164 466 4213; x_wconf 87' lang='lat'>1.</span> <span class='ocrx_word' id='word_1_356' title='bbox 485 4180 564 4232; x_wconf 92' lang='lat' dir='ltr'>supra</span> <span class='ocrx_word' id='word_1_357' title='bbox 584 4161 629 4214; x_wconf 93' lang='lat' dir='ltr'>lin.</span> <span class='ocrx_word' id='word_1_358' title='bbox 649 4165 778 4217; x_wconf 86' lang='lat' dir='ltr'>maculas.</span> <span class='ocrx_word' id='word_1_359' title='bbox 814 4167 868 4219; x_wconf 88' lang='lat' dir='ltr'>Pro</span> <span class='ocrx_word' id='word_1_360' title='bbox 889 4177 983 4218; x_wconf 84' lang='lat' dir='ltr'>teneat</span> <span class='ocrx_word' id='word_1_361' title='bbox 1001 4164 1052 4218; x_wconf 83' lang='lat' dir='ltr'>Ox.</span> <span class='ocrx_word' id='word_1_362' title='bbox 1071 4182 1094 4217; x_wconf 89' lang='grc' dir='ltr'>σ.</span> <span class='ocrx_word' id='word_1_363' title='bbox 1116 4161 1197 4215; x_wconf 89' lang='lat' dir='ltr'>habet</span> <span class='ocrx_word' id='word_1_364' title='bbox 1208 4163 1312 4230; x_wconf 80' lang='lat' dir='ltr'>finiat,</span> <span class='ocrx_word' id='word_1_365' title='bbox 1341 4150 1395 4227; x_wconf 80' lang='lat' dir='ltr'>quoi</span> 
     </span>
     <span class='ocr_line' id='line_1_40' title="bbox 362 4239 1394 4324; baseline -0.001 -24"><span class='ocrx_word' id='word_1_366' title='bbox 362 4268 416 4300; x_wconf 89' lang='lat' dir='ltr'>non</span> <span class='ocrx_word' id='word_1_367' title='bbox 438 4261 476 4302; x_wconf 89' lang='lat' dir='ltr'>est</span> <span class='ocrx_word' id='word_1_368' title='bbox 494 4248 659 4319; x_wconf 85' lang='lat' dir='ltr'>glossatoris,</span> <span class='ocrx_word' id='word_1_369' title='bbox 679 4251 723 4303; x_wconf 88' lang='lat' dir='ltr'>sed</span> <span class='ocrx_word' id='word_1_370' title='bbox 742 4255 845 4308; x_wconf 89' lang='lat' dir='ltr'>scribae</span> <span class='ocrx_word' id='word_1_371' title='bbox 864 4254 933 4308; x_wconf 88' lang='lat' dir='ltr'>male</span> <span class='ocrx_word' id='word_1_372' title='bbox 951 4253 1077 4324; x_wconf 84' lang='lat' dir='ltr'>legentis:</span> <span class='ocrx_word' id='word_1_373' title='bbox 1095 4252 1140 4304; x_wconf 90' lang='lat' dir='ltr'>sed</span> <span class='ocrx_word' id='word_1_374' title='bbox 1158 4249 1247 4320; x_wconf 87' lang='lat' dir='ltr'>glossa</span> <span class='ocrx_word' id='word_1_375' title='bbox 1266 4258 1303 4301; x_wconf 85' lang='lat' dir='ltr'>est</span> <span class='ocrx_word' id='word_1_376' title='bbox 1319 4245 1363 4298; x_wconf 78' lang='lat' dir='ltr'>Ox.</span> <span class='ocrx_word' id='word_1_377' title='bbox 1371 4239 1394 4292; x_wconf 85' lang='lat' dir='ltr'>U·</span> 
     </span>
     <span class='ocr_line' id='line_1_41' title="bbox 364 4330 1395 4411; baseline -0.005 -23"><span class='ocrx_word' id='word_1_378' title='bbox 364 4338 491 4405; x_wconf 85' lang='lat' dir='ltr'>reprimat</span> <span class='ocrx_word' id='word_1_379' title='bbox 511 4358 560 4411; x_wconf 85' lang='lat' dir='ltr'>pro</span> <span class='ocrx_word' id='word_1_380' title='bbox 578 4341 700 4409; x_wconf 83' lang='lat' dir='ltr'>repellat.</span> <span class='ocrx_word' id='word_1_381' title='bbox 720 4341 777 4394; x_wconf 66' lang='grc' dir='ltr'>ΜΓ.</span> <span class='ocrx_word' id='word_1_382' title='bbox 813 4344 918 4407; x_wconf 83' lang='lat' dir='ltr'>„Lubes</span> <span class='ocrx_word' id='word_1_383' title='bbox 942 4341 1026 4393; x_wconf 87' lang='lat' dir='ltr'>animi</span> <span class='ocrx_word' id='word_1_384' title='bbox 1050 4351 1127 4405; x_wconf 83' lang='lat' dir='ltr'>sunt,</span> <span class='ocrx_word' id='word_1_385' title='bbox 1157 4357 1227 4411; x_wconf 88' lang='lat' dir='ltr'>quae</span> <span class='ocrx_word' id='word_1_386' title='bbox 1252 4330 1395 4407; x_wconf 72' lang='lat' dir='ltr'>trequentes</span> 
     </span>
     <span class='ocr_line' id='line_1_42' title="bbox 364 4422 973 4501; baseline 0.016 -29"><span class='ocrx_word' id='word_1_387' title='bbox 364 4422 488 4477; x_wconf 90' lang='lat' dir='ltr'>dicuntur</span> <span class='ocrx_word' id='word_1_388' title='bbox 507 4425 565 4479; x_wconf 81' lang='lat' dir='ltr'>vitia</span> <span class='ocrx_word' id='word_1_389' title='bbox 585 4428 647 4480; x_wconf 90' lang='lat' dir='ltr'>item</span> <span class='ocrx_word' id='word_1_390' title='bbox 669 4426 846 4483; x_wconf 77' lang='lat' dir='ltr'>vitiositates.“</span> <span class='ocrx_word' id='word_1_391' title='bbox 864 4431 973 4501; x_wconf 78' lang='lat' dir='ltr'>Wyrt.</span> 
     </span>
    </p>

    <p class='ocr_par' dir='ltr' id='par_1_6' title="bbox 434 4514 1394 4588">
     <span class='ocr_line' id='line_1_43' title="bbox 434 4514 1394 4588; baseline -0.003 -26"><span class='ocrx_word' id='word_1_392' title='bbox 434 4516 606 4566; x_wconf 74' lang='lat' dir='ltr'>iracundiam</span> <span class='ocrx_word' id='word_1_393' title='bbox 627 4547 660 4555; x_wconf 91' lang='lat'>—</span> <span class='ocrx_word' id='word_1_394' title='bbox 680 4518 805 4586; x_wconf 84' lang='lat' dir='ltr'>repellat]</span> <span class='ocrx_word' id='word_1_395' title='bbox 825 4520 934 4585; x_wconf 84' lang='lat' dir='ltr'>Finiat,</span> <span class='ocrx_word' id='word_1_396' title='bbox 963 4536 1013 4588; x_wconf 92' lang='lat' dir='ltr'>pro</span> <span class='ocrx_word' id='word_1_397' title='bbox 1037 4527 1145 4582; x_wconf 83' lang='lat' dir='ltr'>teneat,</span> <span class='ocrx_word' id='word_1_398' title='bbox 1177 4537 1253 4570; x_wconf 82' lang='lat' dir='ltr'>unus</span> <span class='ocrx_word' id='word_1_399' title='bbox 1300 4514 1394 4564; x_wconf 72' lang='lat' dir='ltr'>Terreat</span> 
     </span>
    </p>
   </div>
   <div class='ocr_carea' id='block_1_4' title="bbox 0 0 1771 5450">
    <p class='ocr_par' dir='ltr' id='par_1_7' title="bbox 0 0 1771 5450">
     <span class='ocr_line' id='line_1_44' title="bbox 0 0 1771 5450; baseline 0 0"><span class='ocrx_word' id='word_1_400' title='bbox 0 0 1771 5450; x_wconf 95' lang='lat' dir='ltr'> </span> 
     </span>
    </p>
   </div>
  </div>
 </body>
</html>
