3517 5450
359 721 434 794 290
694 737 868 786 rsusooxa
895 737 1090 786 srorcoauu.

361 917 387 957 et
399 922 453 956 uno
473 900 543 955 Atti.
579 901 610 952 ln
625 898 704 952 Drsd.
715 902 740 952 1.
756 910 782 951 et
794 901 820 952 3.
839 907 877 948 est
895 897 1025 946 eosdem
1041 907 1068 946 te
1079 907 1199 950 auctore.
1218 897 1313 969 Pergit
1329 897 1412 955 01.E.

362 992 543 1060 corruptelam
560 988 655 1040 iudicii
673 988 747 1038 eive
765 985 904 1057 officii,
922 982 968 1034 ubi
988 981 1068 1035 babes
1086 983 1201 1054 glesum
1221 985 1262 1037 vel
1283 998 1414 1040 coeremo-

362 1083 397 1133 ris
415 1079 527 1132 alicuius
550 1075 729 1148 sitspici'onem
758 1075 785 1125 in
812 1083 965 1126 contextum
991 1082 1135 1142 receptam.
1171 1071 1238 1125 On.
1259 1071 1281 1125 l.
1300 1073 1333 1126 N.
1362 1094 1413 1126 cor·

362 1165 496 1236 ruptelam
524 1164 692 1225 iudicum,
722 1160 795 1232 quod
824 1172 863 1212 est
891 1160 1053 1229 interpretis.
1107 1159 1179 1212 Turn
1209 1159 1271 1214 Cn.
1291 1166 1317 1214 t.
1343 1164 1413 1215 mol-

363 1254 467 1307 lientes.
503 1251 561 1304 Mr.

434 1353 499 1392 tuas
520 1340 667 1390 mercedum
683 1338 822 1407 pactiones
848 1337 877 1386 in
901 1336 1072 1403 patrociniis]
1124 1338 1199 1388 Tuas
1229 1336 1331 1391 omittit
1357 1336 1416 1392 Cod.

365 1428 415 1483 Os.
435 1428 456 1480 l.
491 1427 523 1480 ln
541 1427 622 1480 Drsd.
640 1431 665 1480 ὗ.
685 1437 723 1478 est
741 1444 826 1476 suos
845 1422 994 1474 mercedum
1010 1424 1164 1491 petitiones.
1209 1427 1253 1478 Ad
1281 1445 1339 1479 rem
1363 1427 1416 1481 Fre

365 1515 483 1587 Sylvius:
503 1513 707 1583 „Corruptelom
726 1513 818 1565 usitate
838 1510 914 1562 dixit:
942 1510 1079 1580 corruptio
1105 1523 1198 1565 autem
1218 1514 1259 1565 six
1284 1513 1365 1568 latiae
1381 1514 1416 1566 di·

364 1614 448 1657 catur.
484 1601 522 1654 Ut
539 1601 609 1654 libro
634 1601 666 1654 de
686 1601 800 1672 Legibus
819 1599 838 1652 l.
858 1599 926 1666 [¹2]
976 1602 1066 1651 Tanta
1094 1611 1136 1651 est
1160 1602 1320 1670 corruptela
1338 1603 1415 1653 malae

365 1684 577 1756 consuetudinis,
603 1700 635 1741 ut
655 1687 690 1739 ab
707 1708 739 1739 ea
758 1700 892 1759 tanquam
908 1687 1021 1757 igniculi
1039 1688 1257 1758 exstinguantur
1276 1708 1295 1739 a
1319 1701 1413 1741 natura

365 1779 452 1831 dnti.“
488 1776 530 1829 Ad
543 1796 615 1849 seqq.
634 1777 718 1829 idem:
738 1772 872 1842 „Crassos
892 1775 972 1828 etiam
993 1775 1181 1845 improborum
1201 1774 1347 1829 bominum
1360 1798 1414 1832 cau·

364 1886 406 1918 sas
424 1877 449 1918 et
477 1865 627 1935 patrocinia
653 1864 786 1935 suscipere
805 1862 934 1916 solebat.“
980 1861 1050 1915 Mira
1077 1873 1114 1916 est
1133 1862 1214 1917 lectio
1240 1866 1310 1920 eod.
1329 1867 1413 1920 Duisb.

365 1956 383 2005 d
388 1975 405 2005 u
413 1972 450 2004 os
470 1955 617 2004 mercedum
632 1955 785 2023 pactiones:
806 1953 851 2005 ubi
865 1953 895 2004 in
908 1969 992 2021 marg.
1002 1950 1087 2021 glossa
1103 1962 1141 2004 est
1155 1952 1262 2006 addita:
1281 1955 1412 2022 Duplex

361 2041 453 2111 pactio
479 2041 633 2092 mercedum.
672 2042 758 2094 Docte
782 2039 888 2093 scilicet.
924 2038 1015 2109 Pergit
1044 2037 1111 2093 Cod.
1139 2040 1222 2095 Drsd.
1242 2045 1268 2095 3.
1296 2043 1326 2092 in
1348 2060 1411 2110 pro-

364 2130 509 2193 vinciis,
528 2128 578 2197 Or,
597 2128 629 2180 N.
655 2130 684 2179 in
707 2127 954 2198 patrimoniis.
974 2126 1032 2182 Mc.
1078 2129 1256 2192 „Mercedem
1282 2131 1412 2198 pactiones

365 2218 379 2269 i.
399 2237 420 2269 e.
439 2227 467 2268 ut
486 2236 536 2287 pro
554 2215 705 2286 patrocinio
734 2228 758 2270 et
778 2235 855 2270 causa
885 2216 995 2270 alicuius
1015 2215 1053 2268 rei
1077 2215 1248 2268 defendenda
1268 2217 1410 2271 mercedem

366 2305 514 2375 paciscaris.
550 2304 618 2357 Nam
638 2305 790 2358 mercedem
809 2304 907 2376 pacisci
926 2315 973 2356 aut
990 2303 1177 2375 accipeie·pro
1196 2306 1352 2375 patrocinio
1365 2325 1409 2358 non

364 2393 424 2446 satis
448 2391 589 2446 honestum
618 2392 780 2458 habebatur,
813 2411 902 2464 neque
930 2410 1049 2462 unquam
1077 2391 1205 2445 lectitavit
1233 2393 1332 2446 Cicero
1359 2403 1410 2446 teste

364 2479 508 2534 Plutarcho
527 2480 555 2532 in
575 2481 631 2533 eius
650 2481 739 2533 Vita.“
756 2480 933 2550 Wyttenb.
1218 2490 1222 2497 '

434 2567 581 2619 mercedum
595 2569 747 2637 pactiones]
784 2567 874 2638 „Lege
900 2565 994 2620 Cincia
1024 2587 1110 2639 poena
1136 2571 1283 2632 constituta
1313 2584 1368 2626 erat
1388 2572 1408 2623 in

365 2674 423 2720 eos,
446 2653 492 2724 qui
513 2654 627 2724 pecunia
648 2665 673 2706 et
693 2654 861 2726 pactionibus
880 2654 1030 2726 patrocinia
1049 2657 1236 2711 exercuissent.
1274 2660 1409 2732 Repugna-

362 2745 426 2796 banl
446 2744 526 2796 etiam
546 2743 624 2815 patrii
641 2762 746 2809 mores,
766 2755 796 2796 ut
813 2744 841 2795 in
859 2741 878 2796 l.
898 2746 923 2795 1.
939 2742 1101 2797 Officiorum
1120 2764 1145 2798 c.
1165 2750 1229 2800 tst‘
1267 2746 1369 2802 Face.

433 2832 710 2883 intercessiones
726 2830 913 2901 pecuniarum]
941 2830 1034 2897 „libri
1052 2831 1240 2887 omnesMSS.
1258 2833 1360 2887 habent
1374 2834 1407 2884 in·

362 2918 497 2979 tercidas,·
526 2918 646 2990 vulgares
671 2920 824 2982 intercisos,
851 2918 925 2990 quod
952 2920 1110 2973 vocabulum
1137 2922 1229 2975 nescio
1255 2924 1304 2975 ubi
1328 2923 1405 2993 legisse

362 3006 490 3061 recordor
509 3006 579 3059 baud
597 3006 716 3059 dissimili
733 3006 947 3078 significatione·
971 3006 1027 3074 Qui
1044 3007 1120 3061 locus
1138 3009 1202 3080 quie
1224 3029 1281 3062 noa
1292 3008 1406 3071 occurrit,

361 3096 572 3147 intercessionem
590 3094 734 3165 supposui,
763 3096 840 3147 cuius
862 3092 1020 3164 significatio
1035 3096 1079 3150 hic
1102 3114 1156 3150 non
1183 3096 1274 3151 aliena
1294 3101 1361 3152 est.“
1381 3094 1405 3147 C.

362 3184 466 3252 Lang.
511 3185 696 3247 „intercessus
719 3183 917 3235 emendandum
944 3201 1057 3250 censeo,
1084 3184 1198 3255 propius
1226 3186 1359 3241 accedens
1379 3182 1405 3236 ad

363 3269 522 3341 scripturam
542 3281 666 3335 veterem,
686 3289 765 3342 quam
778 3270 902 3342 Langius,
922 3272 969 3343 qui
986 3272 1093 3343 reponit
1110 3274 1326 3340 intercessiones,
1344 3272 1404 3346 quod

362 3356 431 3409 idem
452 3356 546 3410 valet.“
566 3357 717 3411 Lambin.
761 3357 853 3424 „Libri
877 3371 977 3413 veteres
1001 3361 1143 3413 intercisas
1171 3372 1219 3415 aut
1241 3364 1404 3427 intercincti.

358 3444 439 3496 Pater
457 3454 518 3497 ante
538 3444 636 3498 multos
649 3464 736 3498 annos
751 3448 937 3516 reponendum
957 3450 1057 3519 putavit
1072 3448 1288 3503 intercessiones.
1325 3452 1402 3519 Quam

361 3531 542 3584 coniecturam
568 3532 640 3586 docti
667 3532 713 3585 viri
740 3535 902 3605 probarunt,
927 3549 952 3590 et
979 3537 1027 3589 sibi
1054 3535 1142 3602 illam,
1174 3548 1308 3609 tanquam
1333 3556 1404 3599 suam,

360 3619 541 3685 vindicarunt,
562 3619 660 3691 aliique
679 3632 806 3694 tanquam
826 3624 934 3679 illorum
953 3635 1128 3696 agnoverunt.
1164 3624 1302 3679 Usitatum
1322 3624 1404 3680 estCi-

361 3706 452 3757 cerani
471 3706 582 3759 verbum
602 3708 796 3777 intercedendi,
817 3723 873 3765 tum
894 3713 1007 3777 scilicet,
1027 3731 1089 3765 cum
1108 3711 1280 3783 spondemus
1299 3735 1348 3768 nos
1363 3712 1404 3765 ali·

362 3792 425 3862 quid
447 3810 496 3862 pro
515 3793 607 3861 aliquo
622 3795 756 3851 soluturos
774 3817 837 3852 esse.
875 3798 944 3851 Pbil.
963 3798 995 3865 ll,
1016 3803 1060 3853 18.
1096 3800 1202 3851 Orabat
1218 3798 1320 3856 Cario,
1337 3812 1367 3853 ut
1382 3810 1403 3849 te

360 3890 454 3929 contra
472 3898 551 3931 suum
570 3894 687 3950 patrem,
707 3888 731 3937 si
750 3889 806 3938 HS.
825 3888 949 3955 sexagies
963 3899 1076 3957 peteret,
1096 3889 1284 3959 defenderem:
1304 3902 1401 3943 tantum

358 3967 427 4018 enim
445 3984 474 4018 se
489 3985 540 4036 pro
558 3978 585 4019 te
603 3972 859 4027 intercessisse
878 3974 991 4028 dicebat.
1029 3974 1063 4029 Et
1081 3975 1114 4028 ad
1134 3977 1189 4030 Au.
1207 3977 1227 4041 l,
1248 3982 1297 4032 14:
1315 3979 1403 4031 Arces-

357 4054 421 4106 sioit
441 4054 537 4117 adse,
559 4058 696 4124 promisit,
717 4062 942 4124 intercessit,
970 4063 1041 4114 dedit
1049 4085 1059 4123 ,·
1087 4075 1112 4116 et
1131 4064 1149 4117 l.
1168 4065 1216 4132 Vl,
1236 4070 1269 4119 1:
1300 4065 1402 4120 Adscri-

357 4140 394 4189 bit
422 4142 504 4191 etiam
533 4153 560 4193 et
589 4148 668 4215 quasi
695 4150 785 4199 calcor
810 4150 935 4201 admovet
967 4153 1226 4206 intercessisse
1250 4174 1281 4207 se
1305 4174 1353 4225 pro
1375 4154 1402 4203 ils

357 4246 481 4299 ”sagnam
496 4232 649 4298 pecaniam.
687 4234 764 4302 Quae
783 4238 880 4308 partim
901 4239 934 4291 ad
954 4239 1027 4296 hunc
1040 4239 1110 4292 diem
1122 4240 1264 4297 observata
1278 4250 1402 4302 nonsunt,

356 4316 452 4383 partim
474 4315 606 4371 intellecta
626 4339 782 4392 perperam:
801 4346 863 4378 cum
885 4328 1016 4397 putaverit
1034 4327 1127 4380 nescia
1147 4330 1225 4398 quis,
1243 4330 1401 4387 intercedere,

356 4400 383 4450 in
402 4401 441 4453 bis
465 4402 573 4472 quidem
603 4406 681 4475 locis,
708 4430 763 4465 esse
790 4432 839 4484 pro
867 4416 989 4486 rogando
1012 4414 1188 4486 impetrare.“
1224 4418 1300 4473 Atd.
1327 4418 1401 4470 Man.

354 4482 383 4534 ln
402 4485 471 4540 hanc
491 4494 647 4548 sententiam
668 4498 746 4552 etiam
767 4499 881 4571 disputat
900 4503 1013 4569 Pareus,
1040 4502 1099 4555 Les.
1117 4504 1185 4559 Crit.
1205 4527 1233 4579 p.
1255 4512 1318 4563 628.
1336 4528 1358 4561 a.
1380 4513 1399 4553 et
