3517 5450
475 693 550 769 336
887 712 1051 762 excussus
1079 714 1109 760 v.

474 878 638 933 cumstantiis
655 894 762 941 rerum,
782 876 809 928 in
831 876 929 947 quibus
948 885 1089 946 peccatur,
1107 874 1157 928 alia
1180 875 1262 946 paria,
1280 875 1331 929 alia
1351 877 1453 932 maiora
1472 880 1512 932 alia

473 969 576 1022 minora
592 964 784 1018 diiudicentur:
803 963 873 1017 velut
889 965 991 1017 socium
1010 963 1136 1016 fraudare
1150 974 1177 1016 et
1196 964 1338 1035 pupillum,
1357 968 1433 1038 paria
1452 981 1514 1022 sunt:

473 1068 498 1109 et
517 1064 618 1127 patrem
638 1051 763 1106 occidere
781 1051 903 1122 gravius,
923 1068 1003 1122 quam
1024 1067 1144 1103 servum:
1168 1063 1196 1104 et
1212 1055 1368 1124 quempiam
1390 1058 1515 1110 verberare

473 1143 567 1209 levius,
596 1160 677 1213 quarn
705 1139 862 1194 interlicere.
907 1138 966 1192 Hoc
994 1154 1102 1210 quoque
1128 1139 1299 1210 paradoxon,
1327 1142 1399 1197 sicut
1425 1144 1515 1215 reliqua

472 1232 539 1296 alia,
566 1229 649 1284 Stoici
674 1249 703 1282 en
722 1227 865 1282 Socraticis
888 1227 1058 1280 sermonibus
1076 1227 1198 1281 ridentur
1217 1229 1379 1300 arripuisse:
1405 1230 1516 1286 Socrates

471 1322 559 1384 enim,
590 1319 692 1373 tametsi
716 1317 806 1370 multis
824 1317 852 1370 in
881 1316 946 1370 locis
964 1316 1023 1370 vitia
1042 1316 1168 1388 gradibus
1187 1317 1340 1389 distinguit,
1365 1319 1463 1384 ultimo⁴
1482 1333 1515 1375 ta-

471 1430 533 1464 men
552 1408 622 1462 libro
641 1407 674 1460 de
692 1405 821 1477 Legibus,
839 1406 871 1458 Si
892 1405 968 1477 quis,
986 1403 1037 1470 ait,
1052 1403 1191 1474 publicum
1203 1405 1328 1475 furatus
1341 1407 1450 1478 suerit,
1468 1411 1515 1460 sive

467 1516 583 1568 parvum
600 1497 656 1548 sive
678 1513 822 1566 magnum,
840 1493 903 1562 pari
918 1509 1005 1562 poena
1020 1492 1169 1562 puniatur:
1188 1484 1237 1564 qui
1254 1512 1375 1566 narnque
1394 1515 1446 1547 rem
1457 1516 1514 1564 por·

470 1605 532 1638 vam
549 1584 680 1649 sustulit,
708 1582 832 1653 quumvis
860 1580 959 1632 minore
984 1581 1025 1644 vi,
1055 1597 1137 1651 quun:
1155 1582 1202 1652 qui
1219 1599 1368 1653 magnam,
1396 1585 1514 1651 rapuerit,

469 1691 557 1745 nequo
576 1683 665 1722 tumen
684 1669 834 1740 cupiditate
846 1669 968 1740 furatus
985 1677 1036 1721 est.
1084 1667 1118 1722 Et
1135 1667 1262 1723 Horatius
1289 1670 1317 1722 in
1338 1669 1461 1741 Epistolis
1485 1670 1514 1721 ad

468 1760 538 1813 banc
564 1757 730 1814 Socraticam
758 1768 785 1812 et
811 1754 930 1810 Stoicam
955 1755 1114 1810 senteutiam
1138 1755 1239 1812 allusit:
1274 1757 1347 1824 [Lib.
1367 1756 1386 1810 l.
1410 1758 1458 1829 Ep.
1477 1761 1513 1811 16.

468 1869 490 1902 v.
510 1847 654 1913 54-5621

503 1936 546 1989 Sit
564 1953 624 2004 spes
637 1932 773 2006 fallendi,
791 1931 911 1985 miscebis
929 1948 1009 1985 sucro
1024 1932 1170 2005 profanis:

503 2025 574 2075 Narn
593 2022 624 2072 de
643 2021 713 2072 mille
725 2020 815 2092 fabae
832 2020 927 2072 modiis
946 2040 1007 2072 curn
1023 2021 1139 2091 surripis
1154 2039 1253 2088 unum,

503 2117 639 2164 Damnum
657 2120 712 2173 est,
730 2128 782 2161 non
801 2108 933 2180 facinus,
959 2109 1024 2160 rrtilti
1038 2119 1121 2179 paeto
1139 2110 1226 2162 lenius
1243 2109 1328 2163 istu.“

1197 2179 1343 2233 Audom.
1363 2178 1510 2233 Talaeui

536 2313 590 2351 „-
601 2283 726 2339 Ceterum
745 2294 772 2339 et
790 2281 868 2336 buius
886 2292 912 2336 et
930 2280 1044 2336 aliorum
1063 2280 1216 2354 παραδόξων
1234 2286 1452 2340 confutationem
1463 2285 1510 2336 side

466 2384 561 2445 quarto
582 2384 699 2426 extremo
724 2371 757 2425 de
781 2370 893 2424 Finibus
910 2371 980 2442 [cap.
999 2375 1042 2439 ll,
1062 2376 1107 2427 14.
1125 2377 1169 2427 ta.
1187 2375 1243 2441 lb]
1270 2375 1351 2428 euius
1375 2375 1430 2430 loci
1455 2374 1510 2427 baec

466 2461 544 2515 verba
562 2461 589 2514 in
609 2460 702 2533 primis
718 2471 780 2513 sunt
798 2458 998 2512 memorabilia:
1025 2462 1069 2511 Ex
1085 2461 1180 2513 iisdem
1198 2461 1341 2514 verborum
1361 2462 1509 2532 praestigii:
1541 2492 1546 2502 ·

463 2562 491 2603 et
511 2568 593 2620 regna
611 2547 685 2601 uoltis
703 2558 771 2600 natu
789 2557 855 2600 sunt
872 2557 901 2599 et
919 2547 1030 2618 imperia
1047 2558 1075 2600 et
1093 2549 1223 2613 divitiae,
1240 2558 1268 2600 st
1286 2561 1390 2603 tantae
1408 2550 1510 2623 quiden,

464 2649 497 2690 ut
515 2639 618 2703 omniu,
648 2655 717 2709 quoe
736 2634 833 2707 ubique
857 2635 930 2699 sint,
953 2636 1084 2704 sapientis
1109 2655 1166 2689 esse
1190 2637 1305 2689 dicatis:
1336 2637 1426 2690 solum
1438 2654 1509 2706 proe-

463 2736 536 2778 teren
552 2727 713 2798 formosum,
730 2723 816 2776 solun:
833 2721 954 2789 liberum,
972 2723 1059 2775 solum
1069 2723 1165 2777 cium:
1184 2724 1336 2778 stultorum
1353 2729 1443 2780 omnia
1457 2744 1509 2778 con-

465 2813 562 2877 traria,
579 2832 646 2885 quos
664 2813 746 2863 etiam
765 2812 876 2864 insanos
892 2828 949 2862 esse
959 2809 1053 2865 vultis.
1086 2810 1120 2866 Et
1139 2812 1228 2883 paullo
1247 2826 1325 2885 post:
1344 2816 1443 2868 Ornniu
1458 2834 1509 2885 pec-

424 2914 429 2923 ·
462 2911 527 2953 cata
543 2901 624 2970 pario
642 2919 699 2952 esse
718 2899 808 2952 dicitis
827 2910 876 2952 etc.
913 2898 969 2949 Hie
986 2898 1113 2969 arrtbiguo
1129 2900 1257 2955 ludimur.
1304 2902 1412 2957 Locum
1434 2904 1507 2975 ipsun

461 2989 566 3041 videant
583 2988 719 3045 studiosif‘
739 2986 770 3041 ll.
789 2986 893 3040 Wolf.
929 2986 1033 3051 „Habet
1051 2986 1103 3041 hoc
1122 2988 1279 3042 Paradoxon
1303 2989 1366 3060 plus
1390 2990 1507 3045 subtilita-

463 3078 508 3141 tis‚
527 3094 609 3147 quam
628 3074 752 3139 veritatis,
770 3074 885 3146 ideoque
903 3094 917 3127 a
937 3075 1121 3147 compluribus
1140 3075 1335 3146 reprehensum
1349 3090 1406 3134 est:
1427 3079 1452 3131 in
1463 3077 1506 3148 pri·

462 3162 511 3215 mis
524 3180 590 3215 nero
608 3162 641 3215 ab
660 3160 770 3215 lloratio
787 3159 841 3214 Sat.
858 3159 880 3227 l,
900 3164 925 3228 3,
946 3166 995 3216 ⁹5:

532 3250 613 3321 (lueis
629 3250 712 3318 pario
728 3268 785 3302 esse
798 3249 861 3320 fere
877 3249 985 3319 placuit
1001 3260 1127 3320 macuta,
1146 3249 1288 3316 laborant,

532 3343 597 3390 Cum
616 3346 724 3389 ventum
742 3336 780 3387 ud
798 3356 889 3389 verum
906 3348 963 3390 est:
983 3357 1078 3391 sensus
1092 3357 1228 3409 moresque
1246 3355 1425 3413 repugnant,

530 3427 624 3495 Atque
642 3425 703 3492 ipsa
722 3424 848 3490 utilitas,
865 3424 935 3476 iusti
951 3444 1032 3495 prope
1052 3436 1138 3479 rnutsr
1154 3437 1181 3478 et
1200 3429 1292 3500 aequi.

459 3509 621 3566 contium
640 3509 696 3565 Cic.
721 3512 753 3565 de
779 3512 858 3566 Finn.
871 3511 916 3577 ΙΙΙ,
935 3516 978 3567 14.
1003 3511 1054 3567 hoc
1083 3514 1235 3584 paradoxon
1264 3536 1295 3569 es
1324 3518 1440 3575 Catonis
1456 3539 1504 3592 per·

458 3618 522 3652 sona
547 3600 710 3653 affirmans.“
736 3599 981 3671 Wyttenbacb.
1029 3602 1132 3657 Laudat
1158 3602 1340 3660 Gcrnbardus
1369 3607 1503 3663 librumsn

458 3685 579 3765 Garrii
598 3688 693 3758 (seculi
719 3688 864 3759 superioris
891 3686 1056 3761 philosophi,
1090 3710 1170 3762 quem
1189 3692 1353 3749 eclecticum
1384 3698 1443 3765 alii,
1470 3696 1503 3750 alii

459 3774 616 3846 popularem
637 3775 758 3843 dicunt.)
786 3774 833 3848 qui
861 3775 1030 3831 inscribitur:
1058 3779 1280 3849 Philosopltisclre
1306 3779 1502 3857 Anmerlcung'en

457 3882 484 3916 u.
508 3862 728 3936 Ablsnncllungen
754 3882 789 3917 zu
817 3864 928 3920 Cicero's
952 3866 1077 3919 Bt‘iultcrn
1103 3886 1156 3920 van
1181 3868 1232 3919 tien
1260 3871 1421 3941 Pfliclttsn‚
1446 3872 1473 3925 T.
1488 3870 1501 3921 l·

457 3969 483 4020 p.
494 3952 622 4003 tt-tu.
642 3949 738 4018 (EM.
757 3951 958 4007 Vratisl01l92.
975 3954 1015 4021 8.)
1034 3954 1173 4026 additque:
1193 3954 1331 4021 „Garrius
1351 3960 1420 4015 illud
1440 3980 1501 4033 prae·

457 4048 583 4109 ceptum,
602 4038 674 4110 quod
693 4038 834 4093 bominum
851 4040 921 4095 lacta
941 4060 997 4095 non
1017 4054 1127 4109 eventu,
1151 4043 1197 4097 sed
1218 4044 1360 4104 voluntate
1377 4051 1433 4104 vult
1447 4047 1501 4101 iudi-

456 4129 525 4189 cari,
543 4126 715 4197 probandum
733 4139 881 4201 aptumque
900 4149 954 4184 esse
973 4130 1050 4185 docet
1069 4130 1103 4183 ad
1123 4150 1231 4184 morum
1251 4133 1429 4206 disciplinam
1447 4149 1467 4189 et
1476 4132 1499 4185 al

454 4211 594 4267 bominum
615 4215 788 4287 dignitatem,
805 4218 925 4289 ipsorum
944 4218 1060 4273 consiliis
1078 4219 1183 4291 potius,
1207 4240 1295 4292 quam
1314 4226 1499 4284 conditionibus

454 4301 622 4355 metiendam.
659 4304 732 4358 ldem
751 4305 867 4359 alienum
887 4309 919 4359 V.
930 4306 965 4361 D.
985 4308 1073 4378 arguit
1093 4328 1148 4361 esse
1169 4327 1183 4361 a
1203 4308 1387 4381 legislatione,
1408 4322 1498 4385 propter

455 4390 565 4442 nimiam
584 4392 720 4463 quandam
738 4394 926 4460 subtilitatem,
945 4415 960 4449 a
979 4398 1046 4451 vitae
1065 4396 1219 4450 eommunis
1238 4417 1306 4467 usu,
1337 4421 1402 4455 cum
1419 4398 1499 4473 gradus

456 4477 506 4531 sint
524 4490 556 4531 et*
568 4478 719 4533 officiorum
739 4493 764 4536 et
782 4485 961 4537 contentionis
979 4485 1006 4537 in
1026 4484 1120 4538 virtute
1140 4487 1294 4542 exercenda
1327 4502 1355 4543 et
1374 4487 1498 4562 perlectio-
