3517 5450
359 707 431 781 134
683 728 854 775 vananoxn
883 725 1077 773 svovconuu.

353 895 469 960 potest.“
487 886 640 940 Lambin.
687 885 744 939 Nec
772 903 834 937 vero
861 885 897 937 ita
917 883 1001 936 edidit
1024 883 1133 936 bamba
1161 881 1206 934 scd
1232 878 1335 933 babent
1359 878 1399 929 buc

357 974 425 1029 Cod.
444 973 503 1027 Bas.
521 973 569 1027 Ed.
591 992 647 1044 prc.
664 972 735 1026 Vict.
753 973 822 1026 Rob.
839 970 933 1044 steph.
948 971 1068 1035 Comen,
1087 971 1164 1041 eique
1183 969 1255 1021 tavei
1271 967 1399 1036 (monente

247 1092 249 1095 ·
356 1061 450 1132 Borg.)
470 1059 537 1114 Phil.
558 1060 578 1125 l,
598 1064 642 1114 15.
660 1061 726 1112 buc
744 1059 836 1131 siquid
853 1060 1016 1120 accesserit,-
1036 1057 1070 1112 de
1088 1057 1168 1112 Finu.
1180 1055 1226 1123 lll,
1246 1058 1298 1109 10:
1318 1059 1396 1125 Quon-

357 1162 519 1223 turncunque
536 1168 573 1202 oo
590 1150 701 1200 addid
707 1151 794 1209 eria‚·
816 1148 891 1201 Brut.
910 1152 955 1204 43.
973 1157 1006 1200 ut
1024 1167 1061 1199 oo
1079 1147 1149 1199 nibil
1159 1145 1251 1216 sermo
1269 1144 1411 1216 quisquan.

357 1238 484 1289 addere
499 1238 603 1306 pomit3
631 1235 759 1302 Pbile,
779 1239 809 1290 o:
836 1257 902 1308 quo
927 1256 988 1288 cum
1005 1235 1091 1287 nddi
1115 1233 1186 1286 nihil
1206 1242 1312 1302 poaaet.
1357 1229 1398 1282 set

356 1336 427 1381 recte
444 1324 515 1377 idem
534 1335 625 1377 monet
644 1323 778 1395 vulgatum
790 1323 880 1389 (huic)
901 1343 957 1377 non
974 1342 1030 1376 osse
1047 1321 1234 1384 reiiciendum,
1255 1339 1312 1373 non
1331 1316 1397 1370 modo

358 1412 419 1483 quia
439 1423 477 1467 est
496 1410 572 1465 Orat.
593 1431 615 1465 c.
633 1414 658 1475 1,
677 1415 709 1467 3:
736 1410 816 1482 qualo
844 1411 911 1462 milri
929 1411 1054 1463 videatur
1072 1409 1154 1473 ittud,
1172 1408 1229 1460 cui
1254 1405 1313 1474 [ubi
1339 1405 1396 1468 item.

357 1501 402 1556 aed
421 1501 499 1565 mole,
521 1497 608 1553 Codd.
620 1499 743 1553 nonnulli
756 1498 854 1552 babent
873 1501 937 1570 quo]
957 1498 1027 1551 nituit
1043 1497 1125 1548 addi
1141 1495 1246 1564 poesim
1266 1493 1300 1548 ad
1310 1493 1396 1547 Fanni.

357 1586 403 1655 lll,
422 1592 480 1661 ¹33
491 1589 556 1640 Cui
574 1589 644 1640 nituit
662 1587 804 1640 videbatur
821 1587 909 1639 addi
924 1606 1022 1656 porse:
1048 1586 1094 1639 aed
1113 1585 1208 1649 otiam,
1236 1582 1302 1655 quia
1319 1592 1395 1634 nostro

356 1674 417 1728 loco
436 1674 498 1726 huic
518 1685 571 1728 tam
590 1675 623 1728 ad
645 1674 709 1727 addi
728 1693 808 1745 quam
828 1673 861 1725 ad
880 1673 949 1724 demi
975 1673 1070 1726 referri
1095 1672 1184 1744 possit.
1230 1668 1355 1724 Ceterum
1373 1669 1393 1720 io

358 1759 425 1815 Cod.
444 1761 537 1815 Duiob.
554 1782 603 1833 pro
622 1762 685 1813 huic
703 1772 741 1817 est
759 1761 817 1818 nic.
841 1761 869 1812 in
888 1759 939 1814 Oa.
955 1782 980 1828 η.
1000 1762 1112 1832 denique
1131 1779 1210 1830 prava
1234 1758 1392 1812 correctione.

358 1846 450 1900 Unum
469 1847 554 1914 addo,
576 1848 703 1903 nimirum
725 1847 885 1919 compendia
905 1867 1015 1902 usuum
1034 1847 1202 1919 pronominis
1220 1848 1264 1899 liic
1283 1848 1318 1901 ita
1331 1846 1391 1900 scribi

358 1933 385 1987 io
404 1934 485 1986 medii
503 1935 559 1988 aevi
578 1935 716 1990 codicibus
734 1946 762 1989 ut
780 1954 826 1989 cae
841 1935 945 1989 formae
965 1934 1042 1989 lacile
1060 1934 1131 1989 inter
1147 1953 1175 1987 re
1187 1935 1334 2003 permutari
1345 1951 1391 2004 pot·

357 2021 434 2082 sint(
454 2022 515 2077 Vid.
534 2023 654 2095 Baringii
680 2022 752 2077 Clnv.
773 2022 892 2093 Diplom.
912 2023 954 2092 (in
980 2022 1154 2093 Compendiis
1170 2021 1306 2077 scribendi
1331 2019 1390 2073 medii
1427 2059 1430 2070 .

357 2111 427 2177 aevi,
446 2111 513 2164 Tab.
534 2117 558 2167 5.
585 2124 611 2166 et
630 2113 677 2180 6.).
706 2111 768 2164 Mor
795 2109 865 2164 Gud.
885 2111 917 2164 A.
937 2111 1041 2164 inverso
1068 2110 1163 2164 ordine
1187 2109 1267 2165 babet
1292 2111 1389 2162 virtut

358 2197 525 2267 magisvit.
562 2198 619 2251 Mr.

431 2283 508 2334 Nilvil
525 2285 607 2342 denti,
626 2295 658 2337 ut
676 2285 788 2337 virtutis
807 2304 900 2335 vmmen
918 2286 1109 2355 relinquatur]
1129 2287 1162 2349 „i.
1174 2306 1195 2339 e.
1215 2286 1249 2339 de
1268 2285 1317 2340 bac
1332 2285 1389 2355 [per

359 2373 438 2440 secta]
459 2372 552 2426 virtute
572 2373 636 2426 nibil
655 2372 756 2427 detrahi
775 2385 861 2444 potest
879 2373 930 2438 ita,
949 2385 979 2428 ut
995 2374 1083 2431 adbuc
1101 2375 1182 2429 virtus
1202 2374 1333 2429 nominari
1345 2391 1389 2445 pot·

358 2459 404 2514 siti
422 2460 490 2527 sive,
519 2462 628 2515 minima
648 2462 703 2514 eius
723 2471 797 2531 parte
816 2462 933 2514 detracta
957 2462 1039 2514 virtus
1066 2461 1181 2533 amplius
1205 2461 1334 2535 appellari
1354 2477 1389 2512 ne·

360 2548 445 2619 quit.“
464 2551 502 2601 W
509 2550 639 2621 yttcnb.
677 2547 745 2601 Cod.
764 2548 843 2601 Drad.
861 2553 887 2602 5.
907 2547 986 2602 babet
1003 2549 1074 2600 nibil
1098 2550 1248 2619 dariique
1272 2549 1328 2601 ubi
1348 2546 1389 2599 rir-

359 2637 428 2688 tntis
446 2656 538 2689 nomen
555 2637 765 2707 relinquitur:
793 2636 930 2701 erroribus
953 2635 1108 2700 cumulatim
1134 2640 1240 2692 ornav
1265 2638 1333 2690 nibil
1350 2635 1388 2684 de·

359 2713 460 2796 nique
475 2724 542 2776 demi
549 2746 559 2786 ,·
579 2724 658 2778 Drsd.
668 2729 694 2778 4.
709 2744 800 2778 nomen
817 2726 944 2791 virtutis3
961 2724 1040 2781 Dvsd.
1052 2728 1078 2782 3.
1098 2726 1202 2798 relinqu
1211 2736 1315 2781 antur.
1330 2722 1377 2776 Mv.

428 2812 535 2862 Etenim
553 2814 576 2864 si
594 2812 656 2864 bene
668 2813 753 2884 facto
772 2824 842 2866 recto
855 2814 942 2884 facta
959 2825 1024 2866 aunt
1035 2816 1053 2881 ,]
1078 2813 1195 2880 „llluotri
1216 2814 1335 2885 exemplo
1350 2811 1388 2864 vir·

360 2899 422 2953 tutia
437 2899 525 2952 ideam
545 2900 669 2955 declarat.
704 2901 773 2953 Nam
793 2902 925 2954 rectitudo
941 2901 1050 2972 quidem
1068 2902 1154 2955 lineae
1172 2902 1211 2954 rel
1223 2903 1331 2955 minima
1343 2918 1388 2971 pra·

360 2986 435 3040 vitate
454 2988 644 3058 corrumpitur.
680 2987 734 3041 Sed
752 2989 774 3042 si
793 2989 852 3041 vitia
872 2989 1012 3060 pravitates
1028 3001 1104 3055 sunt,
1131 3002 1159 3043 ut
1183 2991 1235 3056 alia
1264 2992 1331 3046 linea
1348 3007 1389 3040 ma·

359 3075 399 3145 gis
416 3086 460 3129 aut
480 3076 567 3129 minus
585 3095 663 3130 curva
683 3088 738 3143 est,
766 3079 802 3130 ita
821 3076 901 3130 etiam
923 3089 1062 3147 peccatum
1083 3077 1154 3131 atiud
1174 3079 1228 3131 alio
1247 3080 1329 3149 magis
1343 3094 1388 3148 pra·
1418 3086 1421 3095 '

359 3181 429 3215 vum.
466 3162 557 3217 Utitur
581 3176 675 3240 autem¹
694 3164 782 3219 Sorite
802 3164 911 3232 Stoico,
940 3167 968 3217 in
987 3185 1042 3237 quo
1061 3165 1111 3219 alia
1129 3168 1262 3221 sententia
1280 3164 1388 3220 adalim

359 3249 527 3320 probandam
544 3251 685 3305 adhibetur
702 3264 728 3306 et
747 3253 827 3305 virtus
844 3264 926 3324 atque
946 3254 1036 3308 vitium
1057 3254 1133 3322 sonti,
1151 3265 1224 3308 recte
1235 3255 1305 3309 sacta
1320 3265 1388 3307 autem

359 3348 384 3389 et
407 3349 515 3407 peccata
542 3339 627 3394 rivulo
660 3353 866 3411 comparantur,
902 3342 965 3395 inde
992 3341 1164 3414 profluenti.“
1191 3342 1225 3397 ll.
1252 3343 1387 3396 Wolf.-

359 3420 426 3477 cod.
440 3426 521 3480 Drsd.
541 3432 566 3480 4.
577 3429 611 3492 ¹ai
626 3440 721 3479 recte
739 3428 819 3495 sacto
839 3430 918 3481 bene
930 3431 1105 3501 factasunt.
1143 3431 1233 3485 Verba
1242 3443 1315 3484 ‚recte
1322 3434 1387 3503 sactu

357 3511 453 3565 omissa
471 3514 577 3567 suntin
598 3514 665 3569 Cod.
691 3515 762 3570 Gud.
782 3518 815 3572 Α.
852 3517 881 3571 ln
901 3518 952 3572 Ox.
973 3520 1039 3580 Ι.,ψ.
1065 3519 1137 3572 Gud.
1154 3519 1183 3572 Β.
1209 3532 1248 3575 est
1273 3522 1325 3574 sint
1352 3533 1387 3587 [πθ

357 3612 431 3657 aunt.
467 3601 559 3672 Pergit
578 3602 656 3655 Drsd.
677 3608 701 3658 5.
726 3614 752 3655 et
778 3606 847 3658 nibil
869 3616 942 3659 recto
968 3609 1068 3659 rectius
1091 3617 1155 3660 ert.
1201 3608 1317 3662 Additur
1340 3600 1386 3657 ittvt

358 3698 397 3737 eat
417 3687 496 3741 etiam
516 3689 543 3741 in
559 3687 644 3743 Codd.
664 3690 723 3747 Cra.
734 3696 759 3747 l.
781 3693 859 3747 Drsd.
872 3699 897 3747 1.
935 3698 1036 3750 Vocem
1054 3706 1080 3748 et
1100 3708 1160 3750 ante
1180 3697 1253 3748 nituit
1269 3696 1386 3766 (scriptun
1431 3701 1432 3728 v

358 3785 395 3827 est
413 3775 509 3844 nichil)
527 3777 624 3831 omittit
642 3777 709 3833 Cod.
730 3780 803 3835 Gud.
821 3782 854 3836 Α.
873 3794 899 3837 et
916 3783 964 3837 Ed.
983 3803 1028 3855 ap.
1047 3784 1133 3838 Meua.
1170 3784 1231 3838 Mr.
1430 3761 1432 3788 v

428 3863 497 3915 nitvit
515 3875 587 3917 recto
606 3868 704 3920 rectius
714 3870 733 3936 :]
760 3867 862 3934 „Stoici
889 3871 1060 3927 confundunt
1084 3883 1188 3925 rectum
1222 3872 1384 3944 geometricum

357 3969 419 4005 cum
438 3963 511 4005 recto
530 3955 634 4008 morali.
681 3954 785 4011 Omnes
804 3958 890 4014 lineae
909 3970 997 4015 rectae
1024 3980 1109 4033 aeque
1135 3973 1198 4014 sunt
1224 3974 1322 4015 rectaci
1345 3972 1383 4009 1¹⁰⁰

355 4040 417 4093 ideo
436 4057 529 4095 omnca
548 4061 643 4095 curvae
662 4062 746 4116 aeque
766 4066 870 4102 curvae.
917 4050 1029 4104 Rectum
1049 4050 1241 4121 geometricum
1262 4061 1299 4104 eet
1314 4049 1339 4101 in
1353 4062 1383 4097 ru·

356 4126 497 4198 perlativo,
518 4130 627 4201 eiusque
646 4131 765 4188 definitio
784 4137 973 4206 superlativum
992 4139 1126 4193 continet:
1153 4149 1226 4191 recta
1246 4138 1314 4191 enim
1335 4130 1382 4185 dici·

355 4228 399 4270 tur
416 4217 485 4270 linea
505 4237 551 4282 ea,
571 4237 640 4288 quae
659 4219 810 4278 brevissima
830 4227 1031 4280 estimandum
1051 4238 1159 4298 puncta.
1206 4226 1241 4279 Et
1259 4236 1327 4279 recto
1343 4234 1381 4273 u⁰¹¹

355 4304 503 4374 opponitur
520 4306 641 4358 universe
660 4326 788 4375 curvum,
808 4313 854 4366 sed
873 4314 1067 4368 curvissimum.
1114 4314 1151 4367 At
1170 4334 1233 4367 vero
1252 4315 1279 4367 in
1298 4305 1380 4364 morali·

356 4390 405 4441 bus
422 4391 527 4443 nonnisi
549 4391 613 4445 deus
631 4393 658 4444 in
678 4396 837 4465 superlativo
856 4413 1006 4472 spectatur:
1039 4404 1096 4456 Deo
1125 4404 1199 4457 enim
1229 4402 1317 4458 melius
1336 4413 1379 4467 ptr·

282 4540 287 4547 ·
355 4475 502 4547 sectiusquc
521 4479 632 4549 cogitari
652 4482 716 4535 nibil
744 4496 838 4555 potest.
889 4489 1053 4557 Hominum,
1086 4491 1148 4562 quia
1176 4512 1231 4544 non
1261 4501 1316 4545 sunt
1335 4500 1377 4555 pet·
