3517 5450
613 745 653 789 nn
682 741 877 789 rnnsnoxon
895 741 937 801 tv,
957 739 981 787 2.
1239 713 1310 790 351

266 918 411 979 excerptum
429 905 483 958 sive
511 901 685 974 compiiatum
711 902 774 956 dicit
794 902 865 955 Petr.
888 898 1034 970 Alcyonius
1053 901 1085 953 de
1105 900 1188 955 Exitio
1208 923 1232 973 p.
1253 906 1313 957 idi.

266 998 299 1049 ed.
318 991 461 1049 Mencken.
479 990 550 1063 Lips.
569 992 647 1043 taut.
684 989 744 1042 Mr.

683 1104 890 1119 η*-

651 1207 862 1267 EXCURSUS
886 1208 925 1266 Χ.

502 1363 578 1438 An
603 1360 946 1438 unnenoxon
971 1367 1020 1461 v,
1045 1365 1082 1439 2.
1115 1429 1118 1439 .

313 1524 433 1610 Atque
455 1534 495 1587 at
519 1524 556 1588 in
579 1544 714 1607 magna
729 1521 880 1599 familia
902 1535 985 1587 suat
1008 1524 1077 1588 alii
1096 1525 1265 1591 lautiores

265 1639 302 1690 nt
327 1625 398 1691 sibi
420 1625 596 1703 videntur,
618 1623 730 1704 serui,
754 1623 814 1686 sed
838 1633 954 1687 tamen
978 1627 1091 1690 servi:
1114 1627 1164 1691 sic
1186 1627 1215 1690 ii
1229 1629 1316 1714 pari

266 1727 426 1791 stultitia
448 1731 559 1805 jactat,
594 1747 676 1811 quos
708 1724 832 1810 signa,
864 1747 948 1809 qaas
973 1725 1133 1800 tabulae,
1169 1752 1253 1814 quoa
1278 1767 1315 1775 —

371 1824 539 1914 aedificia
560 1823 754 1914 magnifica
778 1824 887 1888 nimio
908 1847 1008 1912 opere
1030 1825 1217 1892 delectarit.

335 1971 383 2026 sic
401 1970 486 2035 edidi,
514 1986 678 2042 quamquam
712 1966 781 2020 hanc
807 1986 862 2021 esse
889 1966 1029 2023 Ciceronis
1052 1988 1161 2023 manum
1188 1983 1321 2043 praestare

266 2081 319 2114 non
338 2060 434 2114 ausim.
471 2056 524 2111 sed
542 2057 570 2108 in
588 2066 660 2109 tanta
679 2073 741 2108 eum
759 2053 891 2106 librorum
911 2066 967 2109 tum
986 2045 1322 2131 iudiciorum'disorepan-

265 2152 299 2204 tia
319 2150 346 2202 id
367 2148 417 2201 suit
435 2145 606 2217 eligendum,
625 2143 697 2215 quod
717 2162 772 2197 non
791 2144 937 2197 sententiae
956 2155 1075 2211 tantum,
1101 2145 1145 2198 sed
1165 2147 1244 2200 etiam
1264 2168 1321 2201 ser·

267 2238 340 2290 moni
360 2233 499 2289 Ciceronis
517 2232 578 2287 satis
598 2233 740 2285 convenire
759 2231 900 2284 videretur.
939 2233 996 2303 Age
1016 2252 1095 2300 vero,
1121 2235 1259 2289 audiamus
1284 2238 1322 2289 vi-

267 2345 311 2377 ros
329 2324 438 2378 criticos
456 2333 482 2375 et
499 2322 658 2391 interpretes
676 2321 763 2392 ipsos,
791 2339 852 2373 cum
878 2321 906 2373 in
933 2321 983 2375 hac
1008 2321 1124 2376 editione
1147 2324 1219 2377 idem
1246 2327 1322 2380 nobis

267 2416 299 2467 sit
317 2413 498 2486 propositum,
518 2410 590 2482 quod
609 2410 636 2461 in
656 2408 771 2461 editione
789 2407 1012 2462 Tusculanarum.
1048 2409 1127 2477 Quae
1145 2412 1165 2464 si
1184 2414 1244 2484 quis
1257 2433 1324 2467 con·

268 2501 394 2554 tractiora
413 2500 474 2554 vetit
492 2517 564 2564 esse,
582 2496 647 2551 sciat
665 2516 708 2549 me
727 2496 842 2550 noluisse
860 2498 921 2550 viris
939 2498 1036 2553 criticis
1061 2518 1118 2552 mea
1143 2500 1222 2553 verba
1241 2502 1324 2555 subii·

269 2609 346 2656 cere,
366 2608 400 2642 ne
418 2588 488 2641 sorte
506 2588 550 2641 cui
568 2586 638 2639 atiud
659 2585 751 2639 dixisse
767 2586 918 2650 videantur,
944 2605 1025 2658 quam
1052 2607 1081 2640 re
1110 2606 1169 2641 vera
1194 2588 1323 2643 dixerunt.

268 2678 376 2732 Primus
394 2677 476 2749 igitur
495 2675 615 2748 prodeat.

349 2765 548 2829 Victorius,
576 2766 622 2837 qui
652 2781 714 2816 curn
745 2763 773 2816 in
802 2762 878 2818 editis
906 2765 1057 2834 reperisset:
1089 2766 1326 2819 Serri'otrienses

269 2880 302 2913 nc
329 2870 361 2910 tu
387 2858 451 2925 pori
481 2854 619 2917 stultitia,
649 2851 715 2906 haec
747 2853 895 2907 adnotavit:
929 2855 1040 2920 „Vetus
1064 2853 1156 2908 tectio:
1186 2858 1327 2908 Atrienses

270 2967 304 2999 aa
328 2945 438 3015 topiarii
464 2943 603 2995 stultitias
630 2952 711 3006 tuoe,
750 2962 831 3014 quam
859 2953 885 2995 et
911 2942 1000 3014 recepi
1026 2954 1052 2996 et
1076 2942 1208 2996 sinceram
1231 2943 1329 2997 iudico.

270 3033 341 3087 Nihil
366 3042 455 3086 autern
482 3029 586 3101 vulgata
612 3030 664 3083 dici
688 3041 773 3101 potest
791 3030 967 3102 depravatius,
1010 3029 1155 3084 Multitudo
1182 3051 1329 3095 servorum,

272 3140 354 3194 quam
372 3120 476 3190 antiqui
496 3118 683 3190 possidebant„
702 3118 855 3173 facultatem
875 3120 928 3174 iilis
946 3120 1040 3186 dabat,
1067 3132 1095 3175 ut
1114 3121 1260 3193 unicuique
1287 3122 1331 3173 ot-

274 3210 337 3265 tieio
356 3221 382 3263 et
399 3208 547 3262 ministerio
565 3227 628 3260 suos
646 3218 672 3260 et
691 3207 839 3279 pecuiiares
856 3228 946 3261 servos
965 3209 1143 3279 imponerent,
1163 3228 1262 3280 eosque
1281 3230 1329 3281 ap-

274 3298 405 3370 pellarent
421 3315 436 3348 a
455 3296 564 3366 negotio
583 3295 644 3360 iiio,
665 3295 737 3366 quod
756 3312 850 3347 eorum
869 3313 951 3349 curae
969 3296 1141 3348 commissum
1160 3306 1185 3348 et
1204 3296 1328 3350 traditum

273 3397 337 3440 erat.
385 3383 478 3452 Quare
496 3382 617 3454 opuienti
636 3382 674 3435 itti
699 3393 724 3436 et
744 3383 828 3449 beati,
858 3383 956 3455 quibus
977 3381 1099 3435 viridaria
1118 3393 1209 3449 erant,
1235 3402 1330 3447 servos,

275 3474 320 3546 qui
339 3491 423 3544 opera
442 3459 555 3542 topiaria
575 3472 709 3539 iacerent,
735 3472 875 3525 habebant.
920 3470 950 3523 ln
978 3469 1120 3523 Pandectis
1145 3470 1179 3522 de
1207 3469 1331 3525 instrum.

274 3564 312 3617 vel
331 3563 457 3615 instrum.
477 3561 527 3632 leg.
547 3561 575 3613 L.
594 3560 773 3614 instrumento
790 3559 868 3612 fundi
887 3557 911 3630 5
931 3557 1112 3611 conservandi
1119 3578 1126 3607 ,-
1146 3557 1248 3627 Qualia
1264 3569 1329 3610 sunt

276 3652 366 3715 dolia,
394 3652 457 3703 licet
482 3651 592 3721 defossa
611 3669 664 3701 non
690 3650 761 3716 sint,
787 3659 815 3700 et
834 3666 920 3718 cupae
945 3646 1105 3722 quibusdam
1129 3647 1158 3698 in
1181 3646 1332 3718 regionibus·

275 3741 410 3792 accedunt
428 3740 622 3791 instrumento:
641 3739 665 3790 si
683 3737 751 3789 vitta
770 3736 868 3788 cultior
886 3746 942 3799 est,
960 3735 1044 3786 etiam
1065 3734 1209 3800 atrienses,
1235 3752 1331 3803 scopu-

275 3832 323 3883 rit:
352 3830 377 3881 si
405 3829 488 3880 etiam
515 3827 661 3892 viridaria,
688 3826 813 3896 topiarii:
840 3826 865 3877 si
885 3824 1010 3896 fundus,
1035 3824 1126 3875 saltur
1141 3822 1332 3895 portionesque

276 3916 374 3980 habet,
391 3933 486 3986 greges
502 3932 641 3984 pecorum,
658 3923 796 3982 pastores,
819 3912 959 3966 saltatorii.
1008 3911 1105 3978 [Locus
1124 3922 1163 3965 est
1182 3909 1284 3982 Digest.
1302 3911 1331 3963 L.

274 4004 394 4070 ΧΧΧΙΙΙ,
413 4001 465 4055 Tit.
476 4002 532 4066 VH,
548 4002 586 4069 8.]
625 4000 721 4055 Cicero
739 4004 819 4055 etiam
838 4000 895 4053 Lib.
915 3999 957 4051 tlt.
975 3998 1008 4051 ad
1027 3998 1062 4067 Q.
1081 3999 1202 4053 Fratrem
1220 3998 1331 4051 eandem

273 4092 346 4145 hano
365 4108 422 4142 rem
441 4089 612 4161 significavit,
639 4091 758 4162 quamvis
787 4108 842 4142 non
872 4099 925 4141 tam
945 4098 1051 4158 aperte3
1074 4088 1163 4160 inquit
1189 4087 1273 4140 enirn:
1302 4097 1333 4136 ut

275 4179 391 4249 denique
410 4178 453 4227 itti
466 4177 582 4246 palliati
598 4178 744 4247 topiariam
757 4177 854 4248 facere
865 4176 1027 4241 videantur,
1044 4185 1071 4227 et
1090 4177 1198 4228 ederam
1215 4175 1335 4227 rendere.

274 4266 336 4334 [Est
355 4265 404 4335 Ep.
424 4266 460 4331 1.]
499 4264 552 4317 Nisi
572 4264 663 4331 fallor,
684 4264 746 4318 huic
765 4264 825 4318 loeo
846 4263 947 4316 reddita
967 4282 1013 4315 sua
1033 4263 1170 4333 integritas
1188 4271 1240 4315 est:
1266 4278 1335 4331 quae

273 4365 367 4408 autern
388 4354 462 4424 prins
480 4363 537 4406 erat
554 4350 650 4419 lectio,
676 4365 700 4408 et
720 4353 783 4407 salsa
802 4363 828 4405 et
846 4351 921 4404 rudis
938 4351 1085 4404 admodum
1104 4359 1174 4415 erat,
1204 4346 1334 4400 sententia

274 4453 396 4495 nuncet
415 4438 494 4511 pians
515 4439 692 4511 eteiegans.“
736 4442 794 4509 [Est
811 4452 899 4494 autem
924 4440 951 4493 in
972 4438 1021 4492 Ed.
1041 4438 1108 4490 nob.
1127 4434 1237 4507 steph„
1266 4454 1335 4507 quae

270 4529 303 4581 in
322 4526 458 4598 pierisque
478 4527 581 4581 exhibet
599 4539 696 4582 textum
722 4529 924 4592 Victorianurn,
952 4528 986 4579 ita
1005 4526 1105 4578 editum
1122 4534 1147 4578 et
1166 4524 1334 4578 distinctum:
