3517 5450
376 727 448 802 180
696 749 867 796 nantonis
898 746 1092 797 srotconun.

373 888 458 967 solum
478 923 545 966 esset
563 911 802 974 considerandum,
823 920 967 980 praestaret
986 921 1031 967 ot,
1054 909 1143 981 quod,
1163 910 1183 962 si
1202 909 1332 981 respicias
1350 912 1417 965 rerba

370 1005 470 1072 Itaque
491 1001 589 1069 pulsus
608 1017 656 1069 ego
681 1011 746 1063 eto,
776 1017 866 1050 verum
892 1017 947 1050 esse
974 998 1137 1052 existimabat
1161 996 1281 1063 Gernlt.,
1312 999 1417 1068 probare

370 1090 448 1143 etiam
468 1089 571 1141 videtur
588 1087 751 1151 l'reundius,
770 1106 832 1140 cum
851 1088 878 1139 in
899 1086 994 1140 Lexico
1014 1086 1102 1140 laudet
1121 1086 1213 1139 locum
1234 1097 1358 1139 nostrum
1374 1107 1393 1139 s.
1401 1106 1419 1139 r.

254 1205 264 1221 ·
370 1188 417 1235 ot,·
444 1176 586 1246 laudetque
605 1175 680 1228 locos
704 1174 802 1227 similes
827 1195 849 1226 v.
872 1193 896 1226 c.
915 1174 1019 1226 Famm.
1037 1178 1063 1238 ἵ,
1083 1178 1130 1228 24:
1159 1177 1208 1227 At
1236 1175 1332 1240 vide,
1361 1174 1417 1246 qnid

370 1273 524 1318 succensent
533 1284 542 1323 ,·
563 1281 612 1333 pro
634 1263 714 1315 Dom.
731 1267 780 1317 44:
800 1273 836 1313 ot
855 1263 975 1313 videte
995 1262 1108 1314 bominis
1125 1261 1322 1314 intolerabilem
1336 1261 1416 1311 ondo-

370 1353 437 1404 ciem
445 1372 455 1412 ,-
486 1350 567 1422 Borg.
585 1361 691 1416 autem,
710 1361 740 1403 ut
757 1350 960 1404 commendaret
987 1369 1021 1400 oc
1039 1350 1105 1403 locis
1128 1349 1278 1415 similibus,
1306 1348 1416 1402 excitarit

369 1440 457 1493 Divin.
476 1440 503 1492 in
522 1437 622 1491 eaecit.
642 1441 685 1504 ll,
705 1441 764 1492 35.:
797 1440 846 1490 Ac
871 1438 966 1503 vide,
995 1447 1128 1508 quantum
1150 1436 1354 1506 interfuturum
1377 1437 1415 1500 eit,

368 1529 403 1580 ib.
424 1530 469 1593 19,
488 1531 535 1580 ut:
553 1528 601 1578 Ac
621 1527 715 1589 vide,
735 1526 801 1596 qnid
814 1525 927 1594 defleret
941 1526 1013 1576 inter
1027 1542 1111 1575 meam
1128 1525 1278 1593 opinionem
1295 1535 1324 1575 et
1335 1535 1414 1574 tuan:

370 1633 535 1688 quamquam
555 1625 669 1684 utroque
688 1614 749 1667 loco
768 1624 837 1679 sunt,
857 1613 904 1684 qui
923 1633 952 1664 ex
972 1611 1057 1666 Codd.
1076 1612 1166 1684 legant
1184 1623 1233 1662 ot:
1253 1623 1357 1678 contra,
1374 1610 1413 1662 ubi

369 1721 443 1755 nunc
461 1702 559 1772 legitur
577 1713 607 1752 nt
626 1703 663 1770 (c.
684 1704 726 1765 15,
745 1705 790 1756 48.
809 1701 836 1753 in
856 1701 949 1753 eadem
967 1700 1115 1767 oratione):
1144 1702 1174 1752 A
1180 1711 1193 1751 t
1216 1719 1249 1752 ne
1267 1701 1292 1752 is
1319 1699 1412 1771 quiden

368 1800 477 1840 tontum
496 1790 634 1839 contendet
642 1818 685 1854 -,
704 1799 765 1840 sunt
784 1788 830 1860 qni
849 1788 989 1841 exhibeant
1007 1807 1052 1842 ac.
1091 1789 1194 1842 Pendet
1213 1801 1304 1841 nutem
1324 1789 1350 1840 in
1368 1798 1410 1839 tam

369 1877 503 1947 frequenti
522 1875 659 1929 literarum
679 1895 693 1926 c
711 1887 737 1928 et
757 1887 785 1941 t,
806 1876 960 1946 praesertim
981 1876 1008 1927 in
1027 1876 1067 1929 his
1085 1877 1201 1942 voculis,
1224 1876 1410 1948 permutatione

367 1976 421 2017 tote
440 1983 482 2017 res
500 1983 514 2016 a
533 1965 661 2017 sententie
684 1964 747 2016 loci:
770 1983 884 2034 eamque
903 1963 946 2017 hic
964 1965 1101 2036 requirere
1119 1984 1153 2016 oc
1177 1965 1255 2019 lncile
1282 1963 1408 2026 concedes,

368 2071 422 2102 non
442 2051 543 2121 opponi
562 2050 586 2102 h.
607 2051 623 2103 l.
642 2051 742 2122 aliquid
762 2051 912 2119 prioribus,
938 2071 1026 2122 neque
1044 2051 1110 2123 fingi
1135 2053 1254 2124 aliquam
1274 2051 1408 2124 oppositio·

366 2157 429 2190 nem
454 2139 487 2190 ab
517 2138 569 2191 alio
593 2138 737 2209 prolatam,
764 2139 807 2190 sed
826 2138 878 2192 dici
904 2138 1018 2210 aliquid,
1049 2159 1104 2211 quo
1129 2151 1295 2210 augeantur,
1322 2136 1406 2192 confir-

367 2237 527 2296 menturque
546 2245 590 2290 ea,
615 2245 683 2295 quae
702 2227 776 2297 prius
794 2227 846 2279 iam
874 2227 935 2279 satis
956 2229 1053 2280 acriter
1076 2228 1227 2299 acerbeque
1253 2228 1406 2296 suntdispu·

367 2324 429 2368 tata.
467 2313 527 2366 Mr.

438 2403 493 2452 ista
513 2403 556 2452 tni
582 2401 719 2452 latrocinii
744 2403 811 2470 telo]
838 2403 1041 2468 „Latrocininm
1066 2414 1105 2456 est
1132 2402 1229 2457 cohors
1256 2400 1404 2455 latronum.“

367 2488 466 2558 Borg.
503 2489 591 2540 Verba
611 2490 654 2540 tui
673 2489 810 2540 latrocinii
829 2490 924 2543 desunt
942 2492 970 2542 in
990 2489 1059 2544 Cod.
1079 2494 1136 2544 Cra.
1154 2495 1181 2545 3.
1224 2491 1356 2544 Scribitur
1369 2489 1402 2539 ta-

365 2577 471 2626 trooinii
489 2577 533 2627 tui
553 2576 581 2628 in
601 2576 686 2630 Codd.
706 2577 785 2630 Drsd.
804 2582 830 2630 1.
849 2582 873 2633 3.
893 2584 935 2643 4.;
954 2580 981 2631 in
1001 2579 1073 2632 Gud.
1085 2579 1117 2632 Α.
1136 2581 1192 2631 tela
1212 2581 1257 2632 tui
1274 2575 1401 2635 latrocinii,

364 2663 392 2714 in
412 2661 518 2715 Suerin.
536 2665 643 2715 istam
668 2665 761 2735 (supra
790 2665 835 2717 lin.
854 2667 924 2724 isto)
941 2668 984 2717 tui
1007 2669 1145 2719 latrocinii
1162 2670 1324 2723 tutelam.
1367 2665 1400 2717 tn

363 2751 442 2804 etiam
462 2754 585 2808 tutelam.
623 2753 689 2806 Cod.
709 2754 788 2806 Drsd.
806 2759 831 2807 4.
852 2766 1094 2808 contemserunt.
1132 2756 1191 2808 Mr.
1397 2821 1400 2827 .

436 2842 542 2889 lactem
560 2849 588 2889 et
606 2841 764 2891 emissam
783 2860 800 2890 a
820 2852 847 2891 te
865 2842 1003 2912 nefariam
1019 2846 1048 2894 in
1067 2861 1106 2894 me
1124 2844 1265 2912 iniuriam]
1294 2843 1348 2897 Cur
1363 2860 1399 2911 ego

365 2935 457 2984 contra
478 2925 560 2978 libros
578 2927 730 2998 scripserim
748 2929 871 2980 emissem
892 2949 941 3000 pro
960 2931 1119 2996 immissam,
1138 2933 1247 3003 exposui
1267 2934 1295 2985 in
1314 2933 1399 2985 Excur-

364 3030 394 3063 su
407 3010 492 3076 VllI.,
511 3015 557 3084 qui
577 3026 614 3068 est
632 3013 823 3085 Symbolarum
844 3028 995 3070 nostrerum
1021 3019 1053 3072 ad
1073 3021 1234 3074 Ciceronem
1263 3023 1398 3075 criticarutt

364 3099 442 3171 Spec.
461 3100 492 3152 ll.
513 3120 570 3171 cap.
591 3105 616 3155 1.
643 3104 1006 3175 p.4.(Utmae.1828.4.)
1056 3108 1114 3163 Hoc
1138 3108 1199 3162 loco
1226 3110 1341 3164 sufficiat
1362 3126 1399 3179 po·

364 3191 460 3255 suisse,
480 3208 549 3260 quae
568 3190 607 3242 vel
626 3192 659 3244 ab
678 3191 734 3244 aliis
754 3204 814 3246 sunt
833 3204 974 3259 annotata,
1002 3195 1040 3246 sel
1069 3215 1097 3248 es
1117 3197 1191 3249 libris
1209 3210 1272 3251 sunt
1289 3196 1397 3251 notanda.

361 3278 494 3343 „IactomJ
519 3277 633 3329 Illntom
661 3280 768 3349 quidam
794 3280 941 3352 legendum
973 3293 1082 3353 putant:
1115 3277 1246 3349 filiorem,
1274 3286 1329 3338 dno
1351 3282 1398 3336 rnei.

361 3368 461 3414 Lotum
480 3363 575 3420 alius.,“
594 3365 669 3423 Ald.
689 3366 774 3420 Man.
811 3368 1039 3434 „Mediolanensis
1050 3370 1131 3423 editio
1149 3370 1230 3424 babet
1242 3373 1336 3424 lotam.
1367 3369 1395 3421 tt·

361 3449 448 3501 lotnm
466 3451 577 3505 sortasse
595 3453 648 3524 legi
671 3456 760 3526 possit.
804 3456 850 3510 Est
868 3456 920 3510 boc
939 3456 1107 3523 Stoicorum,
1135 3460 1181 3531 qui
1210 3462 1327 3515 creduut
1348 3455 1396 3512 nilil

360 3537 471 3608 sapienti
491 3557 597 3607 nocere,
619 3562 651 3594 ne
671 3544 807 3597 fortunam
822 3545 940 3617 quidem,
963 3549 1067 3618 posse.“
1088 3548 1181 3618 Xyst.
1200 3547 1312 3603 Betul.
1346 3545 1396 3601 cot.

361 3623 431 3677 Gud.
451 3627 483 3679 A.
503 3628 651 3695 iactatam,
671 3630 720 3683 Ox.
740 3631 769 3683 E.
788 3634 982 3704 iactatumque.
1020 3633 1091 3687 Gud.
1112 3634 1144 3688 Α.
1162 3636 1192 3687 in
1210 3655 1252 3687 me
1270 3637 1395 3707 neserinn.

361 3710 449 3774 Οκ.ψ.
469 3727 528 3784 post
546 3716 682 3786 nefariam
700 3719 787 3790 pergit
805 3738 864 3771 cum
880 3721 1000 3789 parietes
1017 3722 1202 3775 deturbabas.
1240 3721 1394 3777 Cod.le·

358 3794 453 3863 ltabet‚
471 3799 532 3853 loco
556 3804 627 3855 verbi
651 3806 811 3873 immisseth
837 3808 1041 3879 compendium,
1071 3810 1143 3881 quod
1171 3810 1224 3883 legi
1253 3813 1334 3883 possit
1357 3826 1394 3861 nott

358 3885 482 3948 missam,¹
502 3887 608 3943 Snerin.
628 3893 734 3944 adme
752 3895 892 3948 iniuriam.
937 3900 996 3950 Cra.
1015 3902 1040 3950 2.
1071 3897 1200 3950 iniuriam
1225 3900 1255 3952 in
1272 3919 1311 3951 me
1328 3899 1393 3970 neso-

357 3973 444 4033 riom;
461 3974 541 4029 Drsd.
557 3981 582 4030 1.
600 3998 700 4048 semper
716 4000 802 4049 pron
821 4004 866 4035 me
883 3984 965 4049 duxi,
986 3985 1094 4038 Suerin.
1112 3985 1178 4038 On.
1197 3986 1230 4040 E.
1249 4008 1275 4056 η.
1287 3991 1392 4048 ossem-

310 4059 312 4064 ⁴
354 4079 403 4128 per
421 4073 506 4114 ante
525 4084 570 4115 me
589 4067 670 4131 duxi,
693 4067 744 4123 Ox.
764 4070 795 4124 N.
816 4092 918 4143 semper
942 4075 1033 4145 quod
1049 4084 1132 4125 ante
1158 4074 1254 4136 dixi3
1279 4073 1390 4133 Dant:

356 4167 455 4218 semper
474 4151 622 4204 duxisti.
658 4154 729 4212 Gud.
750 4160 782 4211 A.
810 4173 875 4212 onte
894 4180 934 4212 me
954 4162 1021 4213 duxi
1038 4162 1098 4232 (sed
1117 4162 1216 4215 omisso
1236 4168 1390 4232 semper).-

357 4232 402 4289 Est
420 4235 486 4291 haec
504 4242 632 4294 sententie
652 4262 681 4295 er
706 4244 759 4297 alio
778 4240 919 4302 Paradoro'
936 4249 1089 4303 Stoicorum
1117 4251 1211 4304 ductas
1238 4241 1389 4312 δσοφὸς011

354 4318 496 4390 ἀδικεῖται,
514 4325 530 4377 i.
550 4346 573 4379 e.
592 4330 696 4398 sapiens
715 4332 811 4387 iniuria
832 4355 887 4389 non
907 4337 1036 4391 allicitur:
1064 4357 1126 4390 nam
1146 4338 1207 4410 quis
1232 4358 1293 4391 eum
1310 4331 1387 4391 iniuria

356 4406 453 4462 atficiat
470 4412 519 4465 nisi
540 4414 678 4486 improbi?
711 4422 783 4490 atqui
810 4424 838 4475 in
867 4424 963 4478 borum
990 4437 1117 4497 potestate
1144 4426 1250 4498 sapiens
1280 4445 1331 4478 non
1352 4430 1384 4473 etl·

278 4534 283 4543 .
354 4492 422 4548 Nam
442 4501 545 4569 sapiens
566 4516 603 4557 est
622 4506 677 4575 ipse
703 4508 758 4560 eius
776 4512 896 4579 animus,
924 4533 978 4567 non
999 4533 1099 4585 corpus
1118 4524 1200 4584 atque
1218 4533 1259 4566 res
1279 4523 1383 4565 externe.
