3517 5450
393 707 465 778 114
714 728 885 774 rnnnnom
914 726 1108 774 srorconuu.

391 897 449 988 est)
477 916 561 981 quae
589 918 631 964 ex
659 916 700 962 eo
717 901 852 979 peccata
876 901 1064 975 nascuntur,
1092 897 1245 977 aequalia
1260 898 1324 961 sint
1341 916 1420 981 opor

392 1042 446 1101 tet.
500 1035 599 1113 Quod
626 1036 653 1098 si
681 1034 816 1097 virtutes
844 1050 940 1112 pares
967 1038 1042 1095 sunt
1069 1033 1154 1096 inter
1179 1050 1226 1110 se,
1255 1033 1349 1113 paria
1371 1051 1420 1097 ess·

393 1173 489 1236 etiam
527 1172 606 1235 vitia
630 1185 765 1234 necesse
803 1172 860 1230 est.
928 1168 1026 1247 Atqui
1061 1185 1157 1249 pares
1194 1186 1266 1232 esse
1300 1169 1420 1234 virtuter

391 1325 453 1372 nec
480 1310 569 1372 bono
595 1307 667 1370 viro
702 1304 893 1380 meliorem,
932 1322 993 1367 nec
1018 1309 1222 1385 temperante
1258 1309 1420 1384 temperan

391 1447 525 1522 liorem,
552 1462 614 1508 nec
640 1441 717 1506 forti
742 1441 924 1518 fortiorem,
950 1459 1011 1503 nec
1036 1441 1184 1521 sapiente
1211 1440 1420 1520 sapientiorer

390 1601 487 1665 posse
514 1581 603 1656 fieri,
637 1579 790 1644 facillime
817 1583 924 1660 polest
954 1577 1104 1659 perspici.
1157 1582 1208 1640 An
1241 1575 1349 1638 virum
1382 1575 1420 1636 lro

393 1734 471 1780 num
498 1715 602 1791 dices,
643 1716 698 1795 qui
721 1714 908 1794 depositum
934 1715 1026 1777 nullo
1053 1717 1154 1790 teste,
1192 1730 1294 1792 quum
1323 1713 1420 1775 lucrar

392 1853 525 1932 impune
552 1853 662 1930 posset
687 1850 757 1912 auri
785 1847 898 1930 pondo
926 1847 1058 1925 decem,
1082 1847 1277 1926 reddiderit,
1305 1850 1331 1912 si
1358 1847 1420 1910 ider

391 1991 424 2052 in
453 1988 567 2051 decem
594 1987 738 2050 millibus
765 1986 876 2066 pondo
905 2004 972 2052 non
996 1982 1104 2072 [idem]
1128 1986 1264 2049 fecerit?
1293 1992 1349 2050 aut
1362 1990 1420 2050 tem

391 2129 572 2205 parantem,
594 2122 649 2204 qui
674 2140 709 2185 se
733 2122 766 2185 in
794 2122 906 2201 aliqua
932 2121 1067 2184 libidine
1095 2123 1302 2200 continuerit,
1330 2125 1363 2187 in
1382 2123 1420 2187 ali

393 2277 458 2339 qua
483 2256 656 2321 eliuderiti
710 2256 781 2321 Una
816 2257 918 2320 virtus
952 2263 1017 2336 est,
1049 2261 1257 2323 consentiens
1284 2279 1360 2325 cum
1389 2277 1420 2323 ra

392 2396 481 2459 tione
508 2397 540 2456 et
565 2397 724 2473 perpetua
754 2394 956 2467 constantim
991 2394 1071 2457 nihil
1104 2395 1181 2458 lruic
1215 2395 1293 2460 addi
1327 2401 1420 2479 potes

392 2550 458 2613 quo
483 2530 586 2611 magis
612 2530 714 2594 virtus
741 2531 796 2604 sit;
831 2531 912 2594 nihil
948 2531 1050 2609 demi,
1087 2536 1120 2594 ut
1155 2531 1287 2598 virtutis
1323 2549 1420 2597 nome

392 2668 603 2749 relinquatur.
655 2665 784 2731 Etenim
810 2667 837 2730 si
854 2667 939 2730 bene
967 2664 1053 2731 iacta
1076 2671 1164 2732 recte
1190 2667 1278 2734 iacta
1303 2673 1386 2746 suut,
1414 2689 1420 2724 ι

393 2804 473 2867 nihil
499 2807 590 2866 recto
619 2803 756 2865 rectius:
782 2807 934 2865 certene
958 2803 1049 2865 bono
1075 2803 1207 2885 quidem
1220 2808 1338 2870 melius
1353 2803 1420 2887 quir

393 2954 492 3018 quam
516 2938 655 3001 inveniri
682 2942 798 3018 potest.
851 2937 1005 3020 Sequitur
1029 2940 1145 3020 igitur,
1180 2948 1217 3005 ut
1244 2944 1345 3007 etiam
1367 2938 1420 3006 viti

393 3075 456 3137 sint
479 3074 589 3154 paria:
627 3073 788 3154 siquidem
815 3076 991 3155 pravitates
1030 3076 1132 3140 animi
1172 3083 1261 3142 recte
1288 3078 1365 3141 vitia
1387 3072 1420 3135 di·

393 3213 519 3273 cuntur.
587 3211 685 3291 Atqui
722 3211 879 3290 quoniam
912 3221 1016 3292 pares'
1046 3212 1179 3277 virtutes
1217 3219 1312 3293 sunt,
1356 3214 1420 3276 recte

394 3344 496 3424 iacta,
525 3345 682 3426 quoniam
710 3365 729 3410 a
756 3348 928 3412 virtutibus
955 3349 1224 3430 proficiscuntur,
1251 3350 1344 3431 paria
1368 3359 1419 3411 esst

392 3479 530 3546 debent:
557 3482 702 3563 itemque
728 3489 880 3562 peccata,
914 3485 1071 3564 quoniam
1101 3502 1144 3548 en
1179 3486 1266 3549 vitiis
1301 3484 1416 3553 mamni

355 3634 378 3677 u
394 3617 457 3680 sint
489 3618 642 3697 aequalia
676 3636 810 3681 necesse
847 3623 904 3682 est.
967 3615 1008 3685 A
1033 3613 1287 3709 philosophis,
1329 3616 1415 3701 nquit

394 3748 466 3814 ista
492 3749 617 3816 sumis.
669 3753 869 3833 Metuebam,
896 3773 938 3818 ne
957 3773 976 3818 a
997 3756 1170 3819 lenonibus
1187 3756 1323 3822 diceres.
1368 3748 1418 3814 St

394 3893 516 3951 crates
543 3882 759 3974 disputabat
783 3889 853 3956 isto
882 3888 1000 3955 modo.
1053 3892 1141 3956 Bene
1161 3894 1296 3960 hercule
1311 3876 1419 3957 narrat*-

393 4037 470 4085 nam
496 4020 593 4084 istum
621 4024 753 4089 doctum
780 4033 813 4091 et
838 4027 1019 4108 sapientem
1046 4029 1153 4092 virum
1186 4030 1287 4093 luisse
1313 4034 1420 4092 ment·

393 4158 462 4221 riae
490 4158 647 4223 traditum
674 4167 731 4226 est.
793 4164 856 4228 Sed
883 4170 992 4228 tamen
1020 4183 1145 4246 quaero
1167 4184 1211 4229 ex
1246 4171 1277 4230 te
1300 4153 1420 4251 (quanto

390 4296 497 4359 verbis
523 4297 608 4360 inter
636 4316 696 4362 uos
724 4302 971 4378 contendimus,
1008 4318 1076 4365 non
1102 4297 1230 4390 pugnis)
1266 4303 1364 4364 unum
1382 4285 1420 4347 ἀί

389 4429 485 4493 bonis
511 4438 560 4495 est
586 4437 812 4514 quaerendum
840 4440 920 4520 quid
945 4437 1047 4501 baiuli
1075 4443 1173 4519 atque
1200 4434 1350 4518 operarii,
1378 4429 1420 4483 Ψ
