3517 5450
778 777 781 783 Ι
880 708 1041 756 Excitatus
1070 709 1104 755 V.

857 872 1068 933 EXCURSUS
1092 873 1124 931 V.

688 1029 763 1104 sn
787 1026 1129 1105 rsusuoxon
1153 1031 1224 1124 ιιι,
1251 1028 1288 1102 ι.

527 1227 609 1295 ‘'O-n
634 1230 687 1294 ἴσα
710 1224 752 1294 sci
776 1221 1005 1309 &propensiora
1028 1229 1081 1293 sul
1103 1220 1145 1291 ssi
1167 1222 1434 1309 κατορθώματα.

533 1405 610 1475 „Hoc
627 1404 795 1458 paradoxum
814 1413 853 1457 est
870 1402 1034 1456 Stoicorum.
1077 1400 1096 1453 li
1115 1403 1187 1455 enirn
1207 1411 1318 1472 peccota
1339 1402 1414 1472 poris
1432 1401 1505 1454 nisti·

461 1505 549 1563 mont,
578 1504 607 1547 ut
633 1491 799 1565 Chrysippus
825 1491 861 1545 sit
886 1491 915 1543 in
941 1500 1038 1562 quarto
1063 1487 1468 1556 Naturaliquusestionum,
1484 1500 1505 1542 et

462 1584 599 1647 Persaeus,
618 1591 644 1634 et
660 1581 744 1633 Zeno.
780 1579 848 1634 Nam
867 1579 890 1632 si
909 1597 1000 1631 rerum
1019 1597 1082 1631 vero
1101 1576 1186 1630 maius
1202 1596 1260 1630 non
1279 1587 1328 1643 est,
1348 1594 1403 1630 nec
1421 1577 1504 1630 salsum

461 1669 527 1722 salso
548 1668 632 1721 maius
651 1669 712 1721 erit:
731 1668 765 1721 ito
785 1686 836 1721 nec
855 1668 928 1720 fraus
945 1665 1048 1733 fraude,
1064 1684 1117 1720 nec
1135 1675 1246 1737 peccato
1264 1677 1418 1736 peccaturo.
1444 1665 1505 1717 Nom

461 1767 487 1809 et
506 1757 551 1828 qui
570 1766 678 1808 centurn
697 1754 780 1808 stadia
799 1755 873 1809 obest
890 1775 904 1808 s
924 1752 1052 1827 Canopo,
1073 1765 1099 1807 at
1117 1755 1166 1826 qui
1181 1771 1285 1820 unum,
1305 1773 1394 1824 aeque
1415 1753 1440 1806 in
1458 1751 1505 1806 Co-

460 1864 533 1915 nopo
552 1862 606 1897 non
626 1852 694 1896 sunt.
729 1841 822 1914 ltaque
840 1852 866 1896 et
884 1841 931 1914 qui
950 1842 1039 1895 minus
1057 1851 1163 1912 peccat,
1191 1841 1284 1912 etqui
1306 1840 1439 1911 emplius,
1466 1859 1505 1892 oe-

459 1950 510 2004 que
529 1931 557 1983 in
577 1941 650 1984 recto
669 1949 752 2001 opere
770 1948 827 1983 non
845 1941 916 1984 sunt.
963 1929 1081 1983 Auctore
1100 1927 1232 1984 Cicerone
1258 1927 1334 1993 tihro,
1353 1928 1387 1982 de
1403 1929 1505 1981 finibus

459 2030 555 2092 quarto
574 2018 633 2086 [at]
652 2008 742 2070 Stoici
753 2027 867 2087 peccota
884 2019 965 2087 poriu
980 2016 1141 2087 probantes,
1168 2026 1278 2089 negant.
1298 2018 1414 2070 bonerto
1438 2019 1504 2088 quic-

434 2125 540 2180 ·quam
557 2107 711 2173 honestius,
737 2116 821 2178 atque
840 2107 916 2176 turpi
939 2106 1056 2176 turpius.
1105 2109 1157 2171 Ut,
1179 2106 1327 2178 inquiunt,
1355 2108 1386 2160 in
1408 2106 1504 2176 fidibus

456 2188 597 2265 plurimis,
615 2196 640 2246 si
656 2194 735 2246 nullo
752 2212 845 2246 eurum
869 2194 913 2245 ito
930 2191 1057 2246 contento
1079 2194 1196 2247 numeris
1220 2194 1275 2259 sit,
1305 2203 1340 2246 ut
1359 2206 1504 2247 concentum

458 2302 565 2336 servare
582 2283 682 2352 possit,
706 2302 796 2335 omnes
819 2301 905 2354 aeque
929 2283 1099 2333 incontentae
1125 2282 1199 2343 sint;
1229 2284 1270 2334 sic
1291 2295 1426 2353 peccota,
1449 2284 1505 2356 quio

457 2371 624 2440 discrepant,
646 2389 730 2442 aeque
749 2371 917 2441 discrepant,
933 2371 1016 2440 paria
1033 2380 1099 2422 sunt
1115 2371 1211 2442 igitur.
1248 2371 1387 2444 itemque,
1408 2373 1443 2441 [c.
1454 2373 1504 2438 28:]

457 2459 603 2528 Quoniam,
629 2458 772 2530 inquiunt,
795 2476 870 2510 omne
886 2467 1029 2526 peccatum
1051 2455 1245 2510 imbecillitatis
1264 2469 1293 2510 et
1311 2460 1505 2512 inconstantiae

455 2557 510 2612 est,
544 2547 610 2598 boec
633 2556 724 2598 autem
744 2545 814 2598 vitio
831 2547 859 2598 in
879 2545 999 2599 omnibus
1017 2545 1113 2598 stultis
1131 2565 1216 2619 oeque
1234 2557 1438 2618 magnasunt,
1464 2564 1504 2598 ne-

456 2655 527 2688 cesse
544 2646 585 2688 est
603 2654 660 2688 esse
676 2644 798 2705 peccatu
806 2634 900 2704 paria.
948 2633 1051 2687 Eodem
1077 2644 1186 2687 auctore
1210 2634 1307 2688 eodem
1336 2634 1410 2688 libro
1428 2634 1503 2702 [nb]

455 2723 539 2776 Stoici
556 2742 614 2785 eos,
633 2723 680 2795 qui
698 2732 802 2775 naturo
820 2722 997 2795 doctrinaque
1015 2722 1092 2794 longe
1111 2722 1149 2774 ad
1165 2723 1295 2775 uirtutem
1311 2724 1505 2793 processissent,

456 2811 509 2861 nisi
526 2827 585 2861 eam
601 2810 682 2879 plane
701 2811 844 2863 consecuti·
859 2820 962 2874 essent,
989 2828 1089 2862 summe
1113 2828 1169 2863 esse
1193 2811 1303 2863 miseros
1331 2812 1444 2878 dicunt,
1466 2828 1504 2863 nec

453 2899 524 2950 inter
541 2917 632 2951 eorum
649 2898 735 2950 citum
752 2908 836 2970 atque
853 2897 1106 2968 improbissimorum
1131 2898 1275 2969 quicquam
1294 2900 1406 2952 omnino
1430 2899 1504 2950 inter·

454 2987 693 3052 esse1utPla'to,
723 2996 821 3039 tantus
838 2985 885 3037 ille
899 2986 955 3051 vir,
982 2987 1006 3037 si
1023 2986 1130 3055 sopiens
1149 3006 1201 3038 non
1215 2986 1324 3057 fuerit,
1354 2990 1442 3041 nihilo
1457 3006 1504 3039 me-

455 3073 523 3137 lius,
542 3092 624 3144 quam
642 3076 732 3146 quivis
749 3072 975 3143 improbissimus,
993 3090 1041 3124 nec
1059 3070 1164 3125 beatius
1183 3073 1290 3126 vixerit.
1336 3074 1414 3129 idem
1428 3074 1501 3129 Stoici

454 3158 562 3226 dicunt,
590 3171 619 3214 ut
647 3170 687 3214 est
711 3161 782 3232 apud
810 3160 926 3214 eundern
945 3181 996 3234 pro
1015 3161 1045 3215 L.
1063 3160 1191 3215 Murena:
1210 3154 1324 3231 [con]
1350 3182 1407 3216 non
1424 3165 1501 3217 nunus

454 3248 605 3319 delinquere
622 3267 696 3313 eum,
723 3250 771 3321 qui
787 3250 894 3321 gallum
909 3250 1104 3322 gallinaceum,
1132 3269 1215 3322 quum
1239 3263 1310 3319 op'rss
1337 3271 1393 3305 non
1412 3252 1501 3323 fuerit,

453 3354 534 3407 quom
551 3355 626 3393 eum,
646 3337 693 3408 qui
708 3346 815 3406 patrem
832 3336 1019 3407 suffocaverit.
1061 3337 1127 3391 Item
1149 3356 1199 3409 pro
1221 3336 1340 3403 Milone,
1368 3350 1400 3392 ut
1418 3340 1450 3392 od
1466 3339 1501 3389 iu·

454 3422 521 3477 dicio
547 3442 657 3495 quoque
687 3423 739 3478 hoc
762 3424 930 3478 paradoxum
957 3424 1096 3496 pervenire
1126 3442 1285 3495 cognoscas:
1320 3429 1394 3498 [cop.
1409 3430 1437 3493 1,
1454 3425 1500 3491 st]

452 3512 514 3562 Non
532 3511 602 3568 alio,
630 3512 742 3584 inquit,
755 3512 885 3583 facinore
908 3512 978 3565 cluri
1001 3514 1133 3571 bantinus,
1163 3513 1218 3565 alio
1243 3512 1350 3566 obscuri
1369 3524 1501 3567 necantur.

451 3600 564 3651 Intersit
582 3600 654 3651 inter
670 3600 744 3652 vitae
763 3600 924 3670 dignitatem
950 3618 1111 3653 summorum
1135 3610 1219 3672 utque
1236 3601 1412 3669 infimorum:
1441 3619 1501 3654 neors

451 3688 555 3757 quidem
574 3689 656 3739 illoto
673 3707 721 3757 per
739 3688 827 3741 scelus
846 3687 939 3740 iisdem
954 3690 1046 3756 paenis
1063 3698 1200 3742 teneatur.
1246 3689 1310 3741 Nisi
1322 3688 1407 3761 sorte
1424 3690 1501 3761 magis

450 3774 502 3825 erit
517 3776 671 3843 parricida,
694 3776 719 3828 si
737 3777 798 3848 quis
816 3776 983 3829 consularem
998 3768 1120 3846 patrem,
1146 3785 1228 3848 quam
1252 3777 1277 3829 si
1303 3779 1368 3849 quis
1385 3776 1501 3830 humus

453 3863 596 3915 necaverit.
649 3863 768 3917 Platonis
794 3883 905 3937 quoque
935 3866 1009 3935 (onte
1036 3883 1117 3936 quom
1147 3874 1216 3918 secta
1244 3863 1405 3919 Stoicorum
1433 3863 1501 3931 esset)

451 3947 517 4002 baec
535 3949 585 4002 suit
601 3951 740 4017 sententio,
759 3963 788 4006 ut
806 3951 858 4007 boc
876 3953 1042 4006 Porodosum
1053 3951 1220 4007 Socraticum
1232 3951 1364 4007 rideatur.
1403 3953 1499 4008 lsenim

453 4035 522 4090 libro
541 4035 597 4089 ΧΗ.
619 4037 651 4089 de
670 4038 785 4109 Legibus
805 4039 877 4107 [Fra.
899 4039 927 4093 S.
945 4040 1038 4094 Latine
1056 4041 1113 4093 eius
1130 4038 1294 4095 sententiani
1312 4043 1437 4115 scripsit,
1461 4059 1500 4094 nos

452 4126 507 4196 ipso
527 4124 646 4179 Platonis
665 4128 742 4179 rerba
768 4126 890 4181 exhibere
916 4128 1073 4194 maluimus,
1099 4146 1168 4200 quse
1193 4140 1255 4182 sunt
1281 4149 1308 4201 p.
1329 4132 1394 4185 941.
1421 4127 1500 4201 Stepb,

453 4234 479 4285 p.
499 4217 560 4267 281.
580 4214 613 4266 Τ.
633 4213 677 4281 ill,
699 4218 724 4270 3.
744 4213 850 4283 Bett.]:
887 4214 946 4268 'Eris
962 4224 1004 4275 τίς
1030 4238 1057 4267 τι
1076 4217 1174 4286 κλέπτῃ
1192 4216 1322 4285 δημόσιον
1346 4223 1415 4285 μέγα
1433 4214 1450 4288 ἢ
1465 4219 1500 4268 sai

450 4295 571 4372 oncupio,
591 4304 639 4372 τῆς
657 4300 740 4373 αὐτῆς
759 4306 835 4373 δίκης
853 4307 902 4360 δεῖ.
950 4302 1064 4375 Σμικρὸν
1082 4325 1108 4355 τι
1125 4301 1176 4374 yrip
1196 4299 1210 4355 e‘
1230 4306 1350 4358 siturus
1373 4308 1450 4379 ipone
1464 4308 1499 4367 uit

452 4386 559 4459 ταύτῷ,
588 4390 696 4454 δυνάμει
714 4394 743 4444 δὲ
762 4392 878 4445 ἐλάττονι
897 4396 1023 4456 κέκλοφεν.
1074 4392 1225 4464 Aristippus
1248 4391 1437 4465 Cyrenaicus,
1463 4392 1497 4465 qul

457 4478 575 4532 Platonis
591 4481 708 4550 aequalis
727 4480 790 4546 tuti,
811 4481 911 4553 quique
930 4500 1064 4535 summum
1084 4481 1187 4533 bonum
1210 4483 1239 4538 in
1259 4485 1399 4556 voluptate
1418 4481 1496 4557 posuit,
