3517 5450
437 728 470 774 vl
870 726 1061 771 Praefatio·

440 890 625 975 morione,
664 914 748 976 quae
783 896 905 976 prodiit
930 895 1057 958 Patavii
1087 884 1194 958 1572.
1232 892 1349 956 deinde
1384 891 1494 952 denuo

441 1016 527 1079 edita
568 1019 617 1079 est
655 1016 696 1078 ab
733 1015 757 1079 l.
791 1015 976 1091 Meiere,
1011 1014 1157 1094 Lipsiae,
1205 1003 1297 1076 1721
1338 1004 1378 1094 (p.
1406 1001 1495 1094 25.):

440 1132 556 1212 „Quae
586 1131 791 1197 Paradoxa
826 1134 1039 1197 nominantur
1064 1150 1084 1196 a
1106 1129 1275 1207 Cicerone,
1302 1129 1382 1191 nibil
1406 1128 1495 1191 aliud

440 1260 545 1331 „sunt
573 1272 671 1334 quam
699 1271 759 1316 oen
783 1253 1034 1333 indexquidam
1054 1251 1189 1315 brevior
1211 1254 1243 1312 et
1270 1249 1364 1330 quasi
1391 1266 1495 1328 quae-

428 1373 536 1450 „dam
566 1372 732 1456 appendix
763 1369 1063 1435 Tusculanarum
1085 1364 1371 1453 Quaestionum:
1395 1384 1495 1446 quam

440 1493 728 1570 „coniunctionem
769 1495 802 1553 et
846 1490 1094 1555 similitudinem
1130 1487 1382 1553 Paradoxorum
1419 1501 1495 1548 cum

439 1612 651 1689 „Tusculanis
678 1611 838 1690 signifieat
869 1609 986 1675 Cicero
1013 1611 1046 1673 in
1073 1625 1190 1672 eorum
1215 1605 1426 1670 Praefatione
1451 1604 1495 1669 ad

439 1731 608 1810 „Brutum
629 1765 681 1776 -—
732 1731 769 1793 ln
795 1736 938 1812 utroque
965 1734 1075 1795 autem
1100 1745 1202 1808 opere
1226 1744 1324 1808 agere
1351 1726 1493 1789 Tullium

438 1849 500 1928 „de
526 1846 662 1929 perlecti
687 1848 844 1928 sapientis
873 1848 1005 1924 officio,
1041 1864 1099 1922 ea,
1135 1863 1220 1926 quae
1253 1846 1286 1908 in
1322 1845 1372 1908 his
1402 1846 1494 1909 libris

438 1967 656 2048 „disputanda
709 1972 957 2048 proponuntur,
1022 1965 1203 2029 clarissime
1250 1963 1428 2027 ostendunt
1454 1958 1494 2053 *):

438 2102 591 2164 „omnem
618 2086 800 2166 sapientem
824 2103 897 2149 esse
924 2085 1076 2161 liberum,
1101 2100 1235 2147 omnem
1260 2084 1394 2146 stultum
1421 2101 1493 2148 ser-

437 2222 553 2282 „vum,
593 2206 701 2268 solum
736 2206 920 2286 sapientem
946 2220 1018 2268 esse
1044 2203 1178 2266 divitem
1210 2206 1242 2265 et
1264 2202 1314 2264 bis
1341 2202 1493 2268 similia.“

437 2323 502 2388 Sed
521 2340 622 2403 quum
645 2325 678 2387 in
695 2326 868 2403 maiorem,
896 2343 995 2406 quam
1023 2323 1300 2400 existimaveram,
1325 2326 1494 2389 excrevis-

437 2447 486 2508 set
512 2445 635 2508 molem
661 2447 775 2509 nostra
801 2445 1063 2536 Tusculanarum
1089 2443 1201 2520 editio,
1236 2442 1313 2508 addi
1335 2460 1404 2508 non
1429 2463 1494 2525 po-

436 2564 497 2627 tuit
520 2563 574 2627 bic
599 2563 746 2641 libellus,
783 2564 839 2644 qui
873 2581 963 2628 nunc
987 2563 1103 2627 decem
1135 2562 1268 2626 demum
1295 2562 1390 2626 annis
1417 2569 1493 2644 post

436 2684 516 2749 illud
543 2684 719 2750 multarum
746 2685 933 2764 vigiliarum
968 2701 1051 2766 opns
1078 2684 1197 2765 prodit
1257 2681 1439 2748 Consilium
1464 2688 1523 2754 si.

361 2775 367 2782 .
437 2804 568 2884 quaeris
595 2804 669 2867 libri
695 2802 833 2880 edendi,
869 2804 958 2867 idem
985 2806 1052 2881 est,
1088 2804 1178 2884 quod
1201 2808 1273 2867 erat
1296 2804 1384 2867 illius
1408 2822 1493 2885 ope-

437 2924 499 2987 ris:
526 2922 615 3003 quod
641 2922 697 3002 qui
724 2923 867 3003 probent
893 2922 1021 2988 futuros
1049 2940 1122 2986 esse
1155 2923 1225 2986 scio
1252 2921 1341 2986 baud
1367 2940 1491 3003 paucos

413 3042 554 3120 ¹barum
580 3057 692 3105 rerum
718 3040 843 3105 iudices
870 3042 1028 3107 idoneos:
1056 3043 1112 3123 qui
1130 3042 1310 3123 reprobent
1323 3059 1397 3106 non
1413 3043 1493 3105 dee·

437 3164 531 3225 runt:
570 3160 766 3241 quibuscum
800 3160 835 3224 in
861 3166 1029 3225 certamen
1056 3178 1124 3224 non
1151 3162 1257 3241 magis
1284 3160 1493 3238 descendam,

389 3371 392 3376 Δ
437 3297 536 3363 quam
562 3298 638 3343 cum
664 3279 723 3357 iis,
748 3280 804 3360 qui
830 3281 996 3362 prioribus
1019 3282 1141 3345 nostris
1168 3281 1329 3345 librorum
1356 3278 1493 3345 Cicero-

437 3401 488 3465 nis
515 3400 714 3465 editionibus
748 3400 837 3465 litem
864 3406 1060 3478 moverunt,
1099 3419 1174 3465 eam
1204 3402 1328 3466 scilicet
1357 3419 1491 3466 causam

436 3521 667 3584 interserentes
695 3521 934 3600 gravissimam,
963 3521 1053 3601 quod
1080 3522 1150 3603 ipse
1174 3523 1269 3586 aliter
1283 3521 1372 3585 idem
1398 3526 1492 3585 erant

436 3640 573 3717 tacturi,
612 3656 695 3719 quos
721 3657 823 3721 penes
850 3643 960 3718 solos,
1001 3646 1037 3704 ut
1059 3642 1121 3705 sibi
1147 3641 1364 3724 persuadent,
1401 3641 1491 3703 arbi-

436 3759 533 3821 trium
558 3762 607 3831 est
633 3758 740 3821 etius
769 3762 801 3821 et
826 3777 945 3824 norma
972 3761 1139 3840 loquendi.
1201 3761 1265 3839 Qui
1292 3760 1413 3823 attente
1440 3759 1493 3822 in-

436 3876 565 3957 spicere
592 3877 714 3953 volent,
742 3897 827 3958 quae
855 3880 936 3943 mibi
964 3881 1092 3959 agenda
1111 3882 1182 3945 visa
1206 3886 1291 3958 sunt,
1318 3880 1493 3961 reperient,

437 4072 644 4082 ...ια-φ.-

506 4195 529 4262 ’)
549 4195 621 4263 Quid
642 4197 712 4248 enirn
732 4196 803 4250 aliud
824 4211 901 4264 sunl,
926 4201 974 4252 nisi
994 4202 1128 4253 l'aradora
1148 4203 1254 4267 Stoica,
1281 4220 1349 4273 quae
1371 4202 1487 4271 proban·

437 4268 524 4319 turin
546 4267 760 4322 Tusculanarum
779 4268 869 4336 libris,
890 4271 981 4324 veluti:
1008 4277 1122 4324 Mortem
1150 4274 1415 4336 benemerentem,
1442 4273 1488 4321 dc-

436 4338 516 4388 lorem
535 4358 660 4391 nonense
680 4341 795 4398 rualem,
812 4343 841 4392 in
860 4343 1006 4411 sapientem
1025 4363 1077 4396 non
1095 4345 1189 4395 cadere
1208 4344 1420 4414 aegritudinem,
1442 4362 1488 4394 va-

436 4427 495 4459 care
512 4413 659 4478 sapientem
679 4411 748 4462 omni
760 4412 842 4463 anirm‘
859 4414 1070 4481 perturbatione,
1092 4415 1207 4486 denique
1226 4415 1402 4467 virtulemad
1414 4414 1488 4465 beute

435 4480 575 4532 vivendum
594 4501 620 4533 se
640 4484 700 4551 ipsa
720 4500 775 4535 esse
795 4494 955 4554 contentam.
993 4484 1051 4536 ΜΓ.
