3517 5450
280 800 283 806 ,
356 721 406 795 24
684 741 857 790 ιιιιιιοιι
885 739 1081 788 erorconuu.
1107 751 1111 758 ·

355 903 465 959 Paullus
476 902 504 956 in
514 901 560 957 tin.
571 902 649 957 D.de
666 901 755 956 solut:
775 904 840 953 Cum
858 911 950 953 nutem
964 899 1079 952 creditor
1085 898 1185 969 pignus
1198 895 1364 949 distraheret
1381 893 1414 946 ii·

356 1011 414 1045 cere
431 992 456 1044 ei
470 991 588 1061 pretium
606 990 635 1043 in
653 999 791 1059 occeptum
807 987 918 1057 referre.
955 986 1013 1041 Cic.
1032 986 1061 1039 in
1078 988 1155 1040 Verr.
1171 985 1204 1038 de
1218 984 1349 1036 Praetura
1359 979 1414 1033 Ur·

357 1082 442 1136 bana:
469 1083 543 1149 Opus
562 1079 591 1131 in
609 1087 746 1148 acceptum
765 1076 861 1130 retulit
880 1075 1056 1148 quadriennio
1072 1084 1135 1144 post
1154 1091 1236 1146 quum
1252 1071 1322 1122 diem
1341 1071 1412 1138 operi

357 1168 472 1231 dixerat,
490 1164 709 1228 lacerantium,
725 1164 749 1216 si
768 1164 828 1234 quis
839 1163 870 1214 de
876 1163 977 1233 populo
992 1162 1141 1232 redemptor
1151 1160 1336 1213 accessisset.“
1355 1157 1414 1211 Mr-

425 1257 454 1306 in
472 1264 596 1324 apertum
614 1263 646 1305 nt
661 1252 800 1323 proferas]
837 1250 881 1305 Al.
899 1253 928 1303 in
947 1261 1087 1322 acceptum
1105 1260 1137 1302 ut
1157 1249 1281 1320 referas,
1305 1247 1414 1302 honest

357 1343 384 1395 in
405 1340 526 1396 codicem
545 1341 657 1412 accepti.
693 1340 793 1395 Face.

428 1434 463 1482 tn
479 1438 604 1499 opertum
623 1438 655 1479 ut
671 1428 823 1499 proferas,]
843 1426 993 1494 „Revocavi
1014 1426 1158 1480 lectionem
1182 1423 1252 1479 Edd.
1271 1435 1345 1493 vett,
1364 1443 1413 1497 pro

358 1536 411 1589 qua
429 1518 532 1591 primus
551 1537 581 1570 ex
599 1515 703 1588 aliquot
721 1514 801 1569 MSS.
819 1514 967 1569 Lambinus
986 1514 1069 1569 edidit
1086 1514 1115 1566 in
1135 1523 1274 1583 acceptum
1292 1523 1326 1564 ut
1344 1514 1414 1585 rese·

359 1625 419 1672 rus,
447 1625 515 1679 quae
534 1616 625 1659 tamen
644 1623 699 1657 non
718 1604 863 1676 respondet
880 1604 1068 1675 sequentibus:
1098 1622 1153 1654 non
1170 1613 1211 1656 est
1235 1602 1307 1654 enim
1330 1610 1363 1653 ut
1386 1601 1414 1652 in

359 1711 420 1745 aree
434 1695 500 1763 poni
513 1694 628 1765 possit.“
647 1691 782 1746 Schiitn.
823 1691 885 1745 Non
911 1691 1066 1745 obedientes
1091 1701 1185 1744 nactus
1212 1698 1252 1742 est
1275 1687 1414 1742 Schiiteius

359 1780 566 1848 Gernhardum,
586 1779 734 1849 Orellium,
756 1779 942 1852 Borgersiumz
969 1778 1102 1851 equibus
1117 1775 1219 1831 Gernh.
1265 1776 1321 1843 „Et
1344 1774 1414 1841 huie,

359 1869 463 1942 inquit,
481 1869 532 1940 ipsi
551 1867 697 1933 locutioni,
716 1888 768 1940 qua
783 1867 919 1940 significat
937 1886 994 1920 rem
1013 1885 1069 1920 non
1087 1865 1180 1936 magni
1196 1863 1275 1936 pretii
1291 1883 1365 1930 esse,
1390 1874 1416 1918 et

360 1958 447 2012 verbis
461 1958 532 2010 nihil
544 1957 655 2026 postulo
674 1958 758 2028 magis
776 1957 902 2012 convenit
925 1958 955 2010 in
978 1964 1119 2024 occeptum
1136 1963 1168 2006 ut
1186 1952 1303 2024 referas.
1348 1949 1415 2020 Quis

360 2044 433 2099 enim
450 2045 598 2099 modestior
616 2044 803 2117 postulaverit,
826 2056 857 2100 ut
874 2064 975 2098 munus
999 2042 1124 2096 suumin
1144 2053 1268 2113 apertum
1293 2040 1415 2112 prosera-

360 2133 423 2188 tur?
458 2132 571 2188 Accedit
594 2133 667 2205 quod
686 2133 743 2205 ipse
767 2132 825 2187 Cic.
849 2132 920 2205 51.
946 2132 1011 2186 dicit
1035 2130 1248 2192 tristaremini,
1274 2139 1415 2197 possentne

357 2222 477 2293 proferri
493 2223 523 2275 in
540 2221 632 2275 lucem.
669 2220 721 2273 Th.
739 2221 876 2275 Bentleius
894 2221 999 2274 dubitat
1015 2231 1104 2274 utram
1128 2217 1271 2273 lectionem
1290 2229 1415 2291 sequatur

361 2319 388 2363 et
407 2329 456 2380 pro
475 2319 599 2378 apertum
617 2307 687 2361 male
711 2308 822 2362 coniicit
845 2309 983 2377 apricnmr
1015 2306 1065 2361 Or.
1084 2318 1172 2360 autem
1196 2308 1225 2359 in
1240 2316 1367 2374 apertum
1384 2315 1413 2358 ut

361 2397 467 2467 reseres
485 2396 643 2462 maniiesto,
661 2396 765 2468 inquit,
785 2408 960 2468 corruptum,
991 2397 1158 2466 conjectura,
1189 2407 1218 2448 ut
1236 2394 1356 2461 videtur,
1381 2394 1413 2447 ab

261 2530 268 2543 ,
361 2483 449 2536 Herw.
469 2487 548 2540 1534.
566 2494 699 2539 mutatum
717 2495 757 2538 est
772 2486 802 2538 in
819 2496 945 2555 apertum
963 2496 996 2537 ut
1012 2485 1155 2556 proferes:
1182 2482 1274 2555 sicque
1299 2482 1412 2538 Facciol.

363 2571 403 2638 [in
421 2583 534 2645 utraque
553 2572 607 2641 ed.]
626 2584 652 2627 et
670 2571 776 2627 Schtz.“
812 2573 872 2626 Mr.

431 2663 467 2712 In
484 2670 622 2732 occeptum
641 2671 672 2713 ut
690 2662 807 2734 referas]
838 2660 942 2730 Restat,
967 2671 997 2715 ut
1013 2660 1149 2714 videamus
1166 2658 1201 2713 de
1218 2658 1295 2714 libris
1313 2659 1413 2714 nostris·

362 2747 399 2800 Ex
418 2747 484 2803 Oxx.
501 2768 571 2803 unus
587 2749 683 2817 modo,
702 2767 725 2816 σ,
744 2750 825 2803 habet
843 2762 991 2820 acceptum,
1008 2750 1106 2822 reliqui
1124 2758 1321 2820 apertumcum
1332 2748 1413 2801 Codd.

362 2835 424 2890 Bas.
439 2836 549 2908 Erlang.
569 2835 628 2891 Cro.
647 2840 672 2890 1.
691 2841 715 2890 2.
735 2837 776 2905 (hi
794 2838 865 2904 duo,
882 2837 979 2891 omisso
999 2840 1046 2906 ut)
1066 2836 1126 2890 Crx.
1143 2840 1168 2892 3.
1192 2834 1265 2888 Gud.
1285 2835 1319 2891 Α.
1339 2836 1412 2901 (item

363 2922 461 2977 omisso
479 2926 542 2992 ut),
572 2923 644 2977 Gud.
661 2927 687 2979 3.
718 2924 799 2980 Drsd.
817 2929 842 2979 2.
867 2927 945 2979 Voss.
962 2944 1048 2990 nnus3
1078 2923 1150 2977 Gud.
1164 2923 1195 2977 B.
1214 2923 1297 2977 habet
1314 2935 1411 2994 uptun,

363 3009 443 3064 Drsd.
463 3014 489 3065 1.
506 3011 535 3064 in
553 3014 850 3084 occeptumproserns,
878 3013 959 3067 Drsd.
976 3015 1003 3068 3.
1032 3023 1064 3065 ut
1092 3014 1121 3064 in
1143 3021 1284 3080 acceptum
1303 3012 1410 3082 refirorj

363 3096 443 3151 Drsd.
461 3102 488 3153 4.
504 3098 533 3151 in
550 3109 660 3169 accepto
677 3108 709 3151 ut
727 3101 847 3171 reseras,
865 3119 928 3154 cum
947 3099 1017 3156 cod.
1035 3099 1144 3153 Suerin.
1179 3099 1218 3152 Ex
1235 3100 1276 3153 his
1293 3101 1366 3155 vides
1381 3098 1409 3153 it

364 3183 409 3237 tud
425 3186 552 3256 proferas
571 3186 649 3239 etiam
667 3186 696 3239 in
715 3184 783 3240 cod.
802 3187 862 3242 MS.
880 3207 945 3242 esse.
981 3187 1035 3240 Sed
1054 3199 1093 3241 est
1110 3188 1205 3253 etiam,
1223 3199 1332 3257 praeter
1348 3188 1409 3240 ller-

364 3276 539 3345 wag.1534,
563 3273 592 3327 in
616 3273 666 3327 Ed.
690 3286 780 3329 nostra
805 3276 888 3330 Paris.
914 3296 934 3330 s.
953 3276 1079 3330 a.Paris.
1098 3274 1258 3330 1513.ΑΙά.
1277 3279 1358 3331 1548.
1380 3272 1407 3327 ll.

364 3360 451 3414 Wolf.
468 3362 588 3432 itemque
605 3361 659 3415 iam
677 3362 705 3416 in
725 3364 785 3417 Asc.
803 3367 883 3418 1511.
900 3364 1052 3430 Camerar.;
1070 3365 1100 3416 in
1117 3372 1242 3433 opertum
1259 3373 1293 3415 ut
1311 3365 1407 3435 referas

364 3448 463 3504 habent
480 3450 529 3507 Ed.
549 3469 607 3523 pre.
626 3449 675 3505 Ed.
694 3470 737 3523 ap.
760 3450 887 3519 Meusel.,
917 3452 1055 3524 Magnoli,
1082 3450 1186 3503 Manut.
1211 3448 1274 3504 ΑΗ.
1293 3454 1407 3507 totto

364 3539 444 3591 1551.
463 3549 489 3592 et
506 3549 613 3609 excepta
632 3539 703 3592 vict.
720 3550 746 3592 et
763 3538 870 3606 hamb„
890 3552 952 3593 ente
971 3540 1063 3605 Grut„
1093 3538 1212 3613 reliquae
1234 3550 1296 3593 vett.
1315 3558 1406 3593 omnes

364 3624 420 3680 Nec
437 3644 500 3677 vero
518 3624 692 3677 Manutianae
711 3625 760 3678 Ed.
779 3626 954 3681 Gernbardus
972 3628 1065 3682 tribuit
1083 3627 1206 3698 deferas,
1230 3637 1261 3681 ιιι
1285 3628 1407 3682 existima·

365 3713 411 3766 hat
429 3711 488 3778 On,
505 3712 550 3765 sed
569 3712 617 3765 uni
636 3711 730 3768 Codici
748 3715 782 3767 ab
800 3714 871 3768 Aldu
889 3716 964 3770 Man.
984 3715 1099 3770 collatos
1119 3715 1194 3768 cuius
1212 3718 1406 3770 annotationem

365 3818 445 3870 supra
465 3788 638 3853 exhibuimus.
687 3800 717 3853 ln
741 3799 852 3874 reliquis
868 3803 962 3873 (etiam
991 3815 1084 3857 nostro
1108 3802 1188 3856 Drsd.
1207 3806 1233 3857 5.
1262 3815 1290 3858 et
1309 3801 1406 3871 Duisb.)

366 3898 404 3940 est
421 3886 565 3958 scriptum,
593 3899 623 3942 ut
651 3907 702 3942 nos
727 3890 888 3948 exhibemus.
930 3892 978 3946 Est
995 3903 1084 3945 autem
1101 3892 1132 3943 in
1159 3903 1300 3961 acceptum
1316 3894 1406 3965 referto

365 3994 432 4046 opus
450 3974 521 4046 apud
541 3974 617 4029 lCtos
634 3977 750 4031 scribere
768 4000 837 4051 opus
854 3981 1004 4051 perfectum
1028 3999 1083 4034 esse
1102 3999 1132 4033 ea
1148 3979 1267 4048 ratione,
1297 4002 1350 4055 qua
1372 3980 1406 4033 lo-

365 4074 454 4118 catum
473 4073 520 4119 est.
537 4063 596 4117 llllr.
637 4064 684 4118 Est
702 4064 727 4117 b.
747 4065 764 4118 l.
782 4066 890 4138 elegans
908 4067 1064 4140 metaphora
1084 4068 1163 4122 duem
1191 4087 1220 4120 ex
1247 4069 1347 4122 tabulis
1368 4084 1406 4120 ac·

365 4152 478 4224 ceptiet
494 4152 609 4223 expensi,
623 4153 702 4207 veluti
721 4166 891 4223 mercatores,
909 4156 1112 4227 dispensatores,
1130 4167 1219 4226 patres
1235 4155 1351 4210 familias
1365 4154 1407 4207 ba·

364 4240 429 4293 bent
447 4240 550 4294 tabulas
567 4242 699 4311 pecuniae
718 4255 843 4314 acceptae
863 4255 890 4298 et
907 4245 972 4299 item
992 4243 1095 4298 tabulm
1106 4244 1222 4315 expensi.
1259 4241 1405 4313 Proutiigi·

365 4327 452 4381 turin
470 4328 567 4383 tabulis
581 4331 681 4400 excepti
699 4330 778 4383 veluti
798 4332 913 4387 maiores
928 4351 1048 4386 summas
1066 4344 1180 4403 ponunt,
1199 4332 1320 4387 minores
1336 4330 1406 4385 omit·

365 4424 441 4480 tunt,
465 4416 504 4471 sic
522 4415 618 4471 Cicero
636 4416 688 4471 hoc
707 4438 818 4489 parvum
842 4441 912 4493 opus
930 4421 1131 4475 Paradoxorum
1150 4439 1206 4473 non
1230 4420 1287 4474 vult
1314 4415 1405 4476 censeri

367 4511 493 4572 tanquam
513 4504 693 4577 melampus,
713 4508 786 4578 quod
804 4508 832 4566 in
851 4508 955 4567 tabulae
973 4510 1078 4585 accepti
1092 4508 1239 4576 referatur,
1260 4509 1333 4581 quod
1344 4507 1404 4561 iden
