3517 5450
363 716 434 790 132
696 736 865 784 rsnsnoxs
895 735 1088 785 srorcoauu.

362 908 421 953 tura
440 907 466 950 et
484 896 566 968 ipsius
585 894 673 948 delicti
693 906 801 948 eventus
828 897 941 967 spectari
960 895 1051 949 debet:
1082 897 1153 966 quod
1173 906 1212 948 est
1230 896 1321 948 sensui
1345 915 1406 949 con·

361 986 454 1050 muni,
474 983 577 1055 legibus
594 994 620 1037 et
639 983 762 1037 institutis
781 983 903 1037 omnium
932 984 1085 1038 mortalium
1105 994 1330 1038 consentaneum:
1358 1004 1403 1037 ma-

363 1072 475 1146 gnitudo
495 1071 557 1124 lurti
574 1072 661 1142 ipsum
681 1071 759 1124 etiam
780 1083 920 1143 peccatum
940 1083 1026 1144 auget.
1071 1072 1172 1124 Eadem
1192 1083 1231 1126 est
1250 1073 1331 1125 etiam
1351 1075 1404 1127 ratio

362 1160 505 1215 libidinis.“
523 1158 553 1210 ll.
571 1159 676 1213 Wolf.
721 1158 810 1213 Potest
835 1160 916 1213 videri
943 1160 994 1213 hoc
1019 1159 1139 1231 exemplo
1157 1160 1239 1214 allato
1259 1159 1355 1214 Cicero
1371 1180 1404 1219 re·

363 1249 473 1321 spesisse
492 1246 524 1299 ad
549 1246 621 1299 illam
647 1246 774 1301 Herodoti
800 1249 833 1302 de
859 1248 965 1303 Glauco
995 1248 1207 1302 Lacedaemonio
1235 1249 1403 1304 narrationem

363 1337 392 1390 L.
411 1334 455 1388 Vl.
473 1353 496 1389 c.
516 1337 559 1388 86.
580 1335 625 1387 ubi
652 1334 689 1387 rir
707 1335 816 1406 quidam
836 1335 957 1389 Milesius
987 1336 1058 1407 apud
1079 1335 1230 1403 Glaucum,
1262 1338 1310 1409 qui
1336 1337 1404 1391 iustas

365 1424 585 1497 praedicabatur,
604 1421 739 1476 dimidiam
752 1442 827 1476 suam
847 1422 998 1493 deposuisse
1016 1435 1142 1476 narratur
1151 1424 1306 1495 pecuniam.
1341 1423 1403 1477 Mor·

364 1524 411 1567 tuo
431 1511 476 1564 illo
495 1511 551 1562 riro
570 1509 674 1563 Milesio
694 1510 750 1563 eius
766 1510 812 1563 filii
832 1522 936 1564 ostensa
955 1521 1034 1577 nota,
1060 1531 1141 1582 quam
1162 1531 1177 1565 a
1195 1511 1305 1566 Glauco
1323 1530 1402 1565 eorum

364 1611 439 1670 pater
457 1609 612 1668 acceperat,
630 1597 780 1668 ‹lepositum
800 1611 953 1669 reposcunt.
990 1598 1075 1670 Negat
1086 1598 1206 1652 Glaucus
1224 1600 1400 1652 meminissese

363 1686 465 1759 accepti
484 1685 612 1756 depositi,
631 1684 676 1736 sed
701 1705 762 1738 cum
788 1685 827 1739 his
844 1685 912 1757 agit,
944 1697 973 1739 ut
996 1696 1093 1757 quarto
1120 1705 1211 1739 mense
1231 1685 1354 1751 redeant,
1378 1696 1400 1738 ut

363 1775 394 1829 iis
414 1774 563 1845 depositum
583 1772 690 1839 reddat,
708 1774 728 1825 si
748 1773 970 1827 reminisceretur.
1016 1773 1124 1827 luterim
1142 1773 1299 1844 Apollinem
1318 1792 1399 1826 consu·

364 1862 407 1926 lit,
434 1872 523 1915 utrum
549 1860 721 1913 iureiurando
753 1861 905 1933 depositum
930 1864 1123 1916 interversurus
1148 1871 1174 1914 ct
1201 1861 1229 1913 in
1255 1881 1329 1915 suam
1354 1881 1397 1913 ren

365 1969 540 2004 conversurus
557 1949 598 2002 sit.
634 1947 727 2020 Pythia
746 1949 770 2002 ei
789 1951 948 2021 respondet:
978 1949 1006 2002 in
1028 1968 1154 2021 praesens
1179 1949 1290 2020 quidem
1317 1949 1362 2002 sire
1376 1949 1396 2001 in

365 2040 442 2091 brere
461 2049 565 2108 tempus
583 2037 686 2108 expedit
704 2056 767 2089 sane
786 2037 820 2090 ita
840 2038 1013 2092 iureiurando
1033 2037 1139 2090 vincere
1157 2037 1351 2107 pecuniamque
1365 2036 1397 2086 in·

363 2136 521 2191 terrestere,
540 2125 584 2178 sed
605 2143 659 2177 non
678 2124 790 2178 cessabit
807 2144 913 2196 semper
931 2125 1018 2178 divina
1037 2124 1166 2178 vindicta:
1183 2135 1240 2178 tota
1257 2135 1302 2178 tua
1320 2125 1395 2177 domus

362 2212 489 2266 interibit.
528 2211 609 2280 Quod
629 2211 701 2264 brevi
720 2211 799 2266 etiam
818 2213 919 2266 lactum
938 2223 984 2266 est.
1018 2211 1049 2264 M
1056 2232 1077 2264 r.

435 2311 484 2350 aut
495 2310 694 2369 temperantem,
712 2301 759 2370 qui
768 2302 813 2367 -]
832 2303 1047 2370 „Tsmperotum,
1067 2300 1238 2355 duodecim.“
1258 2301 1328 2356 ΑΜ.
1344 2299 1395 2351 tta-

364 2396 433 2439 nut.
468 2385 574 2440 Habent
592 2386 670 2440 etiam
691 2397 867 2457 temperatum
885 2387 937 2442 Os.
950 2405 979 2452 ψ.
997 2389 1077 2442 Drsd.
1095 2394 1129 2454 4;
1146 2388 1197 2443 Os.
1210 2389 1242 2442 E.
1261 2409 1298 2443 nn
1316 2400 1394 2458 tapes

363 2483 422 2526 ont.
458 2473 521 2527 Post
539 2483 729 2544 temperantem
754 2476 783 2528 in
810 2475 901 2529 multis
927 2477 995 2532 Edd.
1014 2478 1134 2549 sequitur
1151 2497 1226 2530 eum:
1252 2477 1324 2549 quod
1346 2493 1392 2528 cun

363 2577 417 2612 non
437 2559 539 2632 legatur
567 2561 594 2613 in
615 2559 699 2615 Codd.
726 2562 807 2616 Bern.
829 2563 888 2618 Bas.
914 2563 1004 2618 Guell.
1023 2565 1095 2620 Gud.
1114 2565 1146 2618 Α.
1165 2565 1196 2618 Β.
1230 2565 1333 2620 Suerin.
1349 2566 1392 2615 Cn.

363 2651 387 2700 l.
405 2654 429 2702 2.
447 2646 512 2701 Otr.
533 2647 551 2700 l.
572 2648 604 2703 U.
622 2670 647 2717 η.
668 2669 691 2702 n.
712 2669 741 2713 ψ.
762 2652 841 2705 Drsd.
859 2655 952 2707 1-5.
970 2653 1037 2706 Edd.
1058 2673 1114 2724 prc.
1127 2655 1196 2707 vtes
1214 2649 1391 2708 Manut.suttr.

363 2735 434 2789 Patr.
463 2736 525 2789 Par.
542 2757 563 2790 s.
583 2736 600 2789 l.
616 2738 685 2793 Rob.
703 2738 796 2811 steph.
814 2741 874 2795 Asc.
895 2746 979 2796 tatts
1000 2743 1027 2797 in
1048 2742 1087 2796 his
1104 2743 1186 2814 igitur
1205 2744 1331 2802 omnibus
1345 2757 1392 2794 cunt

364 2843 419 2876 non
438 2821 542 2894 legatur
559 2843 635 2883 tum·
665 2845 719 2880 non
749 2830 853 2883 uncinis
878 2831 960 2883 modo
979 2832 1147 2885 co‘ercuimus
1165 2849 1259 2884 rocem
1288 2844 1392 2902 superra-

363 2930 490 2978 caneam,
520 2911 566 2965 sed
585 2912 664 2985 plane
682 2915 816 2971 eiecimus.
853 2917 884 2970 ln
904 2938 956 2972 una
975 2918 1025 2972 Ed.
1043 2918 1127 2990 Lugd.
1145 2929 1183 2971 est
1202 2938 1240 2970 an
1259 2937 1309 2989 pro
1326 2926 1374 2968 out.

433 3001 482 3072 qui
499 3019 527 3052 se
546 3030 581 3040 -
599 3003 627 3055 in
644 3004 739 3077 aliquo
757 3006 885 3075 effuderit
893 3006 920 3075 Ρ]
958 3007 1116 3062 lnsolentius
1134 3008 1236 3061 dictum
1256 3009 1292 3061 ait
1309 3002 1391 3060 (ient.

362 3106 416 3140 esse
435 3105 462 3140 se
480 3086 618 3155 effundere
636 3092 664 3143 in
686 3091 835 3161 libidinem,
854 3094 869 3147 i.
890 3115 913 3149 e.
931 3098 987 3149 sine
1006 3096 1087 3149 modo
1106 3107 1132 3149 et
1150 3093 1397 3165 rationeindulgere

361 3172 479 3239 libidini,
499 3174 634 3248 viderique
653 3178 882 3236 benedictionem
901 3184 1025 3238 Ciceroni
1043 3184 1186 3255 placuisse,
1214 3204 1285 3257 quae
1310 3198 1391 3256 prono·

361 3260 428 3315 mini
445 3281 473 3314 se
491 3265 749 3322 accommodaretur.
786 3269 920 3322 Nimirum
946 3272 1119 3326 concinnitati
1143 3271 1196 3325 laoc
1214 3272 1288 3326 dedit
1305 3269 1389 3324 Cicero·

360 3348 430 3405 Cum
445 3350 517 3403 enim
538 3347 702 3423 praemiserit
721 3376 748 3409 se
766 3388 800 3398 -
820 3360 999 3426 continuerit,
1031 3360 1180 3431 postulabat
1209 3360 1389 3430 partium-cun·

360 3438 473 3493 cionitas
491 3449 516 3492 et
536 3451 596 3510 apta
612 3442 760 3514 copulatio,
780 3457 809 3498 ut
827 3445 920 3499 eadem
939 3459 1072 3502 structura
1092 3459 1250 3520 pergeretur
1266 3468 1295 3502 se
1313 3476 1343 3489 -·
1357 3444 1389 3513 el·

354 3528 474 3599 fuderit.
524 3526 606 3595 Quod
631 3530 680 3583 nisi
700 3532 806 3598 luisset,
836 3534 1088 3589 accommodavisset
1110 3556 1136 3590 se
1163 3535 1262 3589 Cicero
1279 3536 1316 3589 -ei
1339 3529 1388 3591 uni

360 3633 414 3685 quo
433 3614 494 3667 dixit
513 3613 591 3682 alibi,
611 3636 632 3671 r.
652 3637 675 3672 c.
694 3639 744 3691 pro
765 3618 839 3673 Coel.
858 3628 883 3677 a.
900 3624 1007 3692 effusus
1025 3626 1053 3675 in
1071 3625 1224 3695 largitione,
1244 3624 1329 3678 forma
1344 3637 1387 3693 pit

359 3701 428 3766 siva,
457 3701 546 3771 qualia
571 3704 721 3761 atteruntur
740 3710 858 3781 exempla
883 3732 897 3765 a
918 3712 1070 3766 Forcellino
1098 3731 1127 3765 ex
1154 3712 1245 3778 lrivio,
1271 3709 1387 3767 Suetonio,

358 3786 461 3840 Tacito.
498 3788 587 3843 Verba
606 3794 653 3862 qui
671 3813 698 3846 se
717 3796 870 3851 exciderunt
895 3801 922 3851 in
942 3801 1009 3852 Cod.
1026 3798 1077 3853 Os.
1096 3818 1126 3860 ψ.
1152 3797 1182 3851 ln
1208 3798 1289 3853 Drsd.
1305 3803 1328 3853 4.
1343 3804 1386 3848 aute

359 3876 387 3925 in
406 3874 499 3947 aliqua
519 3876 625 3932 additur
643 3892 687 3945 et,
713 3884 801 3937 minus
826 3888 909 3951 bene,
934 3899 959 3940 et
986 3887 1112 3958 languide
1131 3887 1227 3951 etiam;
1260 3887 1288 3941 in
1307 3880 1385 3937 le·
1426 3923 1428 3972 ἐ

358 3972 448 4015 estse
466 3962 609 4031 effuderit,
629 3968 657 4020 in
676 3969 726 4023 Ox.
743 3972 775 4025 E.
795 3975 945 4044 offenderit.
992 3976 1110 4028 Verbum
1135 3973 1267 4043 effuderit
1284 3974 1385 4027 oniam
1427 3977 1428 4002 ¹

357 4060 394 4103 est
413 4050 440 4102 in
459 4051 527 4106 Cod.
546 4051 617 4108 Gud.
637 4055 667 4111 Β.
701 4058 732 4110 M
739 4079 761 4114 r.

430 4137 490 4190 Una
507 4142 597 4193 virtus
614 4154 656 4194 est
674 4149 840 4201 consentiens
868 4170 928 4202 cum
954 4153 1058 4203 ratione
1084 4163 1111 4202 st
1129 4163 1263 4221 perpetuu
1284 4158 1384 4203 canstat·

355 4226 408 4294 tia]
445 4226 518 4280 libri
540 4239 593 4282 tam
612 4250 694 4285 manu
719 4237 830 4303 exarati,
857 4258 939 4311 quarn
959 4239 1021 4293 editi
1041 4239 1084 4293 laic
1108 4258 1204 4292 omnes
1230 4234 1382 4293 consentiunt·

355 4311 419 4380 Quo
449 4313 602 4387 diligentius
620 4329 709 4373 tamen
730 4335 754 4376 et
782 4326 932 4380 accuratius
958 4325 1031 4381 tune
1054 4326 1302 4400 locumexpendo,
1327 4328 1381 4376 tanto

355 4399 451 4455 clarius
468 4404 534 4457 mibi
553 4406 641 4460 ridere
660 4408 763 4475 videor,
788 4411 817 4463 ‘et
837 4433 892 4467 esse
924 4416 958 4469 ab
989 4416 1114 4487 imperito
1134 4415 1284 4484 adiectum,
1311 4421 1377 4467 ποῦ’

352 4486 491 4543 Ciceronis
510 4511 592 4547 manu
612 4496 778 4567 proiectum,
798 4503 1035 4576 scribendumque:
1071 4507 1133 4557 Una
1151 4506 1243 4558 virtus
1262 4515 1313 4565 est,
1337 4508 1380 4547 ΜΓ
