3517 5450
357 726 429 797 164
681 745 853 793 rsnlnoxs
883 746 1077 794 snorconuu.

354 924 460 983 lerum
487 934 559 980 esse
580 919 749 997 poenam?
794 935 905 981 meum
935 918 1016 981 illud
1055 918 1116 979 iter
1142 917 1186 978 ob
1213 916 1407 996 praeclaris-

353 1059 452 1123 simas
480 1076 533 1121 res
560 1076 580 1121 a
608 1075 660 1122 me
687 1062 795 1138 gestas
821 1075 894 1121 esse
922 1059 1135 1139 susceptum?
1123 1056 1317 1121 lOmnes
1340 1075 1408 1121 sce·

353 1198 447 1260 lerati
475 1200 573 1275 atque
600 1197 710 1276 impii,
747 1212 889 1275 quorum
913 1201 947 1258 tu
973 1201 1005 1259 te
1030 1196 1147 1259 ducem
1174 1212 1248 1259 esse
1275 1198 1408 1276 prolite-

353 1336 415 1409 ris‚
457 1350 540 1414 quos
580 1334 669 1413 leges
705 1332 823 1394 exsilio
865 1332 952 1395 allici
991 1335 1124 1409 volunt,
1161 1334 1295 1397 exsules
1328 1338 1409 1409 sunt,

353 1470 451 1533 etiam
488 1472 515 1533 si
555 1470 662 1532 solum
699 1485 767 1530 non
793 1468 1001 1530 mutaverint.
1068 1472 1119 1530 An
1158 1484 1261 1548 cuum
1297 1485 1408 1534 omnes

353 1609 442 1685 leges
471 1610 501 1668 te
540 1605 688 1667 exsulem
728 1620 799 1667 esse
834 1604 986 1683 iubeant,
1023 1622 1091 1667 non
1128 1605 1192 1668 eris
1227 1609 1264 1668 tu
1295 1608 1408 1670 exsuli

353 1742 457 1805 Exsul
484 1758 552 1803 nou
579 1742 763 1822 appelletur
788 1742 834 1817 is,
876 1743 932 1821 qul
959 1759 1032 1805 cum
1056 1742 1123 1804 telo
1149 1742 1275 1805 luerit?
1329 1748 1408 1808 Anto

353 1883 504 1944 senatum
530 1884 586 1943 tua
612 1880 681 1943 sica
707 1877 913 1959 deprehensa
939 1874 997 1940 est.
1062 1876 1128 1955 Qui
1154 1878 1328 1942 hominem
1353 1896 1407 1943 oc·

352 2020 489 2083 ciderit?
540 2020 589 2082 Tu
616 2020 775 2100 plurimos
802 2019 959 2082 occidisti.
1014 2016 1079 2094 Qui
1106 2019 1296 2083 incendium
1323 2020 1407 2084 lece-

352 2157 418 2220 rit‘l
470 2155 577 2218 Aedes
604 2155 830 2235 Nympharum
863 2173 964 2218 manu
998 2159 1054 2219 tua
1082 2156 1287 2236 deflagravit.
1349 2155 1407 2235 Qui

352 2295 476 2373 templa
507 2292 744 2372 occupaverit?
796 2292 833 2353 ln
867 2291 943 2354 foro
981 2296 1089 2355 castra
1125 2294 1277 2380 posuisti.
1349 2294 1404 2359 Sed

353 2431 431 2511 quid
456 2448 520 2510 ego
542 2447 735 2493 communes
772 2431 860 2510 leges
895 2430 1048 2510 protero,
1091 2430 1210 2510 quibus
1258 2432 1404 2495 omnibus

353 2583 387 2629 es
415 2566 534 2630 exsul?
586 2566 873 2631 Familiarissimus
898 2572 972 2630 tuus
1000 2566 1041 2629 de
1068 2573 1100 2629 te
1126 2568 1337 2650 privilegium
1358 2576 1402 2633 tn-

352 2704 404 2780 lit,
431 2709 481 2781 ut,
509 2704 536 2767 si
563 2705 597 2767 in
622 2707 775 2786 opertum
798 2702 913 2767 Bonae
940 2702 1031 2768 Deae
1059 2705 1276 2785 accessisses,
1314 2727 1400 2772 exsu-

353 2842 448 2904 lares.
511 2843 553 2902 at
589 2843 621 2920 te
656 2839 689 2900 id
716 2839 832 2902 secisse
864 2840 965 2903 etiam
1002 2840 1137 2919 gloriari
1170 2844 1270 2908 soles.
1337 2845 1400 2924 Quo

352 2973 593 3052 modoigitur,
630 2979 678 3038 tot
705 2976 830 3054 legibus
865 2977 898 3039 in
926 2976 1080 3040 exsilium
1106 2978 1249 3058 eiectus,
1292 2983 1398 3046 nornen

354 3108 477 3172 exsulis
504 3125 571 3173 non
599 3112 868 3191 perhorrescisl·
903 3113 1050 3188 „Romae
1072 3118 1177 3192 sum“‚
1204 3118 1322 3200 inquit.
1368 3113 1399 3178 lt

282 3283 283 3286 =
355 3247 487 3326 quidem
514 3249 548 3310 in
574 3254 692 3330 operto
715 3247 814 3311 fuisti.
867 3246 944 3312 Nou
972 3249 1080 3328 igitur,
1107 3252 1163 3314 ubi
1184 3255 1326 3336 quisque
1341 3251 1397 3321 erit,

354 3387 424 3450 eius
450 3387 515 3449 loci
552 3388 602 3450 ius
638 3387 778 3450 tenebit:
818 3388 845 3450 si
884 3387 929 3449 ibi
961 3404 1036 3450 eum
1073 3389 1218 3468 legibus¹
1243 3403 1395 3456 essenon

355 3526 531 3606 oportebit.

355 3703 359 3711 '
416 3696 494 3754 ‘'tOr
485 3698 781 3769 ιπᾶξᾶφρωνμαι
773 3703 952 3768 ἰ,,,νεται]
947 3697 1012 3755 Ὅτι
1036 3699 1130 3763 πάντες
1157 3705 1179 3755 oi
1207 3716 1293 3779 μωροὶ
1310 3716 1395 3773 paim

353 3811 405 3842 ται
448 3789 545 3841 Dixere
569 3788 622 3840 hoc
649 3789 757 3859 quidem
776 3789 877 3855 Stoici,
902 3803 927 3843 et
946 3811 1000 3844 non
1020 3792 1092 3845 idem
1118 3804 1228 3864 putatur
1253 3799 1335 3869 vulgo
1355 3813 1396 3856 pe
1445 3750 1447 3847 i

299 3923 306 3935 ‚
353 3872 479 3947 pinsitae
471 3888 525 3929 et
541 3897 707 3940 μανμιιον
728 3879 779 3929 i..e
798 3877 908 3930 stultum
928 3898 982 3932 esse
1002 3891 1027 3932 el
1045 3879 1187 3933 furiosum
1231 3881 1288 3937 Sed
1307 3884 1396 3954 elegen
1446 3926 1447 3931 ,

353 3963 406 4016 lior
427 3966 529 4016 Veneta
547 3965 721 4034 praescriptio
741 3959 890 4019 videlurz‘
884 3987 924 4017 οτι
949 3968 1001 4025 -ιᾶς
1026 3988 1115 4036 αφρων
1133 3990 1181 4028 μα
1182 3989 1270 4024 retae
1297 3974 1394 4041 (luiso

349 4069 427 4121 prens
446 4070 500 4103 non
519 4053 571 4108 sir,
590 4070 650 4102 eum
666 4053 793 4122 surerest‘
813 4057 992 4109 Cameren.
1033 4055 1104 4122 llic
1122 4076 1232 4129 quoque
1251 3976 1447 4161 positionem¹
1444 4074 1447 4089 ⁴

353 4140 450 4193 mulavi
471 4139 503 4190 dc
522 4140 655 4192 veteribus
675 4140 762 4206 tibris,
783 4154 808 4196 el
827 4143 861 4195 ila
879 4163 894 4194 a
914 4143 1038 4214 Diogene
1067 4144 1197 4196 refertur:
1223 4146 1327 4206 πάντας
1348 4158 1395 4196 rori
1446 4154 1447 4181 ³

352 4227 467 4294 ἄφρονας
485 4232 636 4286 μαίνεσθαι.
673 4227 718 4280 Esl
738 4229 765 4280 in
786 4229 819 4282 lll
839 4229 993 4284 Tusculana
1014 4251 1042 4281 er
1063 4230 1203 4285 Alcibiade
1226 4232 1321 4287 allero.
1362 4230 1392 4281 1¹¹·
1443 4214 1447 4263 '¹

350 4313 420 4367 vadit
439 4326 528 4367 aulem
547 4316 590 4368 iric
610 4315 640 4367 P.
661 4313 800 4383 Clodium,
828 4319 896 4372 sicut
914 4320 942 4373 in
964 4320 995 4372 ΙΙ.
1014 4319 1154 4372 Paradoxo
1171 4319 1211 4371 M.
1231 4316 1393 4376 Anionlund

350 4398 381 4451 C.
401 4400 503 4473 Lang.
551 4404 653 4472 [Locus
682 4403 811 4474 Diogenis
840 4407 939 4461 Laertii
968 4419 1006 4461 est
1023 4407 1082 4459 Lib.
1098 4407 1154 4459 Vll.
1173 4405 1267 4479 Segrn.
1290 4415 1346 4463 124.
1363 4402 1393 4457 ed.

349 4485 477 4542 Meibom.
497 4510 523 4559 p.
539 4495 600 4561 444,
618 4488 682 4562 iblq.
707 4491 825 4564 Menagii
850 4494 928 4550 Obss.
957 4517 983 4567 p.
1001 4497 1062 4550 309.
1097 4494 1315 4550 Tusculanarum
1334 4496 1392 4548 ioc⁰⁵
