3517 5450
673 736 867 785 rtntooxuu
893 739 914 784 t.
952 738 1020 785 cae.
1042 741 1076 788 u.
1352 724 1399 795 (35

351 898 479 949 oatoraf‘
498 897 530 949 P.
549 896 742 949 Victorius.
779 896 828 959 „la
851 894 967 965 quodam
987 896 1057 952 libro
1076 898 1220 951 delicatus:
1251 903 1321 958 unde
1340 907 1403 975 qui·

351 985 403 1037 lam
429 985 564 1036 Deliacos
594 984 672 1037 fuisse
706 984 835 1055 scriptum
862 983 1074 1051 arbitrabantur,
1103 988 1252 1042 cuiusmodi
1279 1010 1401 1044 rasorum

351 1073 446 1126 mentio
467 1081 505 1126 eet
532 1089 583 1142 pro
599 1071 685 1126 Sestio
706 1084 731 1125 et
749 1072 778 1125 in
798 1073 875 1126 Verr.
920 1071 973 1125 Sed
1000 1074 1028 1126 in
1054 1074 1175 1146 pluribus
1194 1078 1329 1146 felicatas
1355 1093 1400 1146 est,

351 1179 461 1230 querum
482 1160 606 1214 meminit
622 1159 682 1214 Sex.
700 1161 857 1230 Pompeius:
883 1179 898 1214 a
918 1162 994 1229 filice
1012 1161 1110 1229 herba,
1136 1184 1205 1235 quae
1231 1177 1256 1220 et
1276 1167 1351 1236 felix
1375 1183 1404 1222 et

348 1248 459 1319 felicula
479 1245 609 1302 Catoni.“
626 1247 703 1302 Cer.
720 1248 885 1319 bangius.
920 1250 1092 1316 „Delicutas,
1116 1250 1143 1304 id
1161 1264 1201 1306 est
1223 1272 1330 1320 aureas,
1355 1275 1400 1307 ar-

351 1348 470 1406 genteas,
490 1335 658 1401 murrhiuas,
677 1347 725 1391 aut
741 1336 916 1407 crystallinas.
956 1337 1089 1392 Delicatus
1114 1339 1276 1411 templorum
1295 1353 1399 1412 pateras

352 1427 478 1477 insectans
496 1424 618 1490 Persius,
637 1426 743 1490 Dicite,
767 1424 870 1496 inquit,
895 1426 1055 1494 Pontifices,
1072 1427 1103 1478 in
1120 1428 1226 1496 templis
1244 1430 1311 1499 quid
1321 1430 1399 1499 fucit

352 1512 465 1565 autum?
501 1513 598 1566 Patere
614 1512 677 1584 quid
696 1513 743 1579 sit,
761 1512 800 1566 M.
820 1514 909 1567 Varro
927 1513 1039 1585 explicet
1061 1514 1114 1568 illis
1131 1515 1216 1568 verbis
1233 1515 1302 1568 libro
1316 1517 1350 1570 de
1367 1517 1397 1570 L.

353 1601 398 1654 tat
418 1601 525 1672 primo:
544 1603 579 1652 In
596 1601 702 1670 poculis
718 1613 797 1654 erunt
810 1613 942 1671 poterae:
960 1620 1004 1667 eo,
1023 1604 1239 1674 quadpatsant,
1256 1603 1398 1656 latiariter

355 1687 441 1748 dietae
478 1688 564 1740 Hisce
582 1689 666 1740 etium
682 1707 755 1740 aune
771 1689 800 1740 in
816 1689 924 1758 publico
948 1691 1067 1742 convivio
1084 1691 1262 1761 antiquitatis
1278 1692 1399 1745 retinen-

357 1774 395 1827 dae
412 1793 517 1842 cauea,
540 1792 601 1827 eum
620 1775 747 1847 magistri
757 1775 851 1844 fiunt,
876 1776 951 1845 potio
968 1777 1173 1846 circumfertur:
1199 1788 1227 1828 et
1244 1778 1273 1830 in
1291 1782 1401 1848 sacrefi-

356 1863 431 1916 cando
449 1864 503 1916 atie
520 1863 572 1916 ltoc
590 1864 685 1932 poculo
702 1864 882 1933 magistratus
902 1863 951 1914 dot
970 1865 1018 1916 eleo
1034 1865 1134 1918 vinum.
1171 1864 1243 1918 Haec
1260 1865 1313 1918 ille.
1341 1865 1399 1919 Ser.

356 1950 495 2022 Pompeius
512 1950 604 2004 itidem
622 1950 768 2022 significat,
787 1951 923 2005 Romanos
940 1952 978 2004 uti
999 1961 1088 2023 patera
1103 1952 1131 2004 in
1149 1952 1283 2006 sacrificiis
1299 1952 1399 2017 solitos,

357 2041 490 2104 Poteram,
518 2039 621 2110 inquit,
646 2039 783 2109 perpluere
807 2039 835 2090 in
853 2040 939 2092 sacris
956 2057 1017 2091 eum
1034 2040 1150 2096 dieitur,
1173 2039 1312 2108 significat
1338 2058 1399 2108 per·

355 2126 435 2192 pluere
454 2135 508 2178 out
530 2136 671 2194 pertusam
689 2131 770 2180 esse.“
789 2125 811 2178 F
819 2145 862 2180 re.
880 2126 1028 2199 Sylvius.
1074 2127 1170 2180 Veneti
1190 2127 1238 2179 ita:
1256 2127 1330 2194 (luid
1347 2147 1399 2178 aa·

357 2223 399 2266 ten
418 2234 437 2266 a
457 2217 551 2266 Numa
568 2215 720 2283 Pompilio?
745 2216 866 2266 minusne
888 2226 986 2287 gratas
1011 2216 1062 2266 diis
1080 2213 1275 2266 immortalibus
1293 2215 1401 2282 capedi-

357 2320 392 2355 nes
407 2322 443 2355 uc
454 2303 563 2372 fictiles
587 2303 702 2355 uernulas
722 2303 829 2373 faiam,
857 2321 938 2374 quum
957 2303 1135 2372 silicatas
1159 2303 1272 2355 oliorum
1288 2313 1401 2371 putaras

357 2388 536 2442 arbitramur?
572 2388 651 2458 Quae
676 2389 756 2444 nobis
782 2389 862 2443 lectio
880 2390 1027 2444 admodum
1055 2392 1198 2461 probatur:
1216 2410 1279 2443 nam
1298 2402 1324 2444 et
1340 2391 1400 2444 Ser.

357 2477 492 2550 Pompeius
501 2478 643 2546 filiculam
660 2489 779 2550 pateram
798 2479 860 2532 dicit
880 2498 935 2532 esse
954 2490 1004 2532 cet.
1049 2479 1150 2546 Quales
1175 2489 1200 2532 et
1220 2497 1292 2530 nunc
1313 2479 1402 2531 caela-

358 2576 417 2618 turas
438 2565 501 2619 licet
519 2585 639 2632 cernere,
659 2566 732 2637 quasi
754 2565 921 2619 tenuioribus
938 2577 965 2618 et
982 2567 1087 2619 serratis
1104 2567 1182 2632 soliis,
1202 2568 1267 2618 serie
1286 2568 1400 2646 quadam

356 2652 382 2704 de
391 2652 527 2707 cauliculo
543 2655 755 2724 excurrentibus,
773 2664 799 2706 et
816 2654 891 2705 labra
909 2654 1061 2726 fundosque
1082 2653 1242 2724 poculorum
1260 2653 1401 2707 includen-

356 2740 422 2794 tibus.
460 2741 516 2794 Sed
536 2740 589 2795 hoc
602 2742 941 2796 etVictoriusannotavic“
956 2743 1007 2795 Jo.
1026 2741 1257 2795 Camerarius.
1301 2742 1401 2813 „Apud

356 2829 519 2884 Plutarchum
548 2831 667 2883 Antonio
699 2850 795 2883 aureae
820 2832 849 2900 (i.
872 2852 896 2884 e.
921 2831 1066 2899 delicatae)
1094 2841 1199 2902 paterae
1230 2830 1322 2899 probri
1341 2829 1401 2882 loco

357 2918 517 2972 obiiciuntur.
573 2916 699 2972 Ceterum
729 2916 899 2971 Camerarius
929 2930 954 2972 et
982 2918 1131 2983 Victorius,
1162 2927 1273 2970 vetustas
1297 2917 1401 2988 sequuti

358 3004 482 3069 tutiores,
495 3005 634 3073 filiculae.
670 3005 901 3077 Lazarusssayiius
924 3006 952 3058 in
963 3006 1016 3058 Tit.
1044 3005 1086 3058 De
1104 3024 1170 3058 auro
1188 3016 1215 3057 et
1233 3014 1344 3074 argento
1363 3004 1401 3054 le-

357 3104 416 3162 gato,
432 3112 516 3165 quam
526 3094 712 3147 tractationem
724 3094 758 3146 de
769 3094 888 3148 vasculis
901 3095 1041 3167 inscripsit,
1055 3093 1182 3145 Deliacos
1192 3094 1244 3147 hoc
1253 3092 1315 3146 loco
1323 3093 1401 3163 legite

358 3194 378 3233 et
387 3182 447 3235 buic
465 3181 577 3235 lectioni
592 3181 737 3252 astipulor:
763 3195 789 3236 et
808 3194 837 3236 ut
861 3182 919 3236 eius
943 3183 1085 3235 lectionem
1111 3181 1213 3235 facilius
1231 3197 1336 3251 sequar,
1361 3180 1402 3232 la-

359 3269 422 3323 ciunt
447 3288 495 3335 ea,
523 3286 593 3341 quae
613 3270 703 3339 paullo
721 3282 781 3342 post
798 3270 831 3323 de
855 3270 965 3323 Deliaca
985 3269 1146 3341 supellectile
1172 3268 1292 3321 scribit.“
1313 3268 1403 3337 Xyst.

359 3354 458 3413 teta-t.
478 3385 515 3398 -··
566 3356 632 3423 „stc
659 3359 809 3427 [filiculae]
836 3360 970 3412 restitutus
996 3370 1034 3412 est
1060 3357 1102 3409 bic
1127 3355 1202 3408 locus
1235 3354 1323 3406 multis
1349 3352 1402 3405 iam

359 3457 409 3498 ante
426 3444 508 3498 annis
523 3464 555 3498 ex
572 3446 728 3499 auctoritate
746 3448 871 3499 codicum
891 3446 1075 3517 antiquorum:
1096 3461 1258 3515 quemquam
1277 3440 1402 3494 nonnulli

361 3530 401 3601 legi
419 3532 514 3586 volunt
533 3533 669 3584 Deliacos.
715 3533 768 3586 Sed
799 3534 883 3605 pluris
909 3546 948 3586 eet
970 3533 1077 3596 veritae,
1108 3550 1188 3602 quam
1220 3529 1401 3583 coniectum.u

361 3617 547 3673 Lambinus.
596 3619 665 3684 „Hic
682 3619 759 3674 locus
777 3621 847 3674 varie
865 3621 975 3692 legitur:
1000 3620 1039 3672 vel
1058 3619 1203 3681 abactas,
1223 3617 1240 3669 i.
1259 3634 1281 3668 e.
1300 3614 1400 3685 pretio·

361 3725 399 3773 us,
416 3709 493 3781 quasi
512 3708 584 3761 luxui
603 3708 716 3762 dicatas:
736 3709 775 3761 sel
789 3710 926 3777 filieotas,
946 3708 978 3761 ad
997 3707 1073 3761 filicis
1090 3705 1186 3758 herbae
1204 3700 1321 3774 speciem
1340 3719 1402 3754 eae·

362 3793 425 3849 latas:
446 3797 487 3850 vel
504 3798 634 3848 Deliacos
652 3817 681 3849 ex
698 3816 758 3850 aere
777 3797 890 3851 Deliaco
910 3799 1005 3863 sectas,
1024 3795 1099 3849 cuius
1117 3792 1297 3864 antiquissima
1316 3791 1402 3862 gloria

363 3883 413 3953 luit,
430 3898 463 3939 ut
478 3886 517 3939 ait
532 3884 605 3937 Ptin.
623 3888 667 3950 84,
686 3887 730 3937 2.“
752 3886 834 3938 Auel.
853 3885 1010 3939 Talaeus.
1045 3883 1194 3947 „Filicatas
1213 3877 1402 3948 maximepro·
1495 3949 1501 3957 ἡ

363 3971 468 4027 hodium
487 3972 592 4025 ridetur
610 3991 626 4024 a
643 3971 713 4025 filice
731 3973 842 4039 frutice,
873 3974 951 4027 cuius
973 3972 1062 4042 imago
1086 3970 1113 4023 in
1133 3966 1237 4039 poculis
1263 3976 1288 4018 et
1308 3964 1403 4033 pateris

362 4060 447 4114 caelari
464 4059 543 4113 solita
561 4058 658 4125 luerit,
683 4070 713 4113 ut
731 4072 793 4114 sunt
810 4060 882 4132 apud
904 4058 1112 4113 Demosthenem
1132 4053 1222 4118 φιάλαι
1241 4057 1402 4122 triariorum

362 4148 387 4200 de
402 4167 455 4222 qna
473 4159 566 4201 tamen
584 4165 648 4200 voce
666 4146 843 4203 Grammatici
863 4158 974 4202 certam.
1019 4145 1053 4199 Et
1079 4144 1149 4216 apud
1174 4141 1315 4213 Virgilium
1342 4138 1403 4189 Me·

360 4236 437 4292 nelcas
456 4236 556 4309 poeula
575 4236 665 4307 ponit:

460 4326 589 4395 Pagina,
607 4324 742 4375 caelatum
761 4324 846 4376 divini
865 4342 931 4393 opus
950 4321 1158 4382 Alcimedontis,

461 4419 554 4465 Lenta
573 4411 669 4482 quibus
689 4422 767 4462 torno
780 4411 867 4480 sacili
883 4410 1060 4480 superaddita
1079 4408 1143 4459 vitis
1211 4445 1213 4452 ,

460 4498 595 4567 Diffusus.
607 4498 705 4552 telem
725 4500 806 4550 vestit
823 4500 943 4568 pallente
962 4496 1121 4567 corymbos.“
1145 4493 1175 4544 H.
1196 4489 1299 4541 Wolf.

1152 4583 1174 4651 5
