3517 5450
583 744 777 792 rantuoxon
799 745 839 792 vt.
868 746 937 794 cnr.
958 746 1006 794 tu.
1248 724 1321 799 319

273 915 300 957 ut
320 904 357 957 rei
379 903 458 975 plane
477 901 599 969 satisfiat,
619 904 689 958 addo
703 906 794 971 libros,
814 903 860 976 qui
879 904 912 958 de
931 924 961 958 ea
980 925 1007 958 re
1026 923 1114 978 nuper
1123 922 1327 980 praeceperunt,

273 1010 390 1062 quorum
411 1001 534 1045 auctores
552 1002 629 1045 acute
649 993 683 1045 ita
703 991 865 1062 distinguere
885 992 984 1061 solent,
1003 1005 1033 1048 ut
1051 998 1169 1068 magni
1187 999 1329 1052 aestimare

273 1080 303 1132 sit
323 1080 419 1146 „einen
437 1080 538 1144 hohen,
557 1081 666 1146 iuncta,
686 1082 727 1134 W
724 1081 785 1133 ertli
805 1079 952 1152 beilegen“,
971 1099 1092 1154 magno
1110 1085 1253 1138 aestimare
1272 1088 1325 1150 „ei-

272 1187 322 1219 nen
342 1168 429 1219 dolien
450 1169 525 1221 l'reis
544 1172 672 1234 (duarum
691 1168 803 1235 Warth)
826 1167 979 1240 beilegen“.·
1015 1170 1077 1225 inde
1105 1192 1167 1226 vero
1193 1173 1245 1228 hoc
1268 1175 1327 1245 ipso

273 1266 364 1308 nostro
385 1254 445 1308 loco
474 1255 540 1310 alter
559 1256 689 1327 praecipit
707 1256 850 1328 legendum
870 1275 924 1310 esse
943 1276 1040 1330 magno
1070 1260 1229 1330 aestimant,
1259 1263 1326 1317 alter

273 1345 380 1414 magni:
400 1355 429 1397 ut
447 1354 576 1415 appareat
593 1344 621 1397 in
641 1354 906 1416 utramquepartem
927 1364 1003 1416 posse
1021 1346 1148 1418 disputari
1168 1348 1201 1401 ab
1220 1349 1259 1416 iis,
1280 1352 1327 1423 qui

272 1432 453 1502 praeiudicata
473 1433 601 1504 opinione
620 1431 778 1486 alterutrum
805 1431 986 1504 praecipiant,
1013 1434 1089 1489 uobis
1116 1455 1177 1489 vero
1203 1437 1327 1490 standum

271 1541 326 1574 esse
343 1541 358 1574 a
377 1521 510 1573 libroruin
530 1520 695 1592 optimorum
714 1519 880 1574 auctoritate.
916 1520 969 1573 Sed
988 1521 1047 1575 vide
1065 1523 1094 1575 F.
1104 1522 1133 1578 S.
1150 1523 1326 1577 Feldbausch.

270 1608 326 1662 Lat.
347 1606 544 1679 Schulgramm.
562 1605 585 1679 S.
603 1611 665 1663 488.
681 1628 708 1679 p.
728 1611 791 1663 399.
810 1608 839 1661 F.
857 1608 944 1663 Hand.
964 1609 1105 1663 Lehrbuch
1124 1610 1150 1664 d.
1170 1610 1226 1664 Lat.
1247 1611 1327 1683 Styls,

273 1717 299 1766 p.
312 1698 374 1751 248.
394 1695 437 1748 ed.
457 1700 483 1748 2.
503 1695 533 1749 F.
553 1695 677 1750 Haasium
700 1696 733 1749 ad
760 1697 857 1768 Reisig.
878 1695 982 1750 Vorles.
1008 1698 1053 1751 lib.
1078 1698 1134 1751 Lat.
1153 1697 1327 1770 Sprachwiss.

273 1786 295 1851 5.
315 1788 378 1838 351.
397 1795 489 1838 annot.
507 1788 569 1839 533.
589 1787 687 1856 puts.
706 1784 770 1856 ibiq.
788 1783 899 1849 laudd.,
919 1782 953 1837 G.
970 1785 1004 1839 T.
1024 1785 1182 1856 A.Kriiger.
1203 1786 1324 1841 Gramm.

275 1873 299 1925 d.
322 1873 378 1927 Lat.
399 1871 462 1944 Spr.
480 1873 512 1924 T.
532 1870 565 1926 ll.
583 1870 607 1944 ᾗ.
626 1875 693 1938 394,
712 1883 805 1927 annot.
824 1893 851 1943 p.
870 1875 933 1926 528.
969 1872 999 1924 M
1006 1892 1026 1925 r.

351 1961 424 2030 quod
440 1960 465 2011 ei
480 1962 571 2031 generi
586 1960 782 2030 possessionum
801 1960 906 2011 minime
916 1961 996 2032 quasi
1020 1963 1108 2014 noceri
1121 1966 1238 2032 potesta]
1258 1963 1326 2018 cod.

271 2047 322 2101 Or.
332 2047 366 2101 U.
386 2050 452 2119 quia
471 2067 521 2119 pro
541 2050 620 2120 quod.
658 2050 715 2101 Vox
731 2049 929 2118 possessionum
949 2048 1022 2102 abest
1041 2067 1056 2102 a
1076 2050 1160 2104 codd.
1178 2051 1325 2106 Drsd.1.2.

272 2136 361 2188 Verba
377 2155 450 2204 poss.
469 2137 573 2188 minime
591 2137 687 2190 desunt
706 2137 732 2189 in
753 2134 846 2191 ΟΜ.
865 2135 916 2191 Ox.
926 2136 967 2204 N,
986 2137 1147 2209 inquorum
1166 2139 1257 2210 priore
1268 2154 1326 2213 post

271 2227 359 2276 noceri
377 2224 496 2278 additum
517 2235 632 2290 estnon,
652 2224 784 2296 posterior
802 2223 880 2277 habet
899 2242 991 2276 nocere
1009 2245 1083 2280 non.
1120 2224 1171 2278 Ox.
1182 2246 1291 2300 quoque
1303 2249 1329 2298 η.

272 2311 350 2365 habet
369 2331 479 2373 nocere,·
497 2330 559 2366 curn
578 2309 637 2366 Cre.
658 2317 683 2365 2.
702 2311 765 2366 sacit
783 2311 862 2366 etiam
882 2311 955 2366 Gud.
976 2311 1006 2365 Α.
1043 2313 1073 2366 ln
1092 2312 1170 2370 Suer.
1192 2327 1231 2370 est
1247 2319 1328 2388 graui

271 2420 321 2471 pro
339 2402 432 2473 generi
450 2412 476 2455 et
491 2401 580 2471 possit
598 2420 649 2472 pro
664 2410 764 2469 potest.
807 2399 866 2452 ΜΓ.

343 2490 449 2541 minime
477 2489 568 2560 quusi]
606 2491 709 2557 „Quasi
728 2507 779 2559 pro
800 2489 874 2560 fere.
912 2488 949 2543 Ut
978 2488 1005 2541 in
1025 2489 1108 2544 Acad.
1129 2487 1173 2557 [ll,
1192 2491 1246 2557 2t.]
1283 2492 1330 2543 Sal

271 2577 337 2630 milri
371 2578 477 2649 quasi
502 2576 608 2646 pedulis
643 2577 765 2643 videtur,
798 2588 823 2629 et
852 2575 916 2629 ibid.
950 2575 1007 2627 Jtta
1023 2587 1161 2648 exponunt
1181 2578 1234 2628 duo
1257 2596 1327 2649 quae

271 2687 312 2739 qu
325 2667 380 2718 asi
399 2665 552 2717 contineant
572 2684 671 2717 ornnem
693 2665 763 2716 lianc
781 2665 973 2739 quaestionem.
1011 2664 1042 2716 lu
1061 2664 1177 2718 Oratore
1195 2667 1249 2733 [13,
1269 2667 1324 2734 4l.]

271 2758 323 2806 Est
342 2754 412 2804 enim
437 2754 541 2825 quasi
559 2753 587 2805 in
606 2762 726 2805 extrema
751 2754 856 2823 pagina
880 2753 1002 2805 Plraedri
1029 2753 1072 2805 Itis
1102 2752 1189 2805 verbis
1216 2754 1326 2826 loquens

271 2847 407 2895 Socrates.
451 2842 515 2896 Ter.
544 2840 638 2895 Heaut.
666 2838 697 2909 [l,
715 2844 740 2907 1,
759 2841 815 2907 93.]
847 2841 953 2910 quasi
981 2840 1089 2892 talenta
1115 2840 1153 2891 ad
1178 2842 1328 2912 quindecim

270 2932 354 3002 coe'gi.
391 2928 455 2983 Sall.
474 2929 530 3000 lug.
545 2930 600 2996 [50,
615 2929 654 2997 3.]
680 2927 821 2980 Praesidio
839 2928 945 2999 quasi
964 2928 1051 2979 decem
1070 2927 1182 2979 millium
1197 2928 1327 2997 peditum.

269 3018 382 3071 Sueton.
403 3016 488 3088 Calig.
509 3018 576 3085 [58]
616 3020 694 3067 Horu
711 3015 813 3088 quasi
832 3016 974 3085 septima.“
992 3013 1168 3069 nlullan.
1203 3016 1327 3083 „Guliel-

270 3106 341 3158 nnius
361 3104 535 3158 coniiciebats
555 3123 637 3156 casu
656 3104 744 3155 noceri
760 3103 856 3174 possit·
876 3104 967 3157 neseio
985 3123 1019 3158 an
1039 3124 1108 3159 rere.
1144 3107 1232 3174 Quasi
1255 3107 1325 3159 enirn

270 3204 346 3248 notat
365 3193 443 3247 etiam
463 3193 542 3264 fere,
576 3203 606 3245 ut
630 3192 720 3245 inultis
745 3191 861 3245 ostendit
887 3191 1024 3246 Manutius
1048 3197 1161 3265 nepos.“
1188 3194 1327 3248 Gruter.

269 3282 378 3352 „Quasi
396 3281 461 3353 quid
479 3280 522 3335 hic
540 3280 587 3347 sil,
607 3299 662 3333 uon
682 3279 767 3332 video.
804 3279 865 3343 Est,
893 3280 1007 3351 opinor,
1036 3284 1221 3352 corruptum.⁴‘
1246 3283 1326 3335 Ern.

271 3367 424 3422 Schellerus
441 3368 469 3421 in
488 3368 548 3421 Lex.
566 3368 627 3420 mai.
656 3367 689 3419 ad
708 3365 908 3419 defendendum
928 3364 979 3419 hoc
998 3368 1078 3437 quasi
1105 3368 1178 3421 addit
1202 3369 1328 3441 exemplis

270 3456 331 3510 Aldi
352 3458 409 3511 cic.
427 3457 456 3510 in
475 3460 552 3511 Verr.
574 3458 633 3509 Act.
650 3454 671 3522 l,
689 3457 717 3507 8:
738 3454 841 3525 quasi
861 3453 948 3505 decem
959 3454 1046 3521 fiscos
1062 3465 1088 3507 et
1105 3454 1192 3508 Tacit.
1214 3455 1286 3508 Ann.
1304 3455 1325 3521 l,

270 3549 314 3600 68.
333 3545 408 3597 miles
427 3546 532 3617 quasi
550 3543 582 3596 ob
600 3554 698 3595 metum
716 3542 831 3610 defixus.
877 3541 972 3594 lisdem
999 3542 1124 3614 exemplis
1152 3541 1228 3594 fulcit
1246 3542 1327 3613 quusi

271 3632 461 3699 Gernhardus,
489 3631 630 3704 additque,
651 3630 726 3702 quasi
748 3630 776 3683 in
796 3629 951 3696 cumulum,
983 3630 1040 3684 cic.
1060 3629 1144 3684 Acad.
1164 3627 1195 3694 ll,
1213 3633 1258 3695 29,
1277 3632 1325 3684 95:

268 3722 304 3772 Id
322 3732 415 3772 autem
433 3721 573 3790 appellant
591 3716 704 3786 α’ξίωμα,
724 3720 796 3792 quod
813 3728 854 3771 est
872 3718 979 3791 quusi
1002 3717 1126 3787 effatum.
1163 3717 1224 3771 Atto
1243 3717 1324 3770 modo

269 3810 389 3864 defendit
406 3807 472 3860 illud
491 3808 571 3879 quasi
590 3806 763 3878 Borgersius,
791 3805 881 3859 dicens
900 3805 1036 3877 eleganter
1054 3805 1118 3877 poni
1136 3806 1216 3878 quusi
1234 3824 1283 3877 pro
1302 3807 1326 3857 si

268 3914 333 3969 qua.
372 3895 504 3963 „Seusus,
523 3896 624 3967 inquit,
645 3906 700 3948 ests
730 3892 811 3962 Quod
831 3893 854 3945 ei
874 3894 966 3964 generi
986 3894 1196 3965 possessionum,
1220 3894 1325 3966 siqua,

270 3996 342 4039 certe
361 3984 473 4037 minima
491 4003 520 4036 ex
540 3993 633 4055 parte,
653 3981 745 4037 noceri
767 3984 880 4053 potest.“
918 3980 998 4036 cont.
1017 3982 1050 4034 de
1069 3980 1202 4036 Sen.14.:
1221 3984 1263 4035 At
1273 4003 1325 4035 non

268 4086 310 4128 est
328 4074 503 4143 voluptatum
522 4081 604 4123 tanta
624 4070 728 4143 quusi
746 4069 888 4120 titillatio:
907 4068 924 4120 i.
943 4089 982 4122 e.:
1000 4070 1051 4136 At,
1068 4070 1089 4122 si
1109 4090 1161 4140 qua
1179 4082 1217 4123 est
1235 4067 1326 4123 titilla-

268 4164 305 4218 tio
326 4163 507 4233 voluptatum‚
527 4171 598 4216 certe
618 4170 730 4213 nonest
750 4159 829 4212 tanta.
847 4190 880 4197 -
925 4159 1032 4227 „Quasi
1049 4158 1152 4211 videtur
1170 4157 1289 4211 additum
1310 4178 1324 4210 a

266 4250 393 4316 librario,
413 4248 591 4321 nequeenim
610 4268 672 4302 cum
693 4247 804 4300 nocendi
821 4247 903 4299 verbo
923 4258 1010 4318 potest
1028 4246 1174 4317 coniungi,
1201 4245 1262 4318 quia
1281 4244 1324 4300 hic

266 4359 322 4393 uon
342 4338 419 4391 locus
437 4349 475 4390 est
504 4337 710 4409 comparationi:
741 4347 767 4390 et
785 4345 857 4388 recte
886 4335 939 4387 iarn
969 4333 1021 4388 hoc
1046 4333 1145 4387 notavit
1171 4333 1324 4395 Ernestua.“

263 4428 371 4499 Wytt.
410 4425 460 4479 Or.
479 4436 620 4497 postquam
638 4425 762 4497 apposuit
779 4424 962 4477 coniecturam
982 4442 1090 4474 casus
1108 4440 1228 4486 nocere,
1247 4420 1322 4475 cuius

262 4528 405 4571 auctorem
438 4536 463 4569 se
483 4518 517 4572 ait
537 4515 653 4579 nescire,
680 4512 753 4567 addit
771 4512 894 4566 Ernestio
912 4510 976 4563 illud
997 4510 1077 4581 quasi
1095 4528 1150 4562 non
1169 4509 1225 4563 siue
1246 4530 1323 4566 causa
