3517 5450
491 739 729 789 uuounuottuns
757 740 798 786 Al)
829 739 998 789 ctcuuoms
1026 740 1211 788 rsusuoxt.
1313 741 1378 786 XXV

645 899 1059 978 PROLEGOMENA

830 1067 871 1113 so
1128 1068 1130 1073 ·

493 1171 817 1258 CICERONIS
847 1170 1204 1258 PARADOXA.

405 1341 525 1397 Editurus
543 1344 617 1398 hune
629 1344 749 1398 libellum
770 1367 801 1400 eo
818 1348 940 1413 consilio,
960 1358 989 1401 ut
1008 1346 1136 1400 haberent
1151 1346 1263 1397 lectores
1281 1345 1381 1413 optima
1451 1402 1454 1408 ¹

353 1446 450 1502 quaeque
470 1451 525 1485 uno
544 1435 616 1502 qnasi
636 1434 778 1487 oculorum
799 1437 894 1490 obtutu
915 1436 1074 1507 spectanda,
1095 1454 1163 1505 quae
1182 1431 1301 1484 adhuca
1323 1431 1383 1483 siris

353 1515 483 1572 doctissimis
501 1531 587 1573 essent
614 1521 652 1573 rel
672 1534 777 1593 reperta
807 1524 844 1576 rel
865 1524 1042 1578 coniectando
1066 1524 1183 1593 prolata,
1215 1522 1303 1574 lacere
1328 1538 1382 1572 non

353 1608 421 1672 potui,
439 1607 503 1679 quin
523 1611 602 1661 etiam
620 1609 784 1680 inquirerem
803 1611 830 1663 in
849 1631 895 1678 ea,
926 1631 996 1683 quae
1015 1611 1117 1664 dudum
1137 1611 1171 1662 ab
1199 1609 1257 1662 aliis
1275 1609 1308 1661 de
1325 1611 1385 1658 Pu-

353 1693 488 1769 rodoxorurn
509 1695 598 1748 libello
628 1699 749 1750 universe
774 1698 876 1770 prolata
904 1710 1005 1766 essent,
1035 1712 1060 1753 et
1080 1718 1153 1752 nunc
1178 1718 1240 1752 cum
1271 1697 1382 1750 maxime

353 1783 463 1846 proceris
481 1782 658 1851 haberentur,
677 1786 767 1840 addito
787 1806 848 1840 meo
865 1789 1049 1860 qualicunque
1067 1787 1175 1841 iudicio.
1213 1785 1295 1854 Quod
1315 1786 1379 1838 dum

351 1864 418 1922 lacere
436 1871 558 1938 instituo,
586 1884 738 1945 temporum
770 1875 892 1928 ordinem
919 1877 994 1948 sequi
1022 1876 1115 1941 libuit,
1139 1876 1174 1928 ita
1202 1875 1326 1946 quidem,
1356 1887 1384 1927 ut

353 1955 413 2009 totins
435 1958 621 2030 disputationis
647 1963 721 2032 quasi
748 1963 954 2018 fundamentum
975 1984 1005 2016 ea
1033 1964 1246 2034 praemitterem,
1274 1982 1343 2033 quae
1369 1981 1383 2013 a

352 2042 612 2114 Wyttenhachio
632 2050 658 2102 io
678 2050 774 2104 scholis
792 2063 878 2105 essent
898 2053 981 2122 posita
1001 2051 1202 2122 elegantissime,
1223 2049 1315 2119 hisque
1334 2068 1384 2100 an·

352 2145 481 2201 necterem,
501 2155 569 2207 quae
588 2137 621 2189 de
639 2140 742 2192 nornine
759 2140 859 2207 libelli,
876 2141 909 2195 de
928 2152 1060 2210 tempore,
1080 2140 1113 2192 de
1128 2138 1249 2200 oonsilio,
1269 2137 1385 2206 denique

352 2216 375 2268 de
389 2235 541 2292 argumento
560 2237 586 2277 et
604 2226 637 2278 de
657 2229 888 2297 inscriptionibus,
917 2228 955 2280 vel
975 2228 1060 2282 aliena
1081 2227 1119 2279 vel
1139 2237 1246 2292 nostra,
1272 2225 1305 2278 od
1329 2245 1384 2277 rem

352 2304 421 2362 lacere
440 2311 601 2365 viderentur.
644 2312 682 2366 lta
704 2315 785 2387 igitur
804 2318 841 2367 W
850 2317 972 2388 yttenb
982 2337 996 2368 a
1006 2315 1118 2370 chius:
1137 2313 1178 2380 „E
1203 2311 1387 2366 Ciceronianis

352 2393 408 2450 libris
424 2398 467 2452 hic
486 2420 555 2454 unus
574 2404 695 2456 omnium
716 2406 884 2459 brevissimus
907 2407 1033 2477 idemque
1058 2406 1133 2476 quasi
1159 2403 1302 2474 sapientiae
1329 2390 1386 2453 elo-⁸

353 2488 512 2559 quentiaeque
531 2489 662 2544 delibatus
680 2491 729 2545 llos
748 2506 797 2546 est:
818 2495 919 2567 quippe
937 2494 1004 2546 illud
1022 2494 1050 2545 in
1070 2512 1102 2544 eo
1121 2492 1224 2562 agitur,
1252 2502 1279 2542 ut
1299 2489 1385 2560 philo·

352 2574 439 2642 tophiae
460 2577 568 2629 moralis
586 2578 691 2633 decreta
713 2584 824 2635 maxime
843 2585 967 2637 sublimia
994 2594 1019 2635 et
1038 2600 1118 2650 supra
1143 2578 1278 2648 vulgarem
1299 2576 1386 2629 homi-

353 2678 401 2714 uum
426 2685 533 2719 sensum
559 2678 722 2741 captumque
746 2672 844 2742 posita,
873 2670 1000 2724 orationis
1026 2665 1259 2721 commendatione
1288 2665 1387 2735 proba-

353 2747 399 2803 bilia
416 2754 571 2809 reddantur.
608 2757 661 2810 Sed
681 2758 714 2810 de
733 2770 848 2829 tompore
867 2771 892 2813 et
911 2760 944 2812 de
964 2777 1060 2830 genere
1078 2757 1159 2810 libelli
1186 2754 1307 2807 nondum
1328 2754 1388 2805 satis

353 2844 505 2913 estespedita
525 2846 603 2901 ratio.
640 2845 681 2899 Ac
699 2849 818 2917 primum
838 2849 946 2920 quidem
966 2848 999 2900 de
1018 2858 1147 2915 tempore,
1173 2863 1228 2915 quo
1247 2843 1290 2895 hic
1310 2843 1387 2895 libel-

351 2923 504 3001 inscriptus
522 2943 575 2997 est,
595 2953 650 2986 non
670 2945 708 2987 est
726 2935 917 3001 dubitandum,
937 2937 1003 3008 quin
1024 2947 1089 2988 tunc
1106 2931 1193 2985 adhuc
1213 2932 1300 2983 viserit
1311 2929 1386 2993 Cato,

352 3017 432 3089 quippe
451 3020 484 3073 de
504 3040 536 3073 eo
555 3020 650 3074 diserte
669 3021 781 3089 Cicero,
802 3035 830 3077 ut
849 3025 881 3077 de
902 3024 973 3089 vivo,
1001 3022 1128 3094 loquitur.
1173 3020 1274 3082 Porro,
1303 3038 1386 3089 quum

353 3102 430 3160 Cicero
448 3110 556 3174 scribit,
582 3129 609 3161 se
635 3111 725 3180 paullo
744 3123 821 3164 antea
848 3114 932 3165 maius
957 3132 1026 3183 opus
1050 3110 1084 3163 ad
1103 3109 1217 3160 Brutum
1246 3107 1388 3177 scripsisse,

352 3191 415 3263 idque
433 3198 481 3262 „in
500 3199 584 3248 Bruti
600 3201 725 3250 nornine⁸⁸
745 3202 941 3271 comparuisse,
973 3201 1096 3271 prolecto
1124 3216 1180 3249 non
1205 3194 1286 3247 alium
1305 3195 1389 3265 signi-

352 3278 398 3336 licat
413 3284 521 3351 librum,
543 3284 593 3337 nisi
612 3291 731 3339 Brutum
747 3308 767 3342 s.
783 3289 814 3339 de
831 3289 918 3341 Oloris
933 3288 1092 3340 Oratoribus
1103 3284 1136 3354 ⁴).
1174 3283 1256 3353 Atqui
1266 3280 1389 3354 ¹scriptus

352 3383 379 3423 est
394 3372 434 3427 hic
450 3374 534 3440 liber,
566 3373 677 3441 Brutus,
704 3396 728 3428 a.
748 3378 782 3430 U.
802 3397 826 3431 c.
844 3382 913 3443 tut,
943 3375 1082 3428 Ciceronis
1107 3372 1267 3442 sexagesimo
1293 3371 1389 3441 primo,

352 3455 442 3516 incunte
462 3484 551 3529 auno,
580 3484 663 3534 quum
685 3463 783 3518 Caesar
799 3466 924 3518 adversus
942 3464 1113 3535 Scipionem,
1138 3461 1273 3513 Petreium
1300 3471 1326 3512 et
1346 3460 1389 3510 lu-

353 3596 545 3611 ψ

407 3667 428 3731 'l
446 3663 551 3717 Iason
573 3664 747 3730 Denores,
774 3667 802 3717 in
832 3664 944 3718 institut.
971 3666 1005 3717 in'
1026 3661 1164 3716 Ciceronis
1189 3658 1387 3731 Philosophiam

351 3732 375 3784 de
391 3735 509 3789 llloribus
527 3736 611 3807 (Lips.
630 3742 709 3790 itit.
727 3738 766 3806 8.)
785 3758 810 3808 p.
825 3741 858 3790 25
872 3757 911 3809 sq.
930 3738 1007 3790 aliter
1025 3735 1167 3798 sentiebat,
1186 3732 1292 3785 dicens:
1312 3737 1390 3798 „Pu-

351 3807 437 3857 rordoso
456 3807 522 3861 nihil
542 3808 613 3860 aliud
631 3821 706 3871 sunt,
725 3829 806 3879 quam
826 3828 875 3862 ceu
896 3810 971 3861 index
1002 3810 1109 3878 quidam
1138 3805 1245 3858 brevior
1271 3815 1296 3856 et
1314 3804 1389 3875 quasi

352 3878 444 3945 qnidam
463 3879 596 3951 appendix
615 3880 839 3933 Tusculanarum.
881 3880 958 3933 Hanc
977 3879 1194 3932 coniunctionem
1216 3888 1241 3928 et
1260 3878 1334 3946 quasi
1354 3876 1389 3928 si-

351 3948 512 4004 militudinem
534 3971 588 4003 esse
606 3952 806 4004 Paradoxorum
831 3971 893 4004 curn
912 3951 1070 4004 Tusculanis
1096 3950 1174 4003 tacite
1193 3948 1325 4018 signilicat
1343 3945 1390 3999 Ci-

352 4036 402 4071 cero
419 4023 446 4074 in
465 4042 560 4076 eorum
582 4024 746 4091 praelatione
767 4024 873 4077 dicens:
900 4025 971 4074 illud
994 4024 1124 4073 oriciorum
1149 4022 1305 4090 vigiliarum
1332 4038 1392 4069 rnu-

352 4109 404 4148 nus,
428 4114 483 4165 qno
501 4094 613 4165 intelligi
633 4096 686 4149 vult
708 4097 893 4159 Tusculanus,
921 4095 1020 4165 pariter
1042 4096 1080 4144 ari
1101 4098 1216 4144 Brutum
1241 4090 1274 4143 de
1297 4089 1389 4142 iisdem

352 4163 418 4216 robus
433 4168 487 4219 iam
505 4167 626 4235 scriptas,
646 4179 671 4220 et
690 4166 741 4220 hoc
757 4167 957 4219 Paradosorum
973 4165 1131 4236 opusculum
1151 4163 1264 4215 alterum
1284 4160 1390 4212 alterius
1449 4196 1458 4204 .

352 4253 468 4290 summam
488 4239 623 4309 quandam
643 4259 696 4291 esse
717 4240 863 4291 breviorem
877 4258 993 4290 asserere
1011 4238 1138 4290 ridetur.“
1175 4235 1227 4286 Sed
1244 4232 1391 4304 deTuscu—

351 4304 422 4371 lanis,
447 4329 611 4381 quamquam
631 4311 663 4363 ad
686 4310 798 4363 Brutum
819 4311 936 4379 scriptis,
965 4330 1018 4361 non
1041 4319 1143 4380 poterut
1171 4306 1275 4365 dicere,
1300 4322 1344 4353 eas
1362 4303 1389 4351 iu

352 4380 424 4429 llruti
447 4385 549 4433 norrrinc
572 4383 759 4452 comparuisse.
805 4381 918 4452 Scripsit
947 4393 1034 4434 tannen
1063 4380 1141 4432 etiam
1168 4374 1333 4428 Facciolotus
1357 4373 1390 4425 ad

351 4450 419 4503 rerba
441 4455 568 4506 inuictum
588 4454 742 4524 vigiliarum
761 4472 840 4521 opus:
860 4453 903 4520 „T
905 4453 1044 4506 usculanus
1055 4448 1240 4517 Quaestiones,
1261 4446 1342 4497 libros
1360 4446 1392 4497 dc

351 4520 451 4577 Finibus
469 4537 494 4579 et
514 4526 546 4579 dc
565 4527 664 4580 Natura
686 4524 834 4577 Deornm.⁴‘
