3517 5450
763 736 968 786 ruooautuu.
1342 716 1389 791 21

345 887 436 960 inquit,
457 889 528 945 forte
545 889 581 960 (l)
599 891 682 947 libros
698 893 732 949 de
750 893 773 947 F
774 894 892 949 inibus.“
928 896 1153 968 wyttenbachius
1166 909 1255 954 autem
1274 900 1302 955 in
1314 901 1392 957 sebo·

342 977 372 1031 lis
387 977 468 1032 baec:
489 978 581 1047 „Quia
599 979 643 1034 ille
662 980 749 1036 maior
766 981 849 1049 liber,
868 1001 950 1055 quem
970 983 1003 1037 ad
1023 994 1049 1038 te
1066 985 1175 1057 scripsi,
1195 986 1342 1041 maioribus
1355 989 1393 1042 si-

341 1063 419 1137 giliis,
437 1065 456 1119 i.
477 1085 501 1121 e.
521 1066 688 1139 longioribus
705 1071 841 1138 noctibus,
859 1072 996 1126 mensibus
1012 1071 1145 1139 bibernis,
1170 1073 1215 1130 bic
1232 1095 1297 1147 ergo
1317 1077 1393 1143 liber,

341 1174 419 1228 quem
440 1154 489 1209 tibi
507 1155 604 1208 donavi
624 1167 751 1230 tanquam
771 1178 884 1225 munus,
904 1160 920 1213 i.
940 1179 963 1214 e.
982 1179 1062 1231 quem
1082 1161 1130 1215 tibi
1149 1162 1251 1229 dicari,
1270 1166 1394 1236 apparuit

340 1243 366 1296 in
384 1254 433 1297 tuo
452 1242 580 1310 nomine,
599 1243 618 1297 i.
633 1264 657 1297 e.
674 1255 721 1299 tuo
741 1247 851 1301 nomine
871 1246 1013 1318 insignitus
1028 1259 1074 1303 est.
1110 1248 1157 1304 Est
1173 1250 1247 1303 enim
1265 1251 1309 1306 bic
1326 1253 1395 1306 liber

341 1332 446 1384 Brutus
465 1351 487 1384 s.
503 1329 538 1383 de
553 1328 642 1385 Claris
658 1331 850 1388 Oratoribus.“
887 1335 967 1404 Quae
983 1336 1048 1389 item
1068 1347 1107 1390 est
1125 1337 1255 1391 sententia
1269 1338 1393 1405 Scbiitaii,

341 1417 384 1489 qui
402 1418 432 1471 in
451 1417 658 1489 prolegomenis
674 1421 708 1473 ad
728 1422 878 1491 Paradnsa,
896 1423 974 1490 „lloc
989 1423 1056 1477 nibil
1074 1423 1164 1491 aliud,
1193 1425 1314 1496 scripsit,
1337 1447 1394 1481 esse

340 1517 441 1578 potest,
467 1524 550 1577 quam
567 1506 638 1560 liber
654 1508 688 1561 de
706 1506 792 1563 Clatis
812 1510 989 1579 Oratoribus,
1014 1511 1060 1582 qui
1085 1511 1239 1567 inscribitur
1262 1519 1394 1571 Brutua.“

341 1594 420 1663 Quod
441 1592 507 1647 mibi
525 1613 636 1666 qunque
654 1595 758 1650 ridetur
776 1598 961 1652 certissimum.
979 1628 1014 1638 -
1050 1596 1178 1653 Ceterum
1196 1600 1229 1653 de
1249 1598 1353 1671 Vigiliis
1368 1611 1394 1654 et

341 1681 583 1736 tucutmtiouitus
601 1693 682 1737 exstat
698 1683 842 1756 singularis
858 1685 964 1739 libellus
985 1684 1137 1759 Christopb.
1163 1686 1285 1754 Cellarii,
1312 1707 1393 1760 quem

343 1769 473 1841 inscripsit
491 1769 764 1839 lucubratiunculam,
783 1772 868 1826 editus
886 1772 968 1827 llalae
985 1776 1058 1829 169⁹
1076 1786 1103 1828 et
1120 1779 1199 1831 17⁰6.
1215 1780 1242 1831 4.
1261 1787 1288 1830 et
1301 1776 1394 1848 dispu-

344 1860 401 1914 tatio
419 1857 524 1912 Mureti
543 1859 622 1913 Varr.
645 1859 729 1913 Lectt.
752 1861 847 1928 XVlll,
872 1864 915 1916 13.
963 1862 1007 1915 Ad
1029 1883 1053 1916 r.
1073 1883 1171 1916 munus
1196 1863 1286 1918 laudat
1312 1864 1394 1936 Borg.

344 1946 535 2018 praefationem
553 1945 667 2017 Aquilae
685 1948 800 2002 Romani
826 1949 994 2019 grammatici
1020 1950 1054 2004 ad
1082 1951 1202 2005 libellum
1229 1953 1262 2005 de
1288 1953 1394 2024 Figuris

346 2034 541 2090 Sententiarum
557 2034 605 2104 (ad
624 2034 724 2089 calcem
744 2036 835 2090 Rutilii
854 2036 938 2108 Lupi)
954 2056 970 2090 a
988 2036 1150 2092 Ruhnkenio
1167 2039 1279 2104 editum,
1295 2039 1342 2092 ubi
1356 2050 1394 2093 est

346 2144 367 2194 p.
380 2128 446 2180 13⁹:
464 2123 577 2194 ideoque
593 2134 689 2192 postea
705 2125 755 2178 bac
773 2124 880 2193 plenum
898 2124 950 2176 tibi
966 2144 1063 2178 munus
1076 2126 1222 2180 reddemus.
1257 2125 1395 2179 Memora·

347 2213 392 2266 bile
408 2212 492 2266 etiam
509 2211 576 2263 illud
593 2220 645 2278 est,
664 2213 738 2283 quod
756 2212 785 2266 in
806 2210 874 2266 cot.
894 2211 1015 2280 Gud4A.
1034 2213 1120 2267 verbis
1136 2215 1268 2267 iuniorum
1285 2213 1394 2285 vigilia·

347 2321 399 2353 rum
417 2299 632 2372 superscriptum
650 2311 703 2354 est:
722 2310 796 2354 notat
814 2299 859 2354 lib.
872 2301 905 2352 ds
921 2302 991 2371 repis,
1012 2301 1078 2354 etin
1094 2300 1145 2355 Or.
1165 2302 1183 2354 l.
1201 2299 1330 2372 scriptum
1342 2308 1393 2353 est:

347 2390 469 2459 quonium
487 2406 572 2456 opus
599 2387 670 2439 illud
687 2390 817 2441 maiarum
840 2389 998 2460 vigiliarum
1026 2390 1310 2443 Tusculanarum
1334 2407 1395 2440 mu-

346 2493 400 2542 nus,
417 2475 447 2529 in
466 2473 535 2528 cod.
552 2473 661 2528 Suerin.
679 2477 805 2546 quonium
828 2476 901 2529 illud
916 2486 996 2547 eget
1013 2478 1145 2531 taamtum
1161 2479 1318 2549 vigiliarum
1334 2495 1395 2528 mu-

346 2583 393 2617 rus
413 2562 709 2616 Tusculanarum.
745 2562 819 2631 Quid
837 2563 1032 2617 sibirelitillud
1045 2575 1106 2635 eget
1124 2584 1182 2619 non
1194 2564 1273 2619 lacile
1290 2563 1393 2630 dixeris,

346 2652 391 2707 nisi
407 2653 478 2706 sorte
491 2651 589 2724 aliquis
606 2651 738 2722 glossator
755 2651 783 2704 in
803 2649 925 2721 margine
943 2650 1084 2723 adscripsit
1100 2653 1236 2724 egregium
1254 2670 1301 2716 sc,
1318 2669 1395 2705 com-

346 2743 441 2814 pendio
459 2741 609 2812 scriptum,
632 2740 706 2813 quod
734 2759 875 2812 perperam
901 2740 1000 2794 lectum
1017 2740 1045 2795 in
1072 2752 1222 2796 centenam
1246 2739 1395 2794 orationem
1450 2735 1453 2742 '

345 2830 443 2900 recepit
461 2828 588 2883 librarius
612 2829 726 2901 ineptus.
768 2830 799 2883 ln
825 2827 892 2883 eod.
910 2827 991 2883 Drsd.
1009 2832 1037 2885 5.
1057 2830 1131 2883 abest
1148 2848 1260 2893 munus,
1287 2838 1314 2882 et
1337 2836 1396 2899 post

345 2921 444 2972 annuae
462 2917 584 2989 sequitur
602 2917 738 2988 quidem
756 2918 895 2985 apparuit.
932 2916 991 2971 Mr.

412 3004 584 3077 Degustabis
601 3015 629 3056 et
647 3006 708 3072 troc]
726 3005 769 3058 At.
790 3016 817 3056 et
836 3004 994 3076 degustabis
1014 3006 1071 3058 boc.
1107 3005 1129 3057 F
1136 3023 1203 3061 acc.

413 3105 442 3146 et
461 3093 620 3166 degustabis
636 3112 722 3163 genus
740 3095 812 3162 bom]
842 3094 931 3147 Verba
950 3105 977 3146 ct
996 3092 1153 3165 degustabis
1171 3111 1256 3164 usque
1281 3090 1315 3145 ad
1334 3108 1397 3142 con-

344 3184 417 3236 suevi
435 3181 533 3236 desunt
556 3181 585 3234 in
602 3180 669 3234 Cod.
687 3181 768 3236 Drsd.
787 3186 820 3245 43
846 3181 915 3236 Cod.
928 3177 980 3236 01.
1004 3182 1036 3235 E.
1064 3181 1145 3235 Bern.
1169 3180 1278 3251 Erlang.
1302 3178 1396 3231 Duisb.

343 3270 439 3326 Grai.
459 3269 531 3323 Gud.
548 3267 585 3326 B.
598 3268 651 3321 Ed.
666 3268 752 3323 suffr.
770 3269 852 3337 Petri,
874 3272 944 3325 Vict.
961 3270 1054 3324 Lami).
1073 3269 1201 3323 omittunt
1215 3269 1339 3320 toccum
1348 3266 1397 3320 Ed.

343 3360 429 3432 princ.
447 3358 613 3430 Μος.1455.
632 3377 708 3411 voces
724 3370 751 3410 st
770 3370 796 3411 et
815 3360 864 3411 boc
881 3358 1009 3412 amittunt
1027 3356 1095 3410 Edd.
1115 3358 1273 3409 Venttfit.
1291 3365 1398 3407 nostrae

344 3449 411 3501 Ven.
420 3451 501 3502 14⁹².
521 3448 601 3500 1514.
618 3445 704 3517 bugd.
714 3449 795 3500 1515.
810 3447 937 3501 Davenn.
954 3448 1035 3499 1515.
1053 3445 1115 3530 ξπ.
1128 3445 1207 3498 1501.
1244 3439 1314 3494 Cum
1328 3441 1397 3495 Fac-

344 3537 404 3591 ciol.
423 3546 483 3607 post
502 3534 634 3603 apparuit
650 3534 729 3605 plene
749 3534 917 3605 distinguunt
934 3542 1104 3605 perguntque
1122 3528 1289 3601 Degustabis
1305 3537 1333 3579 et
1348 3528 1397 3579 lroc

342 3642 426 3696 pauc
445 3622 514 3677 Edd.
536 3621 569 3675 ll.
588 3621 674 3676 wott
692 3621 753 3675 Ald.
772 3626 851 3678 1548.
870 3623 954 3677 Paris.
971 3622 1051 3675 atta.
1097 3617 1151 3673 Sed
1170 3616 1223 3672 boc
1250 3625 1289 3669 est
1304 3626 1397 3669 contra

344 3730 449 3764 marem
467 3709 616 3765 Ciceronis.
658 3710 714 3764 Nos
726 3712 843 3781 optimos
860 3711 999 3783 sequimur
1017 3708 1100 3765 libras
1116 3717 1143 3761 et
1160 3704 1274 3776 scriptos
1296 3714 1324 3759 et
1341 3703 1398 3758 edi·

345 3809 393 3853 tos.
429 3798 490 3851 Mr.

415 3898 454 3947 Et
481 3893 639 3965 degustabis
671 3912 756 3964 genus
785 3895 845 3963 boe]
874 3893 924 3948 Or.
946 3893 979 3945 ad
1009 3892 1151 3946 lectionem
1188 3889 1337 3954 librorum,
1369 3888 1397 3941 in

347 3986 442 4057 quibus
471 3983 546 4036 deest
577 3983 626 4034 boc
653 3982 693 4034 rel
719 3992 747 4033 et
773 3985 836 4048 lior,
861 3983 969 4053 signum
996 3980 1112 4046 addidit,
1146 3997 1201 4050 quo
1226 3976 1398 4049 significatur,

349 4072 474 4127 lectiones
507 4070 556 4123 bas
587 4089 643 4124 esse
674 4071 875 4135 memorabiles,
909 4080 1033 4140 receptae
1064 4069 1173 4121 insusse
1207 4063 1401 4137 praeferendas.

352 4159 414 4213 Mibi
432 4160 543 4232 quidem
561 4159 685 4212 sidentur
708 4164 764 4211 non
792 4159 874 4212 modo
901 4177 958 4212 non
979 4157 1106 4213 tantidem
1127 4155 1322 4218 aestimandae,
1354 4151 1399 4204 sed

356 4246 555 4319 reprobabiles
573 4246 682 4319 quidem
700 4267 765 4301 esse.
800 4247 843 4300 Ad
861 4268 883 4301 v.
904 4246 1060 4318 degustabis
1077 4246 1159 4316 Borg.
1178 4243 1284 4297 confert
1301 4241 1334 4293 de
1351 4238 1401 4293 Or.

358 4332 384 4398 ll,
401 4340 447 4389 bb:
465 4338 561 4408 itaque
574 4335 635 4406 feci
652 4364 689 4375 -
705 4345 733 4386 et
750 4336 863 4388 istorum
881 4336 999 4388 omnium
1017 4333 1171 4388 summatim
1188 4347 1286 4381 causas
1310 4337 1337 4380 et
1353 4346 1401 4399 ge-

361 4438 415 4472 mm
432 4424 491 4493 ipsa
508 4423 666 4495 gustavi.
704 4422 763 4475 Me.

409 4511 658 4565 'Exercitatinaum
677 4512 794 4579 aarum]
813 4511 851 4565 lta
870 4509 957 4565 Codd.
976 4509 1061 4565 Onu.
1081 4504 1160 4561 Drad·
1171 4508 1195 4559 2.
1213 4502 1320 4558 Suerin.
1336 4503 1403 4557 Edd.
