3517 5450
678 742 874 791 rininoxon
894 745 915 792 r.
959 745 1027 794 cir.
1047 746 1069 794 1.
1126 726 1130 736 '
1352 723 1400 798 35

352 900 376 953 in
394 902 551 972 pecoribus,
579 902 692 973 praediis
712 903 823 975 aliisque
842 903 922 955 rebus
945 904 1063 957 eiusdem
1087 907 1203 976 generis:
1230 908 1367 978 quomodo
1386 930 1401 962 a

352 989 413 1042 iuris
432 990 525 1061 peritis
543 990 740 1062 accipiuntur.“
777 990 838 1044 Ald.
857 990 995 1045 Manutius
1017 992 1049 1045 ad
1076 1013 1097 1045 r.
1117 995 1245 1062 pecunias
1263 993 1403 1066 adscripsit

352 1082 388 1132 M.
409 1079 514 1141 Crassi,
538 1078 571 1131 ad
593 1069 615 1132 r.
637 1088 710 1129 tecta
728 1080 874 1150 magnifica
892 1079 1036 1150 significari
1057 1079 1111 1134 vult
1128 1085 1161 1134 L.
1183 1082 1338 1145 Lucullum,
1357 1101 1402 1135 ea·
1462 1080 1464 1084 ’

352 1184 401 1236 que
425 1163 492 1217 alias
515 1165 628 1218 insanas
653 1166 781 1218 uillarum
806 1165 1020 1218 substructiones
1046 1168 1098 1222 dici
1123 1169 1159 1223 ait
1185 1169 1325 1238 [nimirum
1352 1190 1402 1240 pro

351 1249 462 1306 1111131.
474 1251 567 1320 med.]‚
587 1251 704 1325 denique
720 1272 790 1322 opes,
808 1254 920 1322 imperia
938 1254 1051 1326 intelligi
1070 1255 1125 1308 vult
1141 1259 1186 1308 Cn.
1202 1258 1327 1325 Pompeii.
1345 1257 1375 1308 M
1381 1278 1403 1311 r.

420 1338 527 1408 Quibus
546 1340 658 1390 maxime
676 1341 803 1392 adstricti
822 1342 898 1408 sunt]
920 1343 1031 1405 „Stricti
1050 1362 1128 1406 unus,
1147 1342 1226 1396 male.
1263 1344 1336 1398 Alias
1353 1346 1403 1415 as-

348 1427 441 1497 fecti.“
475 1425 533 1494 [Sic
551 1425 623 1480 Crat.
641 1427 669 1480 in
688 1431 784 1500 marg]
815 1427 886 1481 Atd.
913 1428 1001 1484 Man.
1037 1429 1134 1498 „Quas
1153 1442 1316 1501 sequuntur,
1342 1443 1403 1486 tan-

353 1532 431 1584 quam
457 1512 480 1566 si
506 1513 617 1584 alligati
640 1517 754 1569 essent.“
782 1515 804 1567 F
811 1534 854 1568 rc.
880 1514 969 1586 Sylv.
1005 1518 1036 1570 ln
1062 1516 1147 1571 Codd.
1172 1517 1251 1571 Drsd.
1270 1522 1295 1573 1.
1316 1523 1342 1575 5.
1366 1533 1404 1575 est

354 1599 448 1672 quibus
468 1600 596 1652 adstricti
612 1601 725 1652 maxime
743 1612 827 1663 33111,ι
853 1601 882 1655 in
906 1603 986 1657 Drsd.
1007 1608 1032 1657 2.
1060 1605 1157 1677 quibus
1180 1606 1307 1658 adstricti
1329 1620 1404 1667 sunt,

354 1688 448 1740 omisso
469 1688 591 1741 maxime.
628 1687 696 1742 cod.
722 1687 830 1743 Suerin.
858 1688 918 1744 Cre.
936 1694 961 1744 1.
981 1697 1006 1744 2.
1032 1694 1141 1745 astricti
1165 1703 1192 1746 et
1215 1693 1252 1748 sic
1274 1696 1404 1769 scriptum

354 1787 387 1830 est
412 1777 441 1828 in
469 1774 624 1848 quindecim
650 1775 717 1830 Edd.
741 1777 838 1830 nostris
862 1777 1060 1849 antiquissimis.
1096 1778 1146 1833 Ox.
1164 1798 1194 1841 u.
1214 1781 1312 1836 omittit
1330 1793 1404 1839 sunt.

354 1863 391 1915 bd
416 1863 499 1916 rerba
524 1863 666 1916 commode
691 1875 830 1936 comparat
854 1863 937 1935 Borg.
964 1864 1021 1919 Cic.
1045 1886 1094 1938 pro
1114 1864 1208 1920 Coelio
1228 1870 1278 1922 19:
1306 1871 1362 1920 Hic
1380 1871 1405 1922 si

356 1949 406 2002 obs
414 1962 448 2003 tr
456 1952 467 2001 i
473 1961 553 2002 ctus
570 1951 758 2021 voluptatibus
771 1963 915 2016 teneretur,
932 1953 960 2005 in
973 1954 1025 2004 bac
1035 1954 1092 2004 acie
1102 1955 1221 2026 quotidie
1231 1956 1406 2009 versaretur?

355 2035 419 2090 Tum
433 2036 504 2090 cod.
515 2038 586 2091 Gud.
598 2038 628 2092 Β.
642 2038 721 2093 hebet
737 2038 815 2091 rebus
831 2039 914 2094 bonis.
951 2038 1001 2093 Ox.
1015 2040 1046 2095 E.
1061 2040 1135 2092 bonis
1146 2041 1244 2095 omisso
1258 2040 1351 2095 rebus:
1370 2063 1405 2097 ne

357 2143 412 2178 sero
427 2145 458 2178 ex
474 2125 524 2180 hac
537 2137 563 2180 et
574 2128 747 2181 antecedente
762 2127 910 2198 scriptione
925 2128 1003 2180 rebus
1017 2127 1196 2182 abiiciendum
1211 2147 1326 2182 censeas.
1344 2130 1376 2182 M
1382 2150 1404 2184 r.

422 2216 487 2266 Aut
506 2215 661 2283 expetendis
679 2234 735 2268 esse
754 2216 831 2282 duxi]
852 2215 943 2269 Edidit
956 2215 1016 2270 Ald.
1030 2216 1105 2269 Man.
1119 2216 1148 2268 in
1163 2215 1236 2268 bonis
1254 2214 1334 2268 rebus
1350 2236 1407 2269 esse

326 2361 330 2368 ι
358 2302 586 2353 numerandos
605 2303 683 2366 duxi,
709 2301 879 2374 addiditque:
909 2304 953 2368 „in
972 2302 1029 2357 bon.
1048 2303 1101 2356 reb.
1120 2313 1182 2355 out
1200 2306 1407 2372 expetendis

358 2407 407 2442 esse
422 2409 509 2442 num.
528 2390 602 2455 duxi,
620 2391 789 2463 quindecim:
810 2411 824 2444 a
839 2410 955 2462 quorum
972 2403 1073 2463 septem
1088 2392 1161 2446 abest
1172 2394 1360 2446 numerandos.
1370 2423 1406 2436 -

359 2481 387 2529 ln
404 2478 429 2532 b.
448 2499 471 2532 r.
492 2489 543 2530 aut
564 2479 598 2530 in
616 2497 676 2549 exp.
694 2498 750 2531 esse
769 2498 851 2531 num.
874 2479 954 2543 duxi,
977 2498 1063 2543 unus3
1092 2480 1120 2531 in
1144 2479 1167 2532 b.
1187 2499 1210 2534 r.
1232 2489 1283 2530 out
1301 2498 1404 2549 appe·

359 2566 473 2618 tendis
492 2585 550 2619 esse
567 2585 638 2619 num.
657 2567 830 2636 produxi,
849 2585 934 2629 unus;
961 2570 990 2616 in
1009 2565 1032 2619 b.
1051 2586 1073 2617 r.
1092 2576 1144 2617 aut
1160 2567 1336 2634 petendis,
1355 2568 1407 2619 de-

358 2654 562 2706 siderandis
581 2672 637 2706 esse
657 2655 731 2719 duxi,
749 2657 894 2707 unus.“—
920 2652 991 2706 Fre.
1009 2652 1077 2724 syl.
1096 2651 1285 2707 itembabebat
1298 2653 1326 2705 in
1340 2672 1407 2707 con-

359 2743 434 2809 textis,
454 2741 530 2814 quod
549 2741 610 2795 Atd.
630 2744 703 2795 Man.
737 2741 790 2795 Sed
812 2762 841 2795 ex
860 2742 983 2813 antiquo,
1002 2753 1031 2794 ut
1050 2742 1093 2807 ait,
1113 2740 1213 2795 Codice
1230 2742 1360 2795 enotavit:
1379 2744 1407 2795 in

360 2827 378 2882 b.
394 2831 417 2884 r.
435 2839 490 2880 aut
507 2847 567 2898 exp.
586 2848 642 2881 esse
661 2831 735 2883 duxi.
760 2860 796 2872 -
827 2829 1013 2884 Graevius:
1042 2832 1087 2888 „in
1110 2830 1134 2881 b.
1157 2850 1178 2883 r.
1205 2840 1256 2881 aut
1273 2850 1332 2900 exp.
1352 2850 1408 2884 esse

360 2915 433 2967 duxi:
453 2916 493 2969 sic
513 2913 544 2967 C.
561 2916 644 2987 Lang.
664 2928 689 2970 et
708 2917 810 2971 Victor.
830 2918 892 2971 edd.
910 2937 973 2971 cum
991 2916 1073 2971 MSS.
1092 2916 1125 2970 31.
1144 2916 1240 2973 Lamb.
1258 2928 1284 2971 et
1301 2917 1406 2972 Mannt.

360 3004 394 3057 ed.
412 3005 442 3055 in
462 3002 537 3054 bonis
555 3003 606 3054 reb.
625 3023 681 3056 esse
699 3025 771 3059 num.
791 3007 865 3060 duxi.
886 3006 919 3059 31.
940 3007 981 3059 ed.
1001 3007 1030 3057 in
1043 3003 1066 3055 b.
1079 3026 1101 3059 r.
1114 3015 1165 3055 aut
1184 3023 1243 3073 exp.
1261 3023 1318 3056 esse
1335 3024 1408 3056 num.

359 3091 428 3145 duxi.
448 3089 494 3143 alii
513 3089 615 3143 aliter.“
631 3120 664 3131 -
689 3093 753 3147 Post
772 3092 920 3148 Gruterum
939 3105 964 3148 et
982 3092 1128 3147 Graevium
1147 3111 1240 3145 omnes
1258 3091 1408 3158 ediderunt,

360 3187 383 3230 ut
399 3196 459 3242 nos,
484 3196 514 3229 ex
534 3176 642 3248 optimis
659 3179 779 3234 videlicet
798 3181 880 3248 libris,
901 3182 989 3236 eiectis
1007 3180 1176 3252 glossematis.
1213 3179 1350 3233 Addamus
1369 3192 1410 3235 ta·

359 3279 416 3315 men
436 3262 571 3316 librorum
590 3276 743 3318 nostrorum
761 3266 898 3333 lectiones,
917 3288 974 3321 non
988 3267 1132 3320 nominatis
1143 3268 1183 3330 iis,
1202 3267 1324 3337 quicum
1338 3270 1411 3339 opti·

359 3351 403 3402 nis
421 3350 534 3404 iaciunt.
572 3349 658 3406 Codd.
677 3352 736 3410 Cri.
755 3358 780 3407 1.
800 3358 825 3409 3.
843 3353 909 3408 On.
928 3376 953 3424 η.
969 3374 998 3417 ψ.
1017 3353 1088 3406 Gud.
1107 3351 1138 3406 C.
1157 3351 1265 3406 Suerin.
1283 3354 1363 3406 Drsd.
1382 3357 1409 3407 4.

360 3442 379 3491 5.
399 3437 456 3505 [hic
470 3438 540 3504 dire]
558 3438 617 3492 Bas.
633 3439 699 3494 Edd.
717 3441 811 3495 Lamb.
832 3440 894 3495 Atd.
908 3445 988 3496 1545.
1014 3439 1090 3492 Boul.
1108 3438 1197 3491 Herm.
1216 3437 1292 3491 Cam.
1312 3439 1410 3493 habent

361 3524 383 3576 in
409 3523 486 3574 bonis
510 3522 588 3576 rebus
614 3537 666 3577 aut
690 3528 843 3597 expetendis
868 3547 924 3580 esse
949 3525 1184 3579 numerandas
1209 3525 1283 3577 duxi.
1319 3524 1408 3578 Verba

361 3610 494 3682 scriptoris
512 3621 564 3662 aut
582 3615 736 3681 expetendis
754 3624 855 3668 extrusa
874 3627 936 3669 sunt
953 3634 968 3668 a
986 3614 1072 3686 glossa
1090 3612 1271 3664 numerandas
1292 3610 1321 3664 in
1341 3611 1408 3666 Edd.

362 3696 484 3753 Darentr.
497 3698 577 3752 fldlb.
594 3720 615 3753 s.
629 3699 646 3754 l.
666 3712 692 3755 et
709 3721 733 3755 a.
753 3702 817 3774 Arg.
836 3705 918 3758 1515.
937 3703 1019 3756 Paris.
1037 3704 1115 3755 15⁰7.
1134 3701 1213 3753 1512.
1232 3697 1311 3752 Atdd.
1330 3702 1409 3753 1511.

363 3789 436 3841 1552.
472 3784 523 3837 Ed.
543 3804 586 3857 ap.
605 3786 691 3841 Meus.
709 3789 778 3843 Ven.
797 3792 876 3843 14⁹2.
896 3794 975 3845 1514.
1012 3786 1084 3842 Crat.
1103 3786 1214 3840 Lambb.
1234 3784 1314 3840 Goth.
1334 3784 1409 3857 sylb.

364 3870 438 3927 Solus
449 3873 519 3927 cod.
536 3873 594 3927 Crz.
605 3880 631 3929 2.
645 3875 724 3929 babet
737 3877 764 3928 in
780 3876 854 3929 bonis
869 3877 947 3929 rebus
966 3886 1018 3927 aut
1033 3874 1198 3945 petendis
1216 3891 1272 3924 esse
1290 3873 1364 3926 dccxi.
1374 3902 1410 3913 -

365 3960 551 4024 „Graecismus
568 3972 620 4015 est:
638 3966 664 4014 ἓν
680 3974 737 4021 τοῖς
755 3960 869 4028 ἀγαθοῖς
887 3958 904 4032 ἢ
922 3963 1034 4032 obpacata
1053 3960 1092 4014 rel
1109 3963 1162 4012 suiv
1180 3956 1289 4025 ἀγαθῶν
1305 3954 1321 4028 ἢ
1340 3960 1410 4028 uipe-

366 4052 410 4100 uir
428 4043 502 4102 sivos.
540 4048 623 4103 Cuius
640 4049 790 4105 Graecismi
815 4050 966 4122 ignorantiis
991 4050 1142 4104 scholiastes
1162 4048 1270 4118 quidam
1289 4047 1410 4116 interpo-

368 4137 425 4190 nin
452 4139 633 4190 numerandas
652 4157 709 4191 esse
728 4139 821 4194 duri.“
849 4138 881 4191 Η.
902 4138 1007 4191 Wolf.
1045 4136 1087 4189 Ad
1106 4136 1183 4188 rerba
1206 4134 1312 4188 confert
1328 4131 1409 4201 Borg.

370 4220 458 4277 locum
471 4225 505 4278 de
527 4224 615 4279 Finib.
634 4226 680 4291 tlt,
699 4230 730 4280 5:
756 4227 892 4299 Quicquid
909 4226 978 4277 enim
996 4223 1225 4293 expetendum
1242 4237 1298 4271 esse
1318 4217 1411 4266 dixe·

373 4312 425 4375 ris,
449 4313 478 4363 in
498 4311 624 4384 bonisque
642 4313 721 4365 rebus
738 4314 996 4367 numeraveris:
1022 4310 1094 4365 unde
1113 4309 1222 4362 scrisse
1244 4306 1320 4374 origo
1338 4302 1410 4373 glos-

375 4398 468 4450 sematis
486 4397 623 4452 ducenda:
648 4412 719 4454 certe
737 4400 799 4454 inde
818 4419 873 4452 non
893 4399 956 4453 licet
974 4397 1154 4471 patrocinium
1174 4404 1263 4465 petere
1280 4388 1410 4445 vocabulo

376 4496 574 4552 tupervacaneo,
595 4506 683 4559 neque
704 4489 811 4543 lectioni
831 4485 938 4542 Codicis
956 4488 1036 4540 Drsd.
1053 4489 1078 4539 5.
1097 4483 1154 4533 dixi
1173 4479 1316 4551 produxi.
1353 4477 1410 4531 Mr.
