3517 5450
584 724 778 772 ιιιιιυοιιοιι
801 725 832 772 ι’.
866 725 935 772 cir.
958 726 992 774 ιι.
1246 703 1319 778 253

263 905 337 940 ram:
358 902 422 938 nam
444 884 627 936 assentationis
645 882 802 954 significatio
822 884 873 937 iam
895 884 961 937 inest
982 886 1008 936 in
1030 886 1114 939 verbis
1134 888 1268 958 Loquitur
1286 891 1324 940 od

263 976 443 1027 voluntatem.
463 971 521 1024 Mr.
557 972 734 1037 „Asseotatio
753 982 809 1024 erat
828 970 963 1043 peculiare
982 972 1111 1038 officium,
1131 975 1203 1045 quod
1221 976 1323 1029 Romae

265 1062 401 1118 candidati
421 1062 473 1114 sive
492 1059 601 1114 clientes
621 1061 789 1130 praestabant
809 1061 935 1131 patronis.
972 1061 1032 1113 vid.
1052 1061 1087 1128 Q.
1107 1063 1202 1116 Cicero
1221 1064 1254 1116 de
1271 1064 1323 1116 Pe-

266 1153 303 1206 tit.
322 1148 452 1213 Consul,
482 1149 527 1220 qui
547 1169 593 1201 eos
613 1161 688 1203 vocat
706 1159 885 1201 assectatores
907 1151 941 1216 [c.
961 1150 1015 1216 9.],
1041 1161 1066 1203 et
1085 1151 1140 1222 ipse
1159 1151 1254 1204 Cicero
1275 1172 1323 1223 pro

266 1240 338 1292 Mur.
358 1258 382 1291 c.
402 1241 449 1292 ⁹5⁴
469 1237 530 1308 [leg.
549 1256 607 1309 cap.
627 1239 681 1304 34]
701 1238 879 1308 Wyttenb.
926 1235 979 1289 Sed
1004 1237 1054 1289 vid.
1079 1237 1208 1309 singulari
1233 1240 1323 1293 libello

266 1327 298 1380 de
316 1347 348 1380 ea
369 1347 399 1380 re
421 1326 598 1398 disputantem
624 1327 654 1378 C.
681 1323 715 1376 G.
735 1323 979 1378 Scbwarrium
997 1326 1025 1377 in
1044 1324 1112 1378 Diss.
1140 1327 1172 1377 de
1189 1329 1322 1379 Assecta-

267 1419 338 1468 tiam
357 1426 479 1468 veterum
497 1418 684 1468 Romanorum.
723 1413 819 1465 Altors.
840 1414 919 1466 1112.
937 1418 964 1467 4.
983 1418 1027 1468 20.
1047 1433 1092 1487 pp.
1129 1413 1187 1469 Mr.

337 1502 455 1568 assidet,
475 1502 619 1568 munerat]
657 1501 804 1565 „Miratur,
823 1499 912 1570 vulgo.
950 1503 1060 1569 Venet,
1079 1504 1185 1570 rectius,
1205 1516 1232 1557 ut
1247 1515 1321 1573 puto,

267 1601 435 1655 numerator.
471 1589 538 1642 Nam
559 1589 643 1643 missis
662 1589 832 1656 muneribus,
852 1601 882 1642 ut
901 1600 995 1643 notum
1014 1601 1068 1656 est,
1086 1590 1261 1646 hereditatum
1279 1593 1323 1644 iu-

267 1679 405 1732 sidiatores
423 1677 567 1732 conciliare
584 1677 730 1749 locupletes
741 1689 767 1731 et
785 1677 906 1731 solebant
925 1679 1061 1750 quondam
1078 1692 1103 1735 et
1117 1700 1191 1734 nunc
1208 1679 1321 1734 solent.⁸‘

269 1772 444 1833 Camerar.
476 1766 603 1829 Volebat,
624 1777 653 1819 ut
673 1765 757 1831 rides,
776 1764 946 1818 Camerarius
964 1777 1130 1820 muneratur.
1175 1767 1260 1820 Error
1284 1778 1321 1819 est

266 1859 291 1908 in
310 1855 361 1908 Ed.
380 1854 467 1926 Lugd.
486 1858 572 1917 raom
592 1866 663 1908 recta
684 1854 793 1927 scriptio
812 1854 839 1907 in
859 1854 910 1909 Ed.
928 1854 1052 1926 llerwag.
1070 1859 1148 1908 1540.
1175 1855 1218 1908 cui
1245 1855 1322 1908 addi-

267 1953 306 1997 tae
325 1952 389 1997 sunt
406 1942 539 1995 Emendd.
561 1942 680 1996 Victorii.
719 1941 776 1994 Mr.

337 2030 456 2097 assidet,
475 2032 620 2097 munerat]
659 2030 751 2097 „Libri
771 2042 870 2084 veteres
888 2030 932 2083 alii
951 2030 1050 2084 babent
1068 2050 1187 2096 munera,
1206 2031 1249 2084 alii
1268 2051 1320 2082 rru-

268 2130 366 2183 merat,
387 2118 445 2184 alii,
464 2129 493 2171 ut
512 2118 645 2171 edendum
666 2120 830 2185 curarimus,
858 2130 998 2172 munerat:
1027 2138 1082 2191 quo
1101 2120 1182 2171 modo
1205 2130 1231 2172 et
1249 2120 1321 2172 Lan·

268 2208 323 2277 gius
350 2206 442 2259 edidit.
488 2206 518 2258 ln
542 2206 609 2259 cod.
630 2205 794 2261 Memmiana
822 2226 916 2260 omnes
943 2206 991 2260 bae
1022 2207 1246 2262 dissimilitudines
1270 2206 1320 2259 ad·

267 2298 379 2365 scriptae
397 2304 469 2361 sunt,
489 2304 515 2346 et
535 2305 672 2366 praeterea
691 2295 762 2349 docti
780 2295 920 2349 cuiusdam
938 2295 1093 2363 coniectura
1112 2282 1223 2347 inuncto
1243 2295 1320 2349 dat.‘⁴

267 2382 462 2452 LJambinus.
484 2411 514 2421 -
553 2384 699 2449 „Assidet,
719 2385 846 2452 miratur]
865 2384 987 2440 desidet,
1005 2395 1138 2449 notuerat,
1156 2396 1226 2438 ncto.
1263 2386 1319 2436 As-

267 2471 349 2533 sidet,
370 2478 544 2525 numeratur,
564 2480 699 2541 quattuor.
736 2472 859 2534 desidet,
879 2482 1052 2528 numeratur.
1071 2490 1150 2524 unus.
1194 2473 1320 2532 Moritur,

267 2559 383 2621 assidet,
403 2557 466 2610 duo.
502 2558 614 2609 Asside!
635 2561 728 2614 meiat,
748 2577 825 2611 unus.
863 2561 957 2623 Nudt,
976 2558 1091 2621 assidet,
1115 2576 1193 2610 unus.
1237 2557 1318 2609 Assi-

267 2647 326 2702 det‚
345 2655 459 2708 narrat,
484 2648 580 2698 unus.“
606 2644 677 2697 Ald.
697 2645 783 2699 Man.
826 2644 974 2699 Camerarii
1003 2646 1135 2698 correctio
1160 2654 1319 2696 muneratur

266 2732 389 2803 placebat
407 2733 487 2785 etiam
505 2732 534 2787 S.
554 2733 675 2786 Corrado
695 2734 722 2786 in
742 2733 901 2802 Quaestura.
938 2734 999 2786 vid.
1019 2734 1068 2786 Ed.
1087 2734 1153 2789 Ern.
1168 2754 1198 2805 p.
1212 2736 1318 2789 330.-

267 2820 333 2874 cod.
351 2820 433 2873 llrsd.
452 2825 479 2874 4.
498 2832 672 2884 numeratur,
696 2823 817 2888 assidet3
838 2821 889 2875 Os.
909 2821 940 2877 E.
967 2820 1039 2875 Gud.
1059 2822 1092 2875 A.
1117 2820 1198 2875 Drsd.
1217 2825 1243 2874 1.
1265 2840 1316 2871 nu·

265 2919 350 2961 ruerat
369 2909 427 2979 (hic
445 2908 618 2962 antecedente
636 2919 762 2962 assentur
786 2909 845 2976 [sic]
866 2908 982 2973 assidet)
1001 2920 1027 2962 et
1045 2908 1125 2962 Drsd.
1144 2914 1186 2972 23
1214 2906 1278 2960 On.
1297 2908 1317 2959 1.

266 3009 290 3065 η.
310 3017 334 3050 o.
352 3015 384 3057 ψ.
403 3006 527 3049 munerat
535 3017 545 3057 ,·
564 2995 643 3049 Drsd.
665 3000 690 3052 3.
709 3007 868 3047 numeratur
887 3015 950 3048 cum
970 2997 1036 3049 eod.
1054 2996 1113 3050 Bas.
1139 3008 1166 3051 et
1184 2997 1233 3050 Ed.
1260 3015 1317 3067 prc.

265 3089 334 3137 Cum
353 3085 399 3150 iis,
420 3084 606 3155 quinumerat
625 3083 762 3150 exhibent,
789 3084 892 3138 faciunt
913 3085 993 3139 Bern.
1012 3096 1038 3138 et
1061 3084 1167 3151 Guels.;
1194 3094 1317 3136 munerat

265 3172 408 3226 ediderunt
433 3172 525 3225 bamb.
549 3171 633 3224 Sulfr.
659 3173 731 3225 Petr.
757 3166 900 3226 tt'Wots.
923 3172 1027 3227 Gernb.
1053 3172 1103 3226 Or.
1129 3173 1247 3244 itemque
1268 3172 1317 3225 Ed.

264 3260 362 3328 Calon.
382 3259 463 3313 Solus
480 3260 539 3314 Crr.
558 3264 583 3314 t.
600 3260 678 3314 babet
698 3272 803 3323 nrutot,
821 3262 893 3313 solus
910 3261 969 3313 Cre.
989 3267 1015 3313 1.
1033 3250 1111 3314 nuit.
1157 3262 1226 3325 Nos,
1254 3279 1317 3312 cum

264 3367 405 3401 munerare
424 3348 462 3400 rix
482 3367 537 3400 uno
557 3347 618 3401 loco
637 3347 776 3401 Ciceronis
793 3347 910 3418 legatur,
936 3348 1041 3418 saepius
1065 3349 1214 3412 munerari,
1242 3346 1318 3398 dedi-

264 3456 324 3490 mus
342 3448 503 3488 muneratur
529 3455 591 3489 cum
618 3435 685 3488 Edd.
711 3436 781 3488 Vict.
803 3435 872 3488 Rob.
898 3434 989 3505 Steph.
1017 3434 1096 3489 Grut.
1123 3434 1209 3487 Gran.
1236 3435 1316 3486 Verb.

264 3522 373 3577 Sebrev.
394 3521 489 3577 Graes.
512 3524 593 3577 Face.
610 3523 679 3582 Hub.
698 3522 768 3576 Otiv.
786 3521 852 3575 Ern.
872 3522 953 3593 Borg.
995 3521 1026 3574 ln
1045 3522 1154 3593 reliquis
1178 3534 1217 3575 est
1233 3522 1318 3572 mira-

268 3622 323 3664 tur.
362 3608 433 3663 Cum
452 3612 604 3664 terminatio
623 3616 658 3667 ἴιῑ
683 3613 711 3664 in
730 3610 851 3683 plurimis
876 3609 962 3666 Codd.
991 3610 1152 3681 compendio
1177 3608 1317 3673 scribatur,

265 3698 366 3751 mirum
387 3711 516 3766 nonest,
543 3720 602 3753 eam
626 3702 654 3754 in
680 3698 770 3752 multis
794 3699 868 3754 libris
897 3700 1019 3753 excidisse
1044 3698 1084 3751 vel
1110 3717 1234 3770 parvam,
1263 3717 1315 3768 qua

268 3784 452 3858 significatur,
471 3787 596 3841 lineolam
616 3808 724 3842 curram
744 3788 922 3842 oblitteratam
940 3808 1003 3841 esse.
1040 3786 1099 3839 Mr.

335 3876 411 3947 Quid
428 3877 523 3928 horum
541 3888 582 3929 est
602 3876 696 3929 liberi?
716 3877 782 3949 quid
799 3878 912 3948 denique
931 3896 983 3928 non
1001 3877 1075 3927 servi-
1089 3874 1217 3941 inertis?]
1249 3872 1318 3925 Cod.

263 3967 321 4018 Cra.
343 3968 371 4017 1.
407 3964 481 4033 Quid
499 3983 619 4021 eorum.
640 3968 698 4019 crs.
718 3971 743 4017 2.
762 3976 803 4016 est
821 3963 1072 4020 liberilsominis.
1108 3962 1178 4015 Tum
1198 3959 1315 4014 Gudtt.

263 4052 333 4104 servi
350 4051 423 4103 servi
441 4051 505 4121 (sic)
522 4070 586 4104 non
605 4052 740 4106 inertis.
776 4052 888 4106 Gud.B.
907 4052 977 4103 nisi
994 4052 1065 4103 servi
1082 4039 1185 4102 iriertis.
1223 4051 1315 4100 Crat.

262 4140 332 4192 servi
350 4157 405 4190 non
423 4139 546 4195 inbertis.
583 4138 641 4193 Cre:
661 4144 687 4195 8.
705 4142 758 4193 nisi
776 4129 846 4192 servi
866 4160 917 4191 non
935 4140 1038 4192 inertis.
1076 4138 1141 4191 cod.
1160 4136 1238 4190 Drsd.
1251 4138 1316 4187 2.·5.

261 4228 317 4280 Urs.
337 4232 365 4281 2.
384 4226 463 4280 Suer.
481 4226 544 4280 Esc.
563 4226 630 4299 Eyb.
651 4228 720 4283 Vict.
745 4228 829 4281 Sulis.
853 4229 923 4281 Petr.
942 4227 1010 4280 Rob.
1036 4224 1127 4297 Stepb.
1147 4226 1215 4275 Ven.
1235 4226 1314 4276 1514.

260 4312 368 4367 Camer.
387 4312 469 4367 Grut.
487 4312 574 4369 Gron.
593 4315 700 4369 Scbrev.
721 4315 803 4368 Verb.
822 4315 921 4368 babent
949 4314 1017 4385 quid
1033 4314 1144 4381 denique
1162 4311 1232 4362 servi
1249 4329 1314 4362 non

256 4402 402 4455 inertis.
446 4400 494 4453 Ed.
513 4402 573 4455 Prc.
593 4403 642 4458 Ed.
668 4424 711 4476 ap·
731 4406 814 4458 Meus.
839 4403 918 4456 lldlb.
939 4402 1002 4472 Arg.
1027 4399 1114 4451 llerw.
1143 4396 1228 4467 Lugd.
1252 4397 1314 4451 Par.

256 4492 439 4544 15121543.
473 4490 539 4543 Ven.
558 4494 636 4545 1491.
667 4476 768 4544 Sturm.
797 4491 874 4544 Boul.
899 4490 965 4562 quid
991 4489 1048 4541 deri.
1067 4485 1138 4537 nisi
1161 4483 1231 4536 servi
1249 4504 1312 4538 nors
