3517 5450
442 755 679 805 PROLEGDHENA
708 758 749 802 tu
776 759 945 807 utcnnuutt
973 760 1158 808 uuutuoxu.
1216 763 1319 811 ΧΧΧΙΧ

337 927 400 969 sunt
422 916 540 981 additae,
569 915 594 967 id
615 918 723 987 quidem
744 915 890 982 concedet,
909 919 955 989 qui
975 919 1150 989 reputaverit,
1174 918 1321 990 descriptos

335 987 475 1041 Ciceronis
494 985 576 1039 libros
599 987 632 1039 ab
662 987 830 1051 hominibus,
859 987 905 1058 qui
933 989 989 1042 lere
1013 1009 1108 1043 omnes
1134 990 1237 1044 Graeca
1266 1010 1320 1042 uon

324 1058 459 1129 lligerent,
478 1057 600 1128 adeoque
622 1078 654 1110 ue
673 1057 773 1112 litteras
792 1058 901 1130 quidem
922 1071 1038 1126 nossent,
1057 1080 1204 1132 earumque
1224 1061 1322 1132 liguras

324 1129 396 1183 ttiuis
415 1129 567 1200 saepissime
584 1128 747 1201 distinguere
766 1149 822 1181 non
842 1129 1003 1184 didicissent.
1047 1130 1129 1184 Cuius
1155 1133 1321 1202 ignorantiae

324 1201 370 1272 ,gis
390 1211 458 1272 quot
477 1212 625 1282 appareant
644 1221 666 1284 a:
686 1221 708 1254 c.
728 1200 900 1284 qupistolis
918 1202 951 1256 ad
971 1201 1106 1285 dtticum,
1132 1202 1184 1257 dici
1204 1203 1241 1255 vix
1261 1215 1322 1274 pot·

324 1268 682 1414 diluizalliuf'ffilil'e‘
703 1273 931 1398 {tllt‘u‘ltlt
946 1283 1323 1429 'ululatattttt

324 1415 342 1468 is
358 1413 520 1486 persuadere
538 1413 635 1479 voluit,
661 1414 746 1468 nullas
776 1413 854 1485 plane
879 1415 959 1469 luisse
977 1435 991 1467 a
1011 1414 1150 1470 Ciceronis
1173 1435 1255 1469 manu
1274 1417 1323 1469 ad-

324 1485 550 1556 tinscriptiones,
570 1504 658 1555 neque
678 1484 809 1551 Graecas,
829 1505 918 1558 neque
937 1486 1054 1550 Latium
1081 1487 1178 1559 quibus
1197 1507 1247 1558 ego
1268 1507 1321 1540 nou

324 1575 389 1622 reor,
416 1568 527 1620 utcum
546 1574 578 1607 eo
597 1555 711 1623 faciam,
738 1558 882 1629 omniaque
901 1577 943 1611 sex
961 1558 1097 1612 Paradoxa
1120 1560 1250 1612 continuo
1269 1578 1323 1612 esse

324 1639 373 1698 pta,
393 1627 524 1680 continuo
543 1625 655 1696 legenda
675 1628 818 1681 existimem
856 1628 924 1682 Nam
946 1629 1150 1701 primumquod
1169 1630 1215 1696 ait,
1233 1631 1252 1683 si
1272 1630 1324 1683 hoc

324 1719 370 1765 tas,
401 1700 488 1751 verius
507 1698 607 1751 dictum
627 1699 660 1750 iri
679 1699 847 1770 Degustulris
866 1720 952 1770 genus
972 1702 1022 1752 dec
1040 1730 1075 1740 -
1094 1703 1132 1752 ad
1148 1713 1270 1753 nostrum
1288 1731 1322 1740 —

324 1771 406 1840 uasere
425 1771 530 1821 dicendi
548 1788 650 1839 genus,
670 1770 696 1822 id
717 1771 858 1840 probatum
877 1771 923 1825 isit
940 1783 1062 1825 contorta
1076 1771 1190 1843 quadam
1210 1772 1322 1838 ratione,

324 1861 339 1894 te
355 1841 496 1895 obscurior
514 1840 592 1893 etiam
611 1839 640 1892 srt
659 1841 702 1904 iis,
732 1861 800 1912 quae
825 1843 894 1896 iustu
919 1842 1041 1912 longiore
1059 1849 1212 1913 nuprvOr'on
1237 1844 1322 1897 addit:

339 1913 422 1965 setius
440 1911 510 1964 dicta
527 1924 666 1981 apparent,
686 1924 834 1984 quaesunt
853 1914 880 1965 in
902 1914 986 1966 verbis
1003 1915 1169 1985 Degustobis
1181 1915 1240 1970 rel:
1260 1934 1322 1968 nam

326 1986 369 2037 tusi
388 1983 506 2036 Graecas
525 1983 679 2053 interponas
697 1984 853 2048 sententias,
880 2003 936 2036 non
955 1984 1095 2037 minusad
1114 1986 1262 2038 oratorium
1281 1986 1323 2038 di·

325 2055 348 2109 di
384 2074 451 2107 enus
471 2053 594 2106 translata
614 2055 787 2121 ridebuntur,
807 2074 889 2126 quam
908 2056 928 2107 si
947 2073 1002 2108 uno
1021 2054 1092 2126 legas
1110 2067 1212 2109 tenore.
1254 2056 1322 2109 lllutl

324 2075 430 2196 aplane
450 2126 553 2178 videtur
571 2125 742 2196 negandum,
761 2145 816 2178 non
837 2126 921 2198 magis
938 2125 1081 2179 desiderari
1107 2133 1192 2185 disere
1211 2127 1284 2193 istas,
1302 2128 1323 2180 si

324 2198 442 2260 ittuntur,
464 2215 551 2267 neque
571 2196 601 2248 iis
619 2197 833 2269 interrumpatur
850 2216 932 2251 nexus
950 2198 1104 2260 continuus,
1123 2218 1204 2269 quam
1223 2199 1250 2251 in
1267 2218 1322 2251 ser·

324 2288 350 2322 ne
369 2268 526 2339 Damasippi
544 2267 615 2337 apud
634 2267 789 2334 Horatium,
815 2269 862 2322 ubi
878 2269 942 2322 item
971 2269 1056 2322 oratio
1076 2269 1109 2321 ab
1133 2269 1186 2322 alio
1204 2269 1324 2340 disputa·

323 2341 350 2392 ris
366 2339 452 2410 capite
471 2340 504 2392 ad
523 2339 636 2391 alterum
654 2350 850 2407 transcurrens,
877 2341 940 2394 item
967 2342 1029 2394 satis
1046 2360 1124 2411 saepe
1149 2343 1182 2394 sit
1200 2342 1321 2412 abrupta.

324 2412 404 2464 iride
424 2410 490 2463 mihi
508 2410 703 2480 Damasippum
722 2410 839 2479 Horatii,
864 2412 941 2465 cuius
958 2411 1012 2465 huc
1032 2423 1121 2464 utrum
1141 2424 1213 2465 recte
1234 2414 1322 2467 traha·

335 2484 514 2555 comparatio,
544 2482 689 2534 admodum
718 2482 821 2536 dubito.
870 2482 917 2536 Est
935 2483 971 2535 ibi
995 2482 1161 2554 colloquium
1179 2483 1323 2556 Damasip-

324 2555 426 2607 uiuter
445 2565 471 2607 et
488 2553 642 2605 Horatium:
662 2554 690 2605 in
710 2554 741 2606 iis
758 2565 863 2620 autem,
889 2573 957 2625 quae
978 2553 1142 2624 Damasippo
1160 2554 1323 2618 tribuuntur,

324 2638 414 2679 nsunt
433 2624 567 2688 diverbia,
586 2625 619 2676 ab
640 2625 697 2696 ipso
717 2636 832 2678 narrata.
868 2623 987 2678 Diliicile
998 2636 1037 2677 est
1054 2624 1210 2695 legentibus,
1227 2625 1323 2692 fateor,

324 2717 332 2752 t
356 2698 517 2771 permiscere
542 2694 736 2767 colloquentes:
761 2698 822 2760 sed,
848 2696 868 2750 si
898 2696 1031 2762 attendas,
1055 2694 1238 2767 deprehendes
1262 2697 1323 2751 satis

324 2771 425 2844 spicue,
445 2789 514 2841 quae
533 2769 647 2821 obscura
667 2767 705 2820 vel
724 2769 835 2821 confusa
865 2768 986 2823 videntur
1004 2768 1121 2839 primum
1141 2767 1247 2840 legenti.
1292 2771 1322 2821 ln

324 2841 414 2895 'adesis
433 2860 489 2893 non
515 2851 553 2892 est
578 2838 758 2911 colloquium,
786 2840 830 2893 sed
854 2839 957 2912 aliquot
981 2839 1046 2893 locis
1071 2835 1238 2910 ἀποστροφή,
1269 2858 1322 2911 qua

325 2912 469 2985 ascriptor
487 2911 628 2982 aliquoties
644 2912 723 2964 etiam
742 2911 947 2982 respondentem
966 2910 1027 2964 lacit
1046 2931 1121 2975 eunt,
1150 2930 1230 2982 quem
1256 2911 1324 2964 allo·

324 3004 351 3037 us
368 2995 422 3049 est,
440 3001 491 3035 nec
511 3002 572 3033 vero
591 2981 640 3046 ita,
661 2994 690 3034 ut
708 3000 756 3051 per
775 2994 856 3036 totam
875 2982 1079 3055 disputationem
1099 2982 1179 3051 (sicut
1196 2992 1234 3034 est
1251 2983 1322 3053 apud

324 3056 426 3124 ratium)
446 3053 520 3125 quasi
540 3052 645 3105 salsulae
664 3053 767 3105 senicae
786 3073 916 3125 personae
934 3074 988 3106 sese
1007 3053 1145 3124 excipiant.
1182 3052 1244 3121 Qua
1264 3065 1323 3106 tan-

324 3145 337 3179 n
356 3128 460 3181 ratione
479 3126 531 3195 legi
557 3135 627 3178 totus
646 3123 749 3177 libellus
767 3126 847 3195 possit
866 3136 894 3178 ut
912 3145 965 3179 una
985 3126 1058 3196 quasi
1078 3124 1235 3178 declamatio
1256 3145 1323 3178 con·

324 3218 361 3253 ras
389 3217 473 3270 quum
496 3196 622 3263 lacunae,
642 3216 710 3267 quae
729 3196 799 3249 inter
815 3197 962 3250 secuudum
983 3197 1147 3268 potissimum
1165 3209 1190 3250 et
1207 3197 1323 3263 tertium,

324 3290 343 3323 er
359 3270 468 3324 tertium
488 3279 513 3321 et
531 3279 671 3339 quartum,
696 3268 766 3321 inter
784 3268 908 3340 quintum
928 3280 953 3320 et
976 3280 1076 3321 sextum
1094 3279 1223 3339 apparent
1241 3267 1324 3321 Para·

325 3360 376 3408 on,
396 3361 452 3394 non
471 3339 610 3411 explentur
627 3338 715 3410 aliqua
735 3340 885 3409 argumenti
903 3338 1104 3410 significatione,
1122 3358 1191 3410 quae
1207 3339 1323 3391 subitum

324 3412 384 3467 licet
410 3424 436 3465 et
465 3412 544 3482 plane
573 3412 779 3481 inexspectatum
806 3411 945 3462 transitum
969 3410 1001 3462 ad
1029 3408 1101 3460 aliud
1124 3420 1323 3479 argumentum,

324 3485 347 3537 ul
368 3483 507 3555 quomodo
524 3480 664 3536 cohaereat
682 3500 744 3535 cum
764 3481 981 3535 antecedentibus
1000 3500 1014 3532 a
1034 3479 1111 3531 nobis
1135 3479 1242 3550 quidem
1266 3499 1324 3532 ma-

332 3556 489 3628 perspicue,
508 3573 588 3624 quam
610 3574 623 3606 a
642 3552 858 3624 Morgensternio
877 3551 1039 3605 declaratum
1058 3553 1110 3615 est,
1138 3569 1166 3603 ex
1186 3550 1325 3605 Ciceronis

324 3646 363 3681 ent
382 3630 497 3697 abrupta
517 3638 544 3678 et
569 3626 744 3679 commotiore
771 3626 892 3678 oratione
921 3643 976 3677 non
1004 3634 1056 3675 tam
1083 3622 1160 3675 facile
1186 3623 1325 3693 percipias.

323 3698 379 3751 odsi
397 3717 460 3750 sero
482 3716 605 3766 rnagnam
626 3696 827 3768 inscriptionum
847 3695 1011 3749 Graecarum
1031 3693 1181 3747 varietatem
1200 3695 1227 3746 iu
1240 3694 1326 3749 codd.

324 3770 358 3824 iS.
377 3781 407 3824 ut
424 3769 519 3821 iustam
538 3767 694 3839 suspicionis
712 3787 831 3833 causam,
857 3766 963 3839 qualem
982 3768 1009 3818 in
1029 3764 1130 3819 Latinis
1148 3767 1326 3819 concessimus

324 3861 345 3906 e,
364 3860 396 3894 eo
416 3839 502 3891 valere
522 3838 597 3905 selis,
617 3850 644 3892 ut
666 3838 855 3902 existimemus,
884 3837 1000 3892 Graecas
1019 3856 1143 3908 quoque,
1162 3847 1191 3889 ut
1209 3838 1323 3902 Latinas,

324 3912 379 3964 trias
397 3931 468 3975 esse,
494 3910 550 3961 eius
567 3929 618 3980 ego
639 3910 769 3962 varietatis
788 3910 867 3962 aliam
888 3908 980 3980 plane,
1009 3928 1089 3979 quam
1109 3908 1239 3961 varietatis
1256 3910 1327 3963 Lati·

324 4002 383 4048 um,
402 4000 508 4035 causam
529 4000 582 4032 esse
601 3980 719 4031 dixerim.
763 3981 918 4035 Latinarum
944 3981 1070 4033 nimirum
1094 3979 1224 4032 varietatis
1250 4001 1327 4033 causa

332 4072 424 4107 eorum
441 4052 581 4104 hominum
602 4052 739 4118 sedulitas,
758 4053 802 4124 qui
822 4051 940 4115 Graeca,
960 4070 1075 4124 quorum
1094 4052 1230 4103 conversio
1250 4052 1328 4105 Cice·

323 4125 338 4176 ri
357 4143 528 4197 nequaquam
549 4123 630 4175 rideri
650 4134 753 4193 poterat
772 4124 931 4191 necessaria,
962 4124 989 4175 in
1015 4141 1109 4174 eorum
1133 4142 1208 4175 usuru
1234 4123 1326 4174 Latine

324 4195 397 4247 leuda
417 4194 609 4261 existimarent,
637 4214 752 4265 quorum
778 4194 899 4248 doctrina
919 4215 973 4247 nou
1000 4193 1067 4246 ultra
1088 4194 1196 4247 Latinae
1221 4193 1328 4263 linguae

324 4267 413 4318 eutium
432 4265 599 4319 ascendisset.
642 4265 722 4333 Quod
744 4285 827 4337 quum
848 4265 937 4337 plures
962 4284 1011 4337 pro
1036 4266 1075 4317 sui
1098 4264 1197 4335 ingenii
1217 4262 1327 4340 modulo

324 4335 413 4403 issent,
442 4338 542 4390 lactum
568 4348 618 4400 est,
651 4350 680 4389 ut
705 4338 823 4391 existeret
852 4337 895 4390 illa
921 4338 1046 4401 varietas,
1073 4356 1152 4407 quam
1179 4334 1246 4386 adeo
1270 4354 1326 4387 non

324 4406 406 4461 dorem
426 4430 481 4462 esse
500 4409 595 4461 merito
614 4408 725 4461 mireris.
761 4408 791 4461 ln
811 4408 922 4462 Graecis
939 4410 989 4462 alia
1010 4427 1051 4460 res
1068 4418 1114 4460 est.
1159 4402 1219 4457 Non
1249 4406 1325 4478 equi-

325 4496 346 4529 m
361 4481 509 4545 contendo,
529 4500 622 4533 omnes
640 4479 732 4550 plane,
759 4491 788 4533 ut
806 4500 856 4552 ego
875 4500 937 4534 cum
956 4480 1013 4533 aliis
1031 4478 1114 4542 edidi,
1141 4476 1326 4546 inscriptiones

325 4548 384 4603 alem
401 4552 480 4625 plane
500 4572 569 4619 esse,
590 4571 655 4623 quas
672 4550 769 4607 Cicero
788 4553 972 4625 praeposuerit
995 4570 1043 4605 suo
1062 4549 1260 4603 Paradoxorum
1281 4570 1325 4603 ex-
