3517 5450
446 697 522 772 364
852 719 1014 768 excursos
1041 721 1087 767 in.

449 900 512 952 cyra
534 878 553 945 l,
576 885 602 944 2,
622 883 657 932 to
685 880 716 932 ad
744 884 787 935 to.
813 880 855 933 cui
881 879 958 950 plura
986 891 1086 932 exstant
1112 878 1222 943 similia,
1256 891 1282 932 et
1307 881 1449 951 praecipue
1467 881 1493 933 ll.

452 969 520 1022 Pbil.
540 970 604 1022 16.“
640 967 728 1020 Locus
747 987 770 1020 c.
790 970 834 1022 33.
854 980 904 1022 est:
930 979 988 1020 tom
1006 969 1128 1036 infirmo,
1146 977 1202 1018 tom
1218 979 1347 1019 enervato
1366 988 1410 1035 reo
1428 969 1454 1036 [i.
1474 989 1493 1021 e.

448 1076 509 1110 eum
530 1076 589 1109 reus
609 1067 662 1109 tam
682 1055 804 1109 infirmus
821 1057 870 1108 sit
890 1056 976 1122 reus]:
1002 1057 1050 1126 qni
1077 1065 1109 1106 te
1131 1056 1173 1105 ito
1196 1056 1373 1124 gesseris,
1401 1066 1432 1105 ut
1457 1056 1494 1105 ti·

446 1163 566 1210 meres,
585 1164 617 1196 ne
636 1174 669 1183 -
690 1144 878 1201 videreris.
897 1145 951 1196 nisi
969 1171 1004 1181 —
1022 1143 1250 1203 exstitissem,-
1271 1141 1339 1194 alter
1355 1146 1435 1195 stt:
1453 1145 1495 1196 An

446 1243 483 1284 tu
504 1242 719 1300 -putas-
739 1259 773 1270 -
793 1260 827 1270 -
847 1231 947 1301 quise
965 1230 1021 1299 ipsc
1041 1229 1265 1281 condemnet?

515 1318 608 1371 Unum
626 1318 711 1385 addo,
730 1319 763 1371 de
782 1338 836 1391 quo
854 1319 961 1373 locutus
978 1337 1036 1371 sum
1058 1318 1090 1370 ad
1110 1317 1206 1371 Tusce.
1223 1316 1255 1382 ll,
1277 1321 1321 1384 12,
1342 1322 1386 1373 29.
1407 1323 1495 1391 p.4tt.

445 1406 492 1460 Est
510 1407 562 1459 ibi:
580 1407 703 1475 Quidme
722 1407 870 1476 decipis,
890 1405 1028 1458 bnot-
1048 1425 1129 1478 quum
1144 1406 1245 1457 molum
1262 1424 1378 1477 negas
1395 1426 1496 1458 esse—.

447 1494 525 1546 Nittt
545 1503 602 1559 est,
618 1495 629 1545 i
635 1497 755 1566 nquit,
775 1495 891 1560 molum,
911 1495 964 1546 nisi
982 1493 1056 1566 quod
1072 1503 1150 1564 turpe
1165 1522 1200 1532 -
1217 1503 1269 1546 est.
1315 1493 1367 1546 Ad
1384 1494 1493 1561 ineptias

446 1583 550 1638 redis.
596 1582 679 1635 Erant
697 1601 729 1634 eo
748 1581 809 1634 loco
836 1581 881 1653 qui
901 1581 979 1635 scribi
999 1580 1096 1635 vellent
1112 1580 1210 1652 inquis.
1254 1579 1308 1632 Sed
1337 1581 1431 1632 monui
1454 1580 1493 1644 ibi,

447 1670 518 1742 quod
538 1669 667 1722 similibus
686 1669 751 1723 locis
776 1671 828 1722 iam
848 1690 927 1741 saepe
946 1671 1048 1724 sactum
1067 1680 1105 1722 est
1122 1669 1155 1721 ab
1175 1668 1246 1731 aliis,
1274 1668 1433 1740 ubicunque
1451 1687 1494 1738 pro

447 1759 538 1831 inquit
556 1768 689 1827 exspectes
706 1759 811 1830 inquis,
843 1757 1003 1813 Ciceronem
1028 1758 1183 1829 loquentem
1208 1776 1264 1808 non
1288 1756 1392 1828 alloqui
1411 1755 1496 1808 adver·

446 1845 545 1898 sarium
563 1845 665 1916 ipsum,
683 1845 728 1898 sed
747 1845 825 1914 (disi)
844 1847 877 1899 ad
897 1866 982 1900 unum
1002 1846 1040 1899 rel
1059 1845 1092 1899 ad
1113 1845 1203 1917 plures
1227 1845 1366 1899 auditores
1391 1862 1496 1898 conver-

446 1951 506 1999 sus,
536 1932 600 2004 quid
621 1933 780 2003 respondeat
805 1933 850 1987 ille
868 1934 908 1987 vel
935 1934 1097 2005 respondere
1123 1933 1215 2006 possit,
1244 1931 1389 2002 significat.
1436 1931 1497 1984 Add.

447 2021 504 2073 Cic.
530 2019 563 2072 de
588 2019 620 2072 N.
638 2021 672 2073 D.
692 2019 712 2086 l,
732 2023 775 2087 36,
795 2023 856 2075 100.
879 2042 904 2092 p.
924 2025 960 2076 64
977 2041 1016 2092 sq.
1042 2021 1082 2074 ed.
1107 2033 1189 2074 nostr.
1211 2022 1277 2074 min.
1302 2020 1371 2093 ibiq.
1397 2031 1497 2081 annot.;

446 2107 532 2161 Beier.
552 2108 584 2161 ad
605 2105 661 2161 Cic.
673 2107 761 2162 Oratt.
780 2109 917 2179 Fragmm.
938 2128 963 2180 p.
978 2112 1030 2162 tta
1049 2129 1089 2181 sq.
1125 2108 1222 2161 Nostro
1240 2119 1331 2162 autem
1350 2108 1497 2161 Paradoxo-

446 2214 507 2246 rum
527 2194 588 2248 loco
608 2207 678 2249 recte
698 2197 803 2250 monuit
822 2196 963 2250 Ernestus:
990 2195 1037 2250 Est
1055 2196 1098 2250 bic
1119 2193 1298 2255 α’νακὸλουθος
1319 2198 1423 2250 oratio:
1442 2215 1496 2249 nam

446 2283 580 2354 pertinent
599 2282 664 2337 baec
682 2285 715 2337 ad
735 2282 859 2337 Crassum
887 2296 913 2338 et
935 2284 968 2337 ad
993 2284 1113 2337 initium:
1141 2287 1189 2356 qui
1210 2285 1285 2337 videt
1314 2285 1386 2337 domi
1412 2297 1496 2335 tuoe.

446 2370 539 2443 ltaque
559 2371 672 2425 debebat
689 2382 757 2425 esse:
777 2374 889 2445 quiete
907 2390 960 2424 non
976 2381 1057 2441 putet
1074 2373 1210 2440 confiteri,
1229 2372 1298 2423 tibi
1314 2375 1387 2426 etc.“
1425 2371 1497 2423 Vides

447 2458 526 2512 etiam
545 2478 574 2511 ex
595 2460 663 2512 varia
683 2459 797 2514 lectione
812 2459 919 2513 Codicis
937 2458 987 2512 Ox.
1005 2458 1038 2525 l.‚
1058 2463 1106 2512 boc
1125 2470 1152 2512 te
1175 2479 1225 2531 pro
1245 2461 1333 2518 hunc,
1352 2461 1433 2513 luisse
1450 2460 1495 2512 iam

448 2559 561 2600 veterem
580 2547 696 2618 aliquem
716 2559 911 2613 correctorem,
932 2567 1013 2619 quem
1032 2547 1181 2600 ollenderet
1200 2546 1265 2599 illud
1284 2549 1373 2613 hunc,
1402 2549 1495 2619 quique

441 2654 582 2704 errorem,
603 2655 682 2706 quem
702 2635 803 2688 librarii
821 2656 876 2689 esse
895 2636 1031 2702 crederet,
1050 2636 1241 2706 corrigendum
1261 2655 1318 2687 esse
1337 2635 1497 2688 existimaret.

448 2722 573 2777 Ceterum
593 2723 657 2776 nibil
676 2723 728 2779 buc
747 2724 825 2792 lacit,
847 2724 920 2798 quod
940 2737 979 2778 est
997 2724 1024 2778 in
1039 2723 1089 2778 Ox.
1102 2722 1135 2777 N.
1154 2723 1226 2776 bunc
1244 2741 1323 2775 vere
1342 2743 1397 2775 non
1417 2742 1496 2793 neque

449 2811 520 2883 quod
539 2823 577 2865 est
594 2812 622 2864 in
640 2812 720 2865 Drsd.
737 2816 769 2865 4:
788 2815 849 2885 quis
867 2833 920 2865 non
938 2822 1017 2882 putet
1035 2812 1106 2863 ltunc
1125 2810 1257 2862 conscium
1264 2830 1275 2871 ,·
1295 2810 1325 2862 in
1345 2809 1397 2863 Ox.
1406 2829 1436 2872 ψ.
1454 2808 1497 2861 sub

448 2920 498 2972 pro
516 2900 578 2965 siti,
598 2901 625 2954 in
644 2899 694 2953 Ox.
712 2900 747 2953 U.
771 2900 798 2953 in
826 2920 880 2971 quo
906 2911 1018 2971 propter
1046 2897 1245 2951 similitudinem
1265 2898 1414 2950 verborum
1435 2896 1497 2949 erci-

448 2989 545 3042 derunt
564 2990 641 3042 rerba
659 2988 736 3041 esse?
753 2989 798 3040 cui
815 2998 907 3038 nutem
926 2986 1050 3059 quaesito
1067 3005 1149 3055 opus,
1176 2986 1205 3037 in
1228 2984 1310 3036 Drsd.
1330 2987 1356 3039 3.
1384 2986 1496 3055 quinon

450 3078 529 3130 habet
552 3077 645 3129 verba:
674 3076 719 3127 cui
747 3084 838 3127 autem
864 3075 988 3147 quaesito
1013 3092 1080 3142 opus
1106 3074 1157 3135 sit,
1187 3071 1282 3125 eodem
1309 3092 1413 3125 errore.
1459 3071 1496 3121 Est

449 3167 528 3219 otiam
547 3183 601 3215 non
615 3174 695 3233 putet
712 3165 784 3216 bunc
802 3164 829 3216 in
850 3162 917 3216 Cod.
938 3162 1011 3217 Gud.
1031 3162 1060 3213 Β.
1080 3161 1234 3232 ibidemque
1253 3162 1407 3226 conscium,
1431 3160 1498 3213 utin

450 3251 528 3304 Drsd.
546 3255 572 3304 4.
608 3249 638 3303 ln
659 3250 762 3304 Aldinis
781 3271 890 3324 quoque
909 3251 996 3305 Codd.
1015 3261 1054 3304 est
1071 3249 1170 3321 aliquid
1191 3248 1338 3316 varietatis,
1358 3249 1433 3301 unde
1450 3249 1497 3301 lor·

450 3351 515 3392 tasse
534 3338 583 3391 Tb.
601 3338 736 3393 Bentleius
755 3359 830 3391 suam
853 3340 926 3410 petiit
946 3340 1143 3394 coniecturam:
1162 3335 1216 3390 duo
1236 3337 1309 3389 enim
1330 3338 1405 3389 bunc
1425 3337 1496 3388 omit·

449 3439 509 3481 tunt
525 3427 566 3497 (in
586 3447 702 3498 quorum
722 3447 776 3480 uno
795 3428 914 3481 additum
935 3429 998 3496 est):
1020 3428 1075 3480 duo
1094 3427 1167 3492 item,
1185 3426 1321 3478 incertum
1336 3436 1428 3477 autem
1442 3444 1499 3477 num

449 3514 545 3581 iidem,
564 3515 690 3568 omittunt
704 3514 764 3569 sibi.
807 3515 865 3586 Ego
893 3516 922 3567 in
946 3515 986 3568 bis
1012 3534 1121 3587 quoque
1149 3512 1213 3566 nibil
1239 3514 1290 3565 nisi
1311 3533 1425 3566 manum
1445 3532 1499 3567 cor-

449 3602 560 3655 rectoris
578 3621 703 3673 agnosco.
741 3602 801 3655 Non
821 3603 876 3656 abit
895 3604 922 3655 in
943 3603 1072 3657 diversam
1090 3622 1105 3655 a
1126 3612 1214 3654 nostra
1233 3601 1397 3654 sententiam
1417 3601 1499 3653 Gem-

449 3689 560 3756 bardus,
586 3689 651 3743 baec
669 3692 800 3743 scribens:
827 3692 889 3757 „Ab
916 3692 994 3744 unius
1013 3692 1175 3763 cogitatione
1193 3700 1220 3742 et
1238 3689 1388 3756 sceleribus
1407 3691 1500 3743 dellexit

450 3778 535 3831 oratio
554 3778 585 3829 ad
607 3788 691 3831 totum
710 3778 924 3832 facinorosorum
944 3780 1083 3833 bominum
1103 3796 1202 3850 genus,
1231 3777 1258 3829 id
1279 3778 1355 3849 quod
1376 3778 1501 3850 quodam·

452 3864 531 3916 modo
550 3863 717 3918 indicabatur
735 3867 821 3920 verbis
838 3868 947 3919 Sullani
964 3868 1103 3936 temporis,
1133 3865 1289 3938 quibusvis
1316 3886 1389 3938 opus
1413 3867 1501 3927 luisset,

451 3953 471 4003 si
492 3970 560 4003 uuus
578 3951 686 4006 Crassus
706 3958 870 4008 notaretur.⁴⁴

874 4161 1080 4172 ...—-—-—--
