3517 5450
360 703 434 776 236
685 723 858 772 rrrsooxr
886 722 1081 773 srorcouur.

357 906 416 940 nes:
442 885 473 938 E.
494 885 571 939 hebet
590 895 674 957 atque
702 903 720 934 a
738 901 838 955 magna
865 883 975 954 [amilio
994 885 1159 938 stultorum.
1207 886 1279 934 Sunt
1299 883 1400 952 —pari

356 985 421 1025 actu
440 973 577 1025 stultitiae
593 991 668 1026 suae.
713 974 816 1026 Vocem
834 973 982 1024 stultorum
1001 971 1100 1025 habeut
1118 971 1198 1024 etiam
1214 969 1320 1042 reliqui.
1355 969 1398 1020 Pro

357 1061 487 1112 lautiores
508 1060 529 1115 1.
547 1059 730 1118 laudatiores‚
749 1077 781 1122 ψ.
800 1060 958 1113 laudatores
977 1089 1011 1100 -
1031 1070 1093 1112 acto
1107 1059 1199 1130 pierii.
1236 1057 1270 1110 N.
1289 1056 1323 1109 U.
1341 1057 1400 1108 stul·

357 1149 437 1199 titiae
461 1166 536 1202 suae.
582 1148 601 1200 1.
621 1167 646 1215 q.
671 1165 694 1198 o·
712 1165 742 1204 ψ.
771 1147 910 1199 stultitiae
934 1167 1001 1200 suae
1025 1157 1097 1201 sunt·
1151 1145 1237 1198 Codd.
1256 1144 1317 1197 Bas.
1333 1141 1402 1194 Guell

357 1236 435 1288 Drsd.
456 1238 481 1288 1.
500 1234 607 1287 Suerin.
626 1234 725 1287 hebent
743 1236 874 1288 atrienses
893 1246 957 1287 actu
974 1235 1039 1304 pari
1056 1233 1194 1286 stultitiae
1204 1250 1282 1285 suae.
1310 1231 1399 1284 Omnes

357 1322 456 1386 nostri,
482 1321 560 1374 etiam
587 1320 660 1377 Gud.
682 1321 713 1374 Α.
737 1320 767 1374 Β.
795 1323 891 1376 Duisb.
915 1322 1022 1376 Suesia.
1047 1321 1145 1375 liabent
1170 1320 1237 1373 illud
1266 1320 1398 1373 stultorum

357 1420 416 1482 post
429 1409 552 1479 familia.
603 1408 683 1461 Drsd.
704 1414 729 1464 2.
754 1411 887 1463 atrienses
915 1422 979 1462 sunt
1004 1411 1069 1480 pari
1087 1421 1151 1460 aetu
1178 1409 1320 1461 stultitiae
1338 1427 1398 1461 suae.

357 1497 436 1550 Drsd.
449 1500 474 1550 3.
493 1505 548 1549 atr.
568 1506 632 1548 actu
650 1497 715 1565 pari
733 1497 813 1551 stult.
831 1516 900 1551 suae
918 1510 1001 1559 sunt,·
1024 1498 1137 1552 Drsd.4.
1155 1497 1238 1565 idem,
1258 1498 1304 1550 sed
1317 1496 1398 1550 omisso

355 1597 429 1639 sunt.
468 1585 547 1638 Drsd.
565 1589 590 1638 5.
621 1585 789 1637 laudatiores
813 1605 862 1637 nec
884 1585 936 1639 sibi
960 1586 1085 1637 videntur
1102 1586 1150 1638 sed
1167 1604 1215 1637 nec
1234 1596 1327 1637 tarnen
1343 1583 1398 1637 servi

357 1676 487 1728 atrienses
505 1684 569 1727 sunt
589 1683 671 1746 atque
690 1674 753 1743 pari
771 1674 909 1725 stultitiae
926 1691 993 1726 suae
1001 1694 1010 1734 ,¹
1038 1671 1097 1725 Cre.
1116 1676 1141 1727 3.
1165 1683 1234 1724 sunt
1260 1681 1292 1722 et
1312 1671 1360 1722 alii
1373 1699 1397 1708 -

356 1763 470 1833 copiarii
487 1763 625 1815 stultitiae
642 1781 709 1814 suae
727 1771 810 1822 sunt‚·
837 1762 896 1814 Cre.
915 1765 940 1814 ².
961 1771 1026 1813 sunt
1051 1761 1101 1812 alii
1125 1760 1260 1811 lautiores
1286 1777 1338 1810 non
1360 1755 1398 1808 sili

356 1852 483 1904 videntur
500 1849 570 1903 servi
588 1850 636 1903 sed
652 1860 742 1901 tamen
760 1849 831 1914 servi
849 1859 915 1901 sunt
935 1848 1043 1915 [lacuna
1057 1852 1074 1902 8
1089 1848 1253 1915 litterarum]
1265 1848 1331 1917 pari
1346 1854 1397 1896 actu

356 1939 494 1991 stultitiae
511 1956 593 1996 suae,
613 1957 723 2009 quos-
735 1939 901 1990 Crz.1.sunt
920 1938 971 1989 alii
988 1937 1201 1989 laudatiores-
1221 1935 1294 1987 servi
1312 1935 1357 1986 sed
1362 1944 1397 1983 tn·

357 2046 414 2078 men
431 2026 502 2079 servi
520 2037 574 2079 atr.
591 2038 657 2079 sunt
676 2037 740 2077 actu
757 2026 820 2095 pari
837 2045 886 2076 sue
903 2025 1039 2090 stulticie,
1058 2044 1124 2097 quos
1137 2053 1180 2076 ·-.
1200 2022 1298 2075 Duisb.
1312 2022 1398 2072 atrien-

360 2133 400 2166 ses
419 2116 563 2184 aucuparii
581 2115 718 2166 stultitiae
732 2133 806 2167 suae.
843 2113 999 2166 Editionum
1020 2113 1163 2179 lectiones,
1191 2131 1263 2182 quae
1285 2110 1344 2182 plus
1358 2109 1397 2160 mi-

357 2222 437 2255 nusve
456 2202 617 2256 coniecturis
634 2202 803 2255 indulserunt
810 2201 923 2272 siquod
944 2202 970 2253 in
992 2212 1063 2254 tanta
1082 2201 1214 2275 Codicum
1235 2195 1397 2270 discrepantia

356 2290 432 2344 aliter
450 2290 507 2342 fieri
524 2290 562 2343 rix
582 2290 695 2362 potuit,)
715 2290 853 2343 videsisin
874 2290 1001 2343 Excusso.
1037 2289 1097 2341 ΜΓ.

429 2398 495 2449 quos
507 2379 642 2430 caelatum
653 2381 808 2449 argentum]
828 2377 896 2432 Cod.
910 2381 967 2431 Cre.
978 2384 1004 2431 2.
1024 2378 1102 2429 celo
1111 2388 1169 2427 tum
1187 2394 1249 2447 arg.
1269 2375 1311 2427 De
1321 2373 1397 2445 operi-

277 2471 282 2479 '
357 2470 407 2521 bus
424 2464 568 2519 Corinthiis
587 2467 644 2519 vide
660 2487 729 2538 quoe
742 2487 822 2538 supra
842 2467 980 2538 posuimus
992 2466 1026 2519 ed
1038 2467 1084 2532 l‚3
1102 2486 1127 2537 p.
1135 2467 1170 2517 19
1185 2484 1226 2535 sq.
1264 2464 1319 2516 Pro
1333 2459 1397 2514 ninia

306 2608 307 2613 ,
356 2569 439 2624 opere,
458 2554 530 2626 quod
549 2554 639 2626 paullo
660 2554 745 2607 rarius
762 2566 808 2621 est,
828 2555 896 2609 Cod.
909 2555 967 2608 Cre.
981 2558 1007 2608 2.
1025 2553 1103 2607 habet
1121 2569 1303 2621 summopere,
1321 2549 1397 2603 Duisb.

356 2643 390 2693 in
411 2662 475 2694 uno
494 2660 584 2711 opere,
609 2661 724 2713 quarum
750 2641 898 2696 lectionum
922 2643 1036 2696 debetur
1056 2641 1130 2713 prior
1148 2639 1253 2693 homini
1272 2639 1352 2695 sciolo
1368 2635 1397 2688 tel

356 2730 503 2801 glossatori,
521 2731 603 2785 altera
623 2751 764 2803 perperam
785 2731 892 2804 legenti.
929 2733 994 2786 Aliis
1011 2730 1076 2785 locis
1094 2731 1191 2783 Cicero
1211 2730 1317 2801 scripsit
1334 2728 1397 2781 etiem

357 2811 472 2870 niaxirno
491 2838 581 2889 opere,
605 2820 650 2873 sed
670 2840 725 2873 uno
743 2832 849 2891 praeter
869 2832 1004 2886 nostrum,
1034 2839 1120 2891 eoque
1150 2818 1230 2890 plene
1256 2818 1338 2872 nostri
1362 2835 1398 2886 ge·

357 2906 447 2974 mino,
475 2907 599 2964 inVerr.
620 2906 999 2984 Act,11.13.1v,·5s,132:
1029 2909 1072 2958 liic
1090 2916 1220 2970 ornatus,
1248 2908 1317 2957 tiaec
1334 2921 1399 2973 opero

357 3006 440 3066 atque
464 2995 601 3063 artificia,
628 2996 724 3065 signa,
759 2996 870 3048 tabulae
894 2999 984 3067 pictae
1018 3000 1132 3048 Graecos
1159 2994 1283 3046 learnines
1309 2992 1398 3046 nimie

358 3102 459 3152 opere
480 3083 622 3134 delectant.
659 3082 719 3136 Me.

429 3172 469 3222 At
489 3189 597 3231 smnus,
613 3170 717 3243 inquit,
735 3173 857 3226 ciuitatis
872 3173 1025 3243 principes]
1061 3173 1122 3237 „At
1141 3189 1254 3235 sumus,
1280 3170 1400 3241 inquiunt,

358 3258 432 3340 civit.
444 3258 586 3327 principes.
624 3258 670 3313 Sic
688 3272 797 3332 septem.
832 3265 877 3314 Ex
897 3261 1016 3326 summis,
1034 3259 1172 3330 inquiunt,
1191 3256 1359 3327 principibus
1370 3253 1400 3305 ci-

358 3347 453 3401 vitatis
471 3347 532 3400 nati
549 3365 641 3400 sumus
660 3360 710 3402 etc.
728 3369 784 3416 sex,
813 3369 931 3421 quorum
958 3358 1084 3420 quattuor
1109 3355 1140 3397 at
1160 3365 1212 3416 pro
1232 3355 1272 3396 et.
1292 3371 1326 3383 -
1366 3342 1400 3391 es

357 3436 479 3509 summis,
505 3436 648 3507 inquiunt,
678 3437 837 3492 civitatibus
861 3438 994 3508 principes
1018 3453 1122 3499 sumus,
1141 3432 1206 3485 duo.
1255 3436 1282 3483 Ε
1298 3430 1401 3485 summm

357 3528 483 3599 inquiunt
505 3525 672 3596 principibus
702 3526 824 3578 ciuitatis
842 3545 950 3589 sumus,
969 3524 1032 3576 duo.
1077 3525 1102 3573 Ε
1125 3521 1256 3578 summis,
1281 3519 1401 3591 inquiunt,

354 3616 504 3686 principum
521 3613 644 3667 civitatis
661 3634 768 3675 suiuus,
786 3615 884 3666 unus.“
904 3611 977 3664 Ald.
998 3611 1084 3663 Men.
1129 3607 1289 3661 Admodum
1315 3605 1401 3659 retient

358 3704 439 3756 nostri
460 3722 569 3774 quoque
588 3702 657 3755 libri.
693 3704 742 3755 Ae
762 3721 854 3753 sumus
873 3702 933 3754 dedi
953 3721 1015 3755 curn
1034 3698 1101 3752 Edd·
1119 3697 1213 3750 Lemb.
1228 3695 1331 3750 Sturm.
1349 3694 1399 3745 Per.

357 3792 436 3843 1543.
453 3789 528 3860 syth.
547 3789 579 3844 H.
599 3790 685 3842 wott.
705 3790 781 3843 Boul.
800 3789 896 3843 Graes.
915 3791 980 3843 Era.
998 3789 1077 3841 Face.
1096 3785 1167 3839 otis.
1187 3805 1248 3857 sqq.
1275 3804 1304 3837 ex
1330 3780 1400 3835 cote

358 3876 431 3929 Leid.
451 3876 523 3929 Gud.
543 3877 573 3930 B.
593 3888 641 3931 vet.
660 3877 720 3932 Car,
739 3877 885 3951 Stephani,
905 3878 963 3932 Cre.
983 3882 1008 3934 3.
1026 3875 1106 3929 Drsd.
1124 3878 1150 3926 4.
1169 3872 1280 3925 Suerin.
1299 3870 1399 3923 Probet·

359 3985 427 4036 que,
446 3975 537 4035 utpote
556 3965 657 4017 maiore
672 3985 734 4018 cum
755 3968 878 4021 iactantia
897 3967 1017 4033 dictum,
1036 3983 1116 4036 quem
1135 3973 1173 4025 et,
1190 3961 1281 4013 Hand.
1301 3960 1329 4012 iu
1341 3956 1399 4009 Tur-

352 4052 412 4125 seli.
430 4052 448 4119 l,
469 4073 496 4124 p.
512 4055 566 4105 1111
585 4074 642 4125 sqq.
678 4054 732 4107 Sed
751 4067 784 4107 et
810 4076 903 4109 sumus
928 4066 966 4108 est
992 4056 1019 4106 in
1045 4052 1114 4104 cod.
1134 4050 1231 4103 Duisb.
1261 4047 1328 4101 Edd.
1354 4063 1398 4115 pre

358 4141 426 4194 Vici.
446 4140 514 4193 Rob.
533 4139 625 4212 Stepb.
644 4141 722 4197 Grut.
742 4142 829 4197 Grou.
847 4146 928 4198 Verb.
954 4143 1074 4213 itemque
1099 4141 1127 4192 iu
1148 4141 1217 4192 Veu.
1238 4142 1318 4192 14⁹2.
1335 4136 1398 4189 1514.

359 4232 418 4282 Per.
435 4232 515 4307 1511.
535 4229 620 4300 Lugd.
639 4229 703 4301 Arg.
727 4231 804 4286 lldlb.
823 4234 912 4286 Herm.
939 4232 1076 4285 Camerar.
1102 4227 1166 4280 Atd.
1188 4230 1270 4280 1518.
1296 4225 1343 4278 Ed.
1366 4240 1398 4289 ep·

359 4320 442 4372 Meus.
463 4319 573 4390 Legitur
590 4337 623 4369 ex
641 4319 751 4372 summis
770 4322 796 4372 in
816 4320 902 4374 Codd.
920 4322 979 4375 Bas.
999 4317 1077 4372 Drsd.
1099 4320 1126 4369 5.
1145 4314 1213 4366 Edd.
1234 4316 1307 4367 Crat.
1324 4310 1398 4378 Magn.

359 4408 431 4462 Men.
452 4409 511 4461 Ald.
532 4408 836 4464 1511.1552.1.5ηι1)1).
861 4409 942 4463 Goth.
963 4409 1032 4461 Aud.
1050 4403 1111 4458 Tel.
1157 4404 1214 4456 Pro
1242 4404 1346 4475 volgato
1366 4399 1397 4448 in·

361 4496 458 4567 quiunt
483 4498 543 4551 dedi
568 4499 658 4571 inquit
678 4517 740 4553 cum
765 4498 858 4551 Lamb.
883 4496 980 4551 Coton.
1006 4495 1089 4565 Borg.
1113 4491 1166 4546 Or.
1185 4492 1259 4546 Tbn.
1283 4512 1311 4545 er
1330 4485 1395 4542 codd.
