3517 5450
349 716 400 788 60
419 749 423 757 ·
675 737 846 785 rininoxr
875 736 1071 785 erorcoruu.

349 896 496 950 aGraevio
517 896 629 968 probam
649 894 772 947 exhibent
789 894 947 958 lectionem
977 905 1080 948 ceterae
1098 893 1165 946 Edd.
1190 904 1292 947 veteres
1314 914 1398 947 omnes

350 984 435 1035 vultis
454 984 565 1051 incipi
571 1002 621 1034 am
639 1002 657 1034 a
672 983 786 1034 Romulo
792 1003 801 1043 ,-
821 1001 872 1035 nec
890 984 996 1036 veroin
1014 1002 1071 1035 uno
1088 981 1157 1035 libro
1174 992 1214 1035 est
1230 982 1398 1051 incipiamus,

351 1071 422 1143 quod
441 1071 469 1123 in
489 1070 579 1123 multis
597 1090 652 1124 esse
670 1070 733 1123 dixit
751 1070 838 1141 Wytt.
875 1070 935 1122 Mr.

422 1158 506 1209 cultis
524 1168 586 1225 post
605 1157 715 1209 liberam
734 1158 892 1223 civitatem]
920 1155 986 1222 „Sic
1003 1175 1097 1209 omnes
1115 1157 1176 1209 mei.
1210 1155 1284 1209 Male
1302 1155 1349 1209 alii
1368 1157 1399 1207 ti-

351 1246 496 1301 berctcm.“
521 1244 594 1299 Ald.
618 1246 749 1299 Manut.
786 1245 891 1298 Habent
908 1264 937 1296 er
956 1244 1030 1297 libris
1047 1245 1144 1298 nostris
1168 1244 1313 1296 liberatam
1340 1264 1399 1298 cum

351 1333 400 1387 Ed.
419 1333 504 1387 suttr.
521 1334 608 1399 Petri,
635 1333 703 1385 Edd.
722 1333 754 1386 11.
771 1332 858 1385 Wott.
877 1333 972 1385 Lamb.
991 1343 1018 1385 et
1036 1331 1132 1385 Colon.
1150 1335 1229 1386 1515.
1276 1330 1400 1385 Cetemm

351 1432 424 1475 recte
442 1433 535 1475 monet
553 1419 655 1475 Gernb.
677 1418 835 1474 Ciceronem
855 1419 988 1493 scripsisse
1008 1419 1088 1473 videri
1107 1418 1233 1475 liberem,
1259 1430 1289 1472 nt
1309 1420 1402 1472 vitare·

350 1522 393 1563 tur
411 1520 560 1563 structurae
578 1509 721 1561 verborum
740 1508 775 1560 ab
799 1510 833 1561 iis
856 1510 923 1578 ipsis
946 1508 1112 1579 ambiguitas.
1132 1536 1166 1547 -
1196 1506 1254 1575 „lta
1274 1505 1402 1561 Graevius

351 1607 423 1649 recte
442 1596 524 1649 edidit
541 1596 689 1649 secundum
708 1596 852 1667 plerosquo
870 1595 993 1649 Codices.
1027 1595 1144 1666 Longius
1167 1606 1193 1649 et
1215 1594 1260 1648 alii
1280 1615 1345 1648 eum
1363 1615 1402 1648 se·

352 1683 405 1735 euti
425 1682 568 1735 ediderunt
584 1682 735 1734 liberatam.
772 1683 850 1735 Prius
868 1685 1011 1754 praestat.“
1029 1684 1208 1754 Wyttenb.
1225 1712 1260 1721 -—
1288 1683 1401 1737 Utrum·

352 1790 404 1842 qne
430 1769 554 1823 Ciceroni
579 1770 713 1823 usitatum.
748 1768 795 1825 Sic
813 1769 846 1822 de
864 1770 931 1841 Rep.
950 1770 983 1825 11.
1001 1774 1051 1824 25ε
1075 1771 1123 1842 qui
1140 1769 1223 1821 etium
1240 1768 1401 1821 liberato

352 1860 406 1909 ium
425 1858 579 1910 civitate
598 1858 790 1910 dominationes
807 1858 1007 1927 appetiverunt.
1043 1858 1099 1910 Pro
1117 1856 1174 1908 Mil.
1193 1859 1224 1911 δε
1249 1860 1290 1910 M.
1311 1860 1400 1909 Horc-

354 1947 427 2008 tius,
450 1945 511 2017 qui,
529 1947 645 1996 nondum
665 1944 780 1996 libera
799 1946 963 2009 civitate,
989 1954 1079 1995 tantan
1096 1942 1190 2013 populi
1209 1946 1328 1996 llomcni
1344 1964 1401 1996 cen·

353 2035 435 2087 turiis
453 2032 583 2085 liberatus
598 2043 648 2085 est.
690 2034 755 2086 Post
773 2032 808 2083 ab
825 2033 871 2085 iis
888 2032 948 2102 (ubi
968 2029 1076 2103 plurimi
1095 2030 1195 2087 babent
1211 2030 1247 2080 ab
1265 2031 1338 2101 tis)
1357 2032 1401 2084 de·

353 2135 392 2177 est
408 2124 475 2193 ipsis
495 2125 522 2176 in
542 2122 627 2177 Codd.
647 2121 720 2175 Gud.
737 2123 772 2174 A.
791 2120 822 2173 C.
840 2120 900 2174 Cre.
913 2124 938 2174 1.
971 2121 1004 2173 ln
1023 2118 1082 2172 Cre.
1097 2124 1122 2172 2.
1140 2119 1213 2172 deest
1228 2118 1271 2170 iis.
1308 2119 1369 2172 Mr.

425 2212 479 2280 Qui
497 2210 678 2261 liberaverunt
695 2209 799 2276 euml]
826 2213 912 2273 „Earn
937 2210 1012 2262 abest
1036 2227 1051 2260 a
1080 2208 1150 2259 sex.“
1175 2205 1249 2257 Ald.
1273 2206 1401 2262 Manui

353 2299 467 2353 Uncinis
484 2297 674 2351 includendam
696 2297 756 2349 duxi
775 2297 898 2349 voculam
915 2315 973 2347 eom
992 2315 1054 2349 eum
1072 2292 1191 2358 Orellio‚
1217 2310 1281 2345 eum
1300 2293 1404 2346 nonsit

355 2386 434 2453 plane
454 2385 614 2450 necessaria,
640 2394 667 2437 et
683 2384 752 2437 absit
770 2383 849 2436 etiam
868 2403 884 2437 a
903 2382 989 2436 Codd.
1006 2383 1086 2436 Bern.
1103 2382 1198 2434 Duisb.
1215 2378 1326 2433 Suerin.
1342 2380 1404 2433 Osi.

354 2490 376 2523 o.
393 2488 422 2533 ψ.
447 2470 520 2527 Gud.
537 2471 569 2527 B.
595 2469 654 2524 Cre.
671 2476 697 2523 2.
723 2471 802 2524 Drsd.
821 2476 846 2524 2.
864 2476 891 2525 t.
912 2470 980 2523 Edd.
1000 2468 1405 2542 prc.Mog.1Abb.Bentlet

354 2579 406 2613 rar.
423 2560 482 2614 lect.
501 2561 533 2613 ad
554 2560 618 2616 cale.
633 2559 675 2612 ed.
693 2560 723 2612 P.
741 2558 870 2631 Magnoli.
907 2558 1019 2613 Accedit
1043 2558 1115 2629 quod
1142 2556 1221 2610 babet
1247 2557 1403 2610 Pronomen

354 2649 443 2702 sedem
463 2667 571 2720 vagam,
596 2659 688 2719 estque
706 2666 765 2699 eom
783 2646 965 2700 liberaverunt
983 2645 1011 2699 in
1033 2644 1120 2704 Codd.
1138 2644 1218 2698 Drsd.
1236 2649 1264 2698 t.
1282 2650 1310 2698 2.
1336 2644 1405 2699 Gud.

355 2736 387 2789 A.
404 2736 495 2790 Guell.
513 2749 540 2790 et
551 2736 608 2789 Ed.
627 2738 687 2789 Par.
706 2756 726 2789 s.
742 2736 760 2788 l.
798 2735 856 2788 ΜΓ.

426 2824 531 2893 Quibus
558 2825 666 2874 tandem
694 2823 825 2894 gradibus
850 2823 995 2890 Romulus]
1024 2824 1125 2876 Vocem
1153 2823 1287 2876 Romulus
1312 2822 1407 2878 omittit

356 2909 423 2962 Cod.
448 2910 520 2963 Gud.
539 2909 570 2963 C.
615 2909 720 2964 Ordine
747 2913 852 2964 inverso
877 2911 976 2964 babent
1003 2910 1134 2962 Romulus
1161 2910 1296 2981 gradibus
1322 2911 1405 2966 Codd.

355 2997 474 3052 Gud.B.
491 2995 552 3050 Cre.
572 3000 598 3050 1.
625 2998 683 3052 Bas
706 2999 786 3052 Drsd.
805 3005 829 3053 2.
846 3005 873 3054 5.
908 2998 977 3051 Edd.
993 2998 1072 3051 ttdtb.
1091 3000 1124 3067 (s.
1142 2999 1160 3052 Ι.
1178 3010 1205 3052 et
1222 2999 1262 3069 a.)
1281 3000 1405 3054 Darentr.

357 3089 437 3139 1515.
464 3085 528 3156 Arg.
547 3089 626 3140 1515.
653 3088 714 3140 Par.
733 3091 811 3141 15111.
829 3092 908 3142 1512.
932 3087 991 3157 (sed
1009 3087 1076 3139 baec
1093 3097 1183 3138 tanuen
1201 3106 1253 3157 pro
1272 3087 1407 3158 tandem.)

357 3173 443 3244 Lugd.
462 3176 541 3226 1515.
568 3174 637 3226 Ven.
657 3177 736 3228 1492.
754 3178 835 3229 1514.
871 3174 940 3227 Edd.
965 3191 1023 3244 prc.
1049 3173 1124 3244 Mog.
1152 3173 1201 3226 Ed.
1227 3193 1272 3245 ap.
1298 3175 1407 3229 Meusel.

357 3261 494 3333 Magnofi,
520 3262 590 3315 Vict.
611 3262 679 3315 nob.
700 3261 792 3334 Stepb.
810 3262 887 3333 syth.
906 3261 1010 3314 Manut.
1027 3261 1086 3314 Ald.
1103 3265 1183 3316 tstt.
1202 3265 1284 3318 1552.
1303 3293 1340 3303 -
1368 3262 1407 3315 Ad

357 3370 424 3416 rem,
443 3351 571 3403 nimirum
591 3349 699 3402 Romuli
717 3347 874 3414 duodiconis,
891 3348 1002 3402 laudant
1018 3349 1178 3420 interpretes
1196 3348 1337 3404 Plutarchi
1355 3351 1407 3402 Ru·

357 3438 459 3491 mnlum
479 3441 558 3495 cib.
595 3437 685 3491 Ovidii
703 3438 775 3491 Fast.
789 3438 821 3503 11,
840 3439 994 3492 ist-stt.
1029 3434 1087 3489 Cic.
1106 3436 1139 3489 de
1156 3436 1238 3508 Legg.
1255 3436 1277 3502 1,
1297 3442 1325 3504 1,
1344 3458 1371 3509 p.
1383 3441 1407 3489 1.

357 3537 427 3598 etp.
446 3530 508 3582 530.
533 3525 575 3578 ed.
594 3537 676 3580 nostr.
692 3524 749 3580 Cic.
767 3526 800 3579 de
818 3527 886 3597 Rep.
906 3525 925 3591 1,
944 3528 988 3579 lb.
1006 3535 1070 3577 extr.
1105 3525 1250 3576 Romulum
1267 3553 1305 3564 ·-
1322 3525 1407 3577 uirtus

357 3641 392 3653 -
410 3615 439 3664 in
458 3613 560 3663 caelum
578 3613 678 3664 dicitur
695 3614 847 3666 sustulisse.
884 3613 916 3679 11,
935 3617 979 3667 to.
998 3612 1040 3665 De
1058 3611 1091 3665 N.
1108 3611 1142 3664 D.
1160 3611 1194 3676 11,
1211 3616 1263 3677 21,
1288 3613 1337 3665 ubi
1356 3615 1407 3663 llo-

358 3701 448 3751 mulus
466 3698 545 3750 etiam
563 3698 591 3749 in
609 3699 649 3751 liis
667 3709 849 3765 enumeratur,
867 3699 901 3752 de
920 3701 1018 3771 quibus
1034 3699 1145 3753 dicitur:
1175 3700 1303 3768 Suscepit
1320 3709 1407 3751 autem

359 3787 419 3838 vita
438 3786 571 3838 bominum
590 3787 805 3857 consuetudoque
824 3790 977 3852 communis,
994 3799 1026 3839 ut
1045 3787 1177 3855 beneficiis
1194 3786 1356 3838 excellentes
1370 3786 1408 3836 ci·

360 3893 404 3925 ros
421 3874 450 3925 in
467 3873 572 3924 caelum
586 3874 668 3944 sama
686 3891 720 3924 cc
738 3875 878 3926 voluntate
896 3876 1030 3930 tollerent.
1071 3875 1169 3927 Tusco.
1189 3872 1209 3940 1,
1231 3875 1281 3927 12:
1311 3879 1407 3927 Romu·

360 3962 404 4012 lus
422 3961 451 4011 in
469 3961 543 4012 ccelo
561 3979 619 4011 cum
637 3960 679 4012 slis
694 3989 729 4001 -
744 3963 806 4033 agit
823 3981 922 4028 cenom,
941 3974 972 4014 nt
984 3964 1082 4034 famae
1099 3961 1248 4014 assentiens
1267 3963 1341 4013 dixit
1356 3964 1408 4013 Bn-

360 4050 439 4102 nius:
465 4048 511 4100 ubi
532 4046 583 4099 vid.
601 4047 691 4102 laudd.
716 4069 741 4120 p.
762 4053 805 4104 115.
828 4052 898 4104 Τ.1.
921 4051 962 4103 ed.
979 4060 1061 4103 nostr.
1099 4047 1168 4101 Add.
1187 4048 1271 4102 Dion.
1290 4048 1374 4102 Halic.
1390 4047 1408 4112 1,

361 4141 404 4192 56.
423 4135 476 4187 Liv.
491 4137 516 4201 1,
528 4138 571 4189 to.
607 4136 638 4189 ln
656 4155 731 4208 seqq.
748 4135 814 4192 Cod.
833 4139 926 4193 Duisb.
945 4139 1024 4192 babet
1041 4139 1085 4188 od
1102 4135 1206 4188 coelum
1225 4154 1279 4206 pro
1298 4137 1336 4188 in
1352 4151 1407 4186 cue·

361 4225 425 4278 lum.
462 4222 522 4276 ΜΓ.

432 4311 589 4362 escendit
614 4313 642 4363 in
660 4312 775 4381 caelum]
805 4314 841 4368 lta
861 4315 979 4368 edidici
999 4315 1074 4367 libris
1092 4310 1222 4366 Gronorii
1243 4331 1307 4364 cum
1327 4312 1411 4366 Gron.

363 4399 444 4451 Verb.
469 4397 535 4451 Ern.
561 4399 649 4453 Wetc.
670 4398 774 4454 settin.
800 4402 860 4474 Bip.
885 4403 1123 4473 0111111018.-
1153 4397 1332 4452 Gernbardus
1356 4399 1412 4452 edi-

363 4485 402 4539 dit
431 4486 568 4548 ascensu,
602 4485 714 4542 laudans
738 4487 809 4543 Lael.
834 4494 884 4546 ts:
914 4492 939 4547 si
965 4489 1026 4561 quis
1051 4490 1079 4541 in
1105 4488 1207 4540 coelum
1231 4489 1413 4545 escendisseti
