3517 5450
446 713 521 789 284
781 739 954 788 rinnon
981 737 1175 787 ororoouuu.

446 910 524 964 onte,
544 916 639 970 quom:
660 898 687 950 in
707 898 842 970 prioribus
858 897 970 952 iunctim
990 909 1147 970 antequam.
1183 900 1288 953 Vocem
1308 898 1361 949 tibi
1380 899 1498 954 omittunt

447 985 532 1041 Codd.
552 985 610 1039 Cre.
632 992 655 1039 2.
679 985 752 1039 Gud.
771 985 801 1039 B.
831 984 897 1039 Oxx.
914 985 933 1039 l.
951 984 987 1038 U·
1023 984 1054 1039 ln
1078 986 1129 1040 Or.
1147 986 1179 1041 E.
1207 996 1236 1039 et
1262 985 1345 1039 Drsd.
1366 991 1392 1039 2.
1420 997 1497 1040 estex

450 1076 507 1126 tuir
527 1074 654 1143 copiis,
674 1093 724 1145 pro
741 1071 961 1144 posterrionibue.
1008 1073 1039 1126 ln
1065 1072 1153 1128 Codd.
1179 1076 1239 1128 cn.
1258 1077 1285 1128 1.
1305 1085 1331 1128 et
1350 1080 1377 1127 2.
1404 1085 1441 1128 ert
1456 1082 1497 1132 trit.

446 1181 497 1235 pro
525 1172 649 1226 tantum,
676 1182 731 1234 quo
769 1160 931 1233 compendio
956 1160 984 1213 in
1010 1160 1144 1234 plerisque
1169 1162 1244 1215 libris
1271 1160 1441 1233 significatur
1456 1172 1497 1212 ta-

446 1270 512 1304 rnen.
547 1249 605 1304 Mr.

516 1349 626 1390 tanturn
644 1338 813 1408 reficiatur,]
850 1336 955 1405 „Refici
974 1335 1072 1391 dicitur
1090 1337 1133 1403 id,
1151 1337 1225 1408 quod
1247 1336 1373 1408 capitur:
1399 1335 1497 1404 reficere

446 1438 484 1482 cst
503 1428 652 1480 restituere.
688 1424 821 1496 Exemplis
842 1423 1009 1495 intelligitur.
1045 1424 1103 1477 Lib.
1120 1424 1164 1477 ΙΙΙ.
1184 1425 1212 1476 iu
1230 1426 1310 1477 Verr.
1330 1424 1401 1491 [tu]
1447 1425 1497 1474 Do·

446 1516 533 1567 minue
552 1515 666 1585 ignarus
685 1512 840 1565 incommodi
858 1512 918 1577 cui,
933 1511 1073 1582 gaudeat,
1092 1512 1232 1584 cillicoque
1251 1513 1420 1578 delectetur,
1436 1511 1499 1582 quod

447 1612 526 1654 tanto
543 1600 595 1654 ribi
610 1601 675 1670 plur
695 1601 820 1653 mercedis
838 1618 871 1650 ex
884 1600 978 1671 fundo
996 1604 1173 1670 resectum
1190 1601 1242 1663 rit,
1273 1611 1301 1654 et
1318 1599 1423 1653 ibidem
1441 1617 1496 1670 ager

447 1690 534 1757 reficit
554 1708 613 1740 cum
631 1699 743 1754 octavo,
772 1688 809 1741 sic
827 1687 899 1740 enim
927 1687 1081 1758 legendum.
1132 1688 1166 1742 Et
1183 1690 1272 1742 Varro
1305 1688 1354 1743 lib.
1372 1689 1392 1742 Ι.
1419 1687 1496 1741 delle

446 1776 521 1830 Rust.
531 1777 597 1844 [24]
631 1777 762 1844 [Hostum
777 1784 884 1842 vocant,
902 1776 993 1847 quod
1009 1795 1048 1828 ex
1062 1795 1080 1828 u
1089 1795 1130 1828 no
1142 1777 1226 1846 jacto
1236 1777 1289 1828 olei
1306 1778 1382 1849 resi
1388 1796 1403 1828 c
1412 1777 1423 1828 i
1429 1777 1499 1844 tun]

445 1862 520 1916 Dixit
537 1863 616 1916 etiam
636 1861 727 1915 Celsus
743 1860 838 1916 lurisc.
857 1862 886 1914 in
906 1863 1049 1917 Pandectic
1066 1863 1112 1917 lib.
1128 1863 1209 1918 XllX.
1235 1861 1322 1937 [locus
1348 1876 1388 1919 est
1405 1865 1498 1936 Digest.

446 1951 504 2004 Lib.
529 1952 573 2016 L.,
590 1951 642 2004 Tit.
660 1954 703 2005 16.
736 1951 799 2021 bug.
817 1951 879 2017 882]
918 1954 1037 2002 Tantum
1065 1951 1179 2023 quicque
1200 1954 1334 2022 pecuniae
1367 1951 1497 2024 relinquit,

447 2050 579 2122 quantum
597 2057 629 2089 ex
649 2037 724 2091 bonis
741 2040 801 2090 eius
820 2038 933 2109 refici
947 2044 1064 2109 potestt‘
1082 2038 1154 2092 Ald.
1171 2039 1259 2092 Man.
1296 2040 1342 2092 Ad
1362 2059 1443 2112 quem
1463 2039 1496 2091 lo·

446 2144 509 2180 cum
527 2128 587 2181 Frc.
605 2126 728 2180 Medius:
756 2123 992 2196 ,,Ἀθροισθῆναι,
1009 2125 1103 2197 Eclog.
1121 2126 1185 2180 ibid.
1204 2127 1231 2179 id
1252 2138 1290 2180 est
1308 2127 1408 2198 redigi.
1425 2126 1444 2182 l.
1462 2128 1497 2179 82.

446 2236 505 2288 cup.
523 2217 556 2269 ad
575 2216 626 2287 leg.
645 2214 745 2268 Falcid.
764 2213 827 2268 binc
846 2215 952 2286 refecta
969 2215 1099 2284 pecunia,
1117 2215 1134 2267 i.
1153 2235 1176 2268 e.
1195 2217 1317 2270 redacta.
1337 2215 1356 2268 l.
1370 2218 1397 2269 3.
1414 2213 1442 2266 in
1459 2212 1497 2268 lin.

447 2325 506 2376 sup.
526 2305 558 2358 de
576 2304 662 2357 usuris
680 2303 698 2356 Ι.
718 2307 742 2356 1.
765 2301 789 2374 5.
810 2305 854 2357 1⁰.
892 2323 912 2358 s.
932 2303 965 2356 de
984 2302 1073 2356 collat.
1091 2305 1174 2356 bon.“
1218 2302 1285 2356 Ern.
1303 2304 1333 2355 in
1354 2301 1430 2357 Clau.
1448 2301 1495 2356 cte.

448 2392 525 2446 dicit:
545 2392 609 2458 „His
627 2391 693 2445 locis
711 2392 819 2460 reficere
837 2411 893 2445 esse
911 2392 1015 2446 ridetur
1034 2412 1084 2465 pro
1103 2392 1244 2459 conficere,
1263 2392 1339 2464 quod
1361 2393 1395 2444 de
1414 2391 1495 2445 eadem

449 2499 478 2532 re
497 2480 608 2545 dicitur,
628 2491 657 2532 ut
676 2490 702 2533 et
720 2479 840 2550 efficere.
882 2479 939 2533 Sed
967 2492 1020 2546 est,
1046 2492 1077 2534 ut
1094 2499 1154 2533 rere
1172 2480 1276 2546 dicam,
1307 2481 1420 2549 reficere
1443 2476 1496 2532 nibil

448 2567 535 2633 aliud,
554 2569 581 2620 in
593 2567 640 2621 bis
658 2568 766 2640 quidem
786 2566 866 2635 locis,
889 2569 939 2622 uisi
958 2570 1086 2638 conficere
1101 2569 1244 2639 pecuniam
1262 2589 1292 2622 ex
1312 2569 1405 2642 aliqua
1423 2588 1459 2633 re,
1474 2566 1495 2618 in

449 2675 502 2729 qua
523 2656 665 2728 pecuniam
685 2668 758 2709 tuam
777 2656 932 2724 collocaris,
958 2669 987 2711 ut
1016 2677 1070 2711 non
1091 2669 1146 2711 tam
1164 2659 1295 2731 accipias,
1327 2656 1495 2731 quam‘reci·

449 2746 506 2817 pias
524 2747 675 2817 pecuniam.
712 2744 758 2799 Sic
777 2745 856 2818 plane
876 2759 915 2799 eet
932 2745 1005 2818 apud
1024 2747 1175 2799 Varronem
1194 2746 1226 2799 R.
1244 2745 1277 2799 R.
1296 2744 1318 2812 l,
1339 2751 1366 2812 2,
1388 2749 1420 2799 8:
1443 2743 1496 2812 refi-

450 2852 506 2885 cere
525 2843 660 2903 sumptum
677 2844 705 2885 et
725 2834 880 2905 impensum.
918 2834 988 2889 Sunt
1006 2846 1095 2888 tamen
1114 2834 1158 2887 alii
1176 2834 1244 2899 loci,
1275 2834 1304 2886 in
1326 2833 1427 2905 quibus
1444 2832 1496 2885 sim·

450 2921 555 2994 pliciter
574 2934 611 2976 est
638 2923 775 2991 conficere.
812 2923 873 2977 Vid.
894 2922 1015 2979 Gronov.
1034 2922 1067 2976 ad
1093 2922 1148 2976 Liv.
1167 2924 1275 2988 35,1.“
1295 2951 1330 2961 -
1370 2919 1447 2988 Quid
1463 2918 1496 2969 iu·

365 3067 368 3080 .
451 3013 524 3066 tersit
542 3013 612 3065 inter
630 3012 737 3080 reficere
755 3022 782 3064 et
801 3013 929 3081 conficere
954 3011 1096 3066 commode
1122 3011 1201 3064 docet
1225 3010 1302 3063 locus
1322 3009 1496 3068 verrinarum,

452 3119 532 3171 quem
551 3119 631 3171 supra
650 3098 829 3165 laudavimus,
855 3097 900 3165 lll,
920 3103 969 3153 5⁰:
994 3100 1040 3152 ubi
1059 3099 1126 3153 baec
1149 3099 1329 3152 antecedunt:
1363 3100 1403 3149 Ut
1421 3097 1445 3148 ei
1460 3091 1497 3165 qui

450 3187 557 3239 villicus
575 3205 608 3237 ex
626 3206 656 3238 eo
669 3187 778 3258 fundo,
804 3187 851 3258 qui
868 3189 995 3241 sestertia
1015 3189 1083 3240 dena
1099 3188 1267 3243 meritant,
1285 3185 1388 3237 excisis
1406 3179 1497 3236 arbori-

452 3274 501 3327 bus
519 3294 552 3326 oc
571 3276 687 3328 venditis
705 3304 755 3334 -‚
770 3294 864 3346 pecore
883 3275 1054 3341 abalienato,
1081 3275 1185 3327 domino
1202 3278 1266 3326 XX
1283 3273 1374 3325 millia
1400 3284 1496 3324 numum

446 3382 497 3434 pro
517 3367 549 3415 X
566 3363 681 3429 miserit,
700 3361 769 3416 cibi
791 3364 849 3415 alia
873 3374 1016 3433 praeterea
1046 3373 1152 3415 centum
1171 3361 1378 3432 confecerit
1387 3380 1398 3423 ,·
1424 3358 1497 3429 primo

450 3453 585 3517 dominun,
605 3454 719 3524 ignarus
739 3462 788 3505 etc.
826 3450 953 3505 Ceterum
973 3470 1024 3523 pro
1043 3450 1185 3519 reficiatur
1211 3447 1261 3501 Ox.
1281 3469 1308 3518 η.
1337 3446 1420 3502 babet
1445 3442 1497 3511 refi-

450 3541 551 3607 cietur,
569 3540 662 3594 Duisb.
680 3540 794 3612 glossam
814 3542 964 3613 referatur.
1000 3539 1060 3593 llllr.

523 3639 555 3680 ut
574 3647 605 3680 eo
623 3630 695 3679 tueri
712 3657 746 3669 -
762 3624 860 3701 possit]
896 3628 977 3681 llllulti
996 3641 1022 3683 et
1040 3627 1132 3699 scripti
1150 3625 1213 3679 libri
1231 3635 1258 3679 et
1274 3624 1340 3678 editi
1358 3622 1458 3677 babent
1472 3629 1497 3671 ut

452 3736 550 3780 exeo,
577 3717 620 3781 (ut
638 3716 728 3788 paullo
747 3717 870 3789 superius
888 3735 926 3767 ex
944 3718 1002 3770 cuir
1019 3715 1173 3786 (ructibus,
1199 3732 1238 3764 ex
1257 3712 1347 3764 tantis
1367 3706 1497 3781 vectigali·

360 3803 362 3807 ’
452 3805 515 3864 bus)
535 3823 622 3875 neque
641 3806 749 3874 melius,
778 3824 860 3877 quam
877 3805 934 3873 bis,
969 3823 1037 3876 quos
1060 3804 1143 3856 modo
1161 3799 1323 3873 significavi,
1346 3798 1427 3853 locis.
1471 3792 1498 3845 El

453 3894 526 3946 abest
544 3893 608 3946 illud
627 3912 660 3944 ex
679 3914 693 3947 a
713 3894 806 3948 decern
835 3891 922 3947 Codd.
947 3892 1026 3959 Aldi,
1052 3891 1124 3945 Gud.
1142 3889 1177 3943 Α.
1205 3888 1271 3942 0¹1.
1292 3888 1312 3941 l.
1332 3886 1367 3941 N.
1385 3885 1420 3940 U.
1438 3898 1496 3953 rna·

453 3980 560 4035 Suerin.
578 3982 638 4053 (qui
655 4001 688 4033 ex
714 4002 794 4054 supra
813 3982 860 4035 lin.
885 3981 1004 4035 additum
1023 3980 1116 4050 babet)
1134 3977 1193 4031 Crc.
1211 3979 1237 4031 3.
1264 3975 1346 4028 Drsd.
1366 3979 1395 4027 2.
1416 3967 1498 4025 Duisb·

453 4070 521 4123 Edd.
541 4089 615 4143 pro,
634 4091 677 4143 ap.
695 4070 794 4139 Meus„
824 4073 893 4125 Ven.
912 4075 992 4125 1481.
1011 4072 1091 4125 149².
1110 4071 1190 4123 1511.
1213 4065 1296 4118 lldlb.
1323 4063 1412 4116 Paris.
1431 4062 1498 4114 t5ut.

454 4163 532 4215 1512.
553 4160 637 4231 bugd.
657 4162 720 4233 Arg.
738 4161 807 4216 Vict.
826 4161 895 4214 Rob.
913 4159 1005 4231 steph.
1034 4159 1120 4213 Sullr.
1137 4158 1208 4210 Peto.
1227 4153 1290 4207 Ald.
1317 4156 1399 4207 1548.
1427 4149 1499 4203 Grou·

455 4250 535 4303 Verb.
554 4250 618 4304 Ern.
638 4249 733 4304 Olivet.
753 4270 828 4322 seqq·
847 4250 912 4319 (nec
931 4268 993 4301 voro
1011 4246 1117 4314 Facu).
1161 4243 1244 4314 Quod
1263 4241 1291 4295 b.
1311 4240 1329 4296 l.
1349 4241 1416 4293 dicit
1432 4234 1498 4289 tueri,

457 4337 546 4407 paullo
565 4340 687 4409 superius
703 4339 765 4393 dixit
783 4340 864 4394 olere.
902 4323 979 4405 Sed,
999 4349 1028 4391 ut
1046 4347 1138 4390 nostro
1156 4332 1217 4386 loco
1237 4330 1354 4396 Cicero,
1381 4328 1417 4381 ita
1434 4325 1497 4379 locu-

457 4434 498 4476 tus
516 4436 553 4479 est
570 4426 673 4482 Plinius
691 4429 752 4483 loco
771 4427 861 4500 paullo
880 4427 1002 4499 superius
1020 4424 1138 4488 laudato,
1158 4423 1201 4486 33,
1222 4423 1267 4485 ll),
1286 4421 1334 4472 tr:
1359 4416 1407 4489 qui
1424 4412 1497 4467 reditu

458 4528 548 4565 onrruo
567 4515 693 4587 legionem
711 4518 807 4571 tueri
824 4518 928 4590 possit,⁸
948 4516 993 4573 sed
1013 4516 1109 4573 Cicero
1129 4530 1239 4585 quoque
1259 4510 1289 4564 iu
1309 4508 1362 4563 Or.
1383 4526 1432 4580 pro
1448 4518 1497 4571 rege
