3517 5450
677 714 871 762 remnoxos
894 715 937 764 vr.
971 717 1040 765 cir.
1061 718 1082 765 t.
1329 699 1402 772 273

354 895 399 947 pro
419 885 543 946 oportet,
569 894 598 928 ex
623 894 765 948 perperam
790 877 860 932 lecto
880 876 1052 950 compendio.
1097 877 1169 936 Gud.
1190 881 1222 933 A.
1249 891 1274 934 et
1300 883 1358 938 Cre.
1378 889 1403 938 1.

352 975 415 1017 tuus
434 973 560 1034 oportet,·
580 963 607 1016 in
626 964 706 1020 Drsd.
726 970 751 1020 4.
773 978 811 1021 est
828 985 857 1020 se
874 968 963 1036 ipsum
980 966 1081 1018 iudicet
1099 986 1156 1019 esse
1176 968 1300 1036 divitem,
1326 993 1404 1043 prava

352 1052 467 1107 tectione
491 1051 596 1105 duabus
624 1051 716 1124 glossis
737 1067 825 1110 aucta.
868 1054 899 1108 in
926 1054 1020 1109 Duisb.
1047 1066 1085 1109 est
1108 1076 1160 1108 non
1187 1058 1322 1110 bominum
1349 1080 1405 1114 ser-

352 1159 450 1196 mone.
488 1123 566 1193 itud.
586 1139 617 1193 Β.
642 1139 721 1195 babet
747 1152 781 1194 et
805 1162 858 1195 non
883 1143 951 1196 bom.
977 1141 1044 1196 Cod.
1070 1144 1127 1197 Bas.
1154 1149 1261 1200 animus
1286 1160 1407 1203 auterre

352 1237 416 1281 tuus
436 1247 479 1298 op.
498 1227 567 1282 Edd.
585 1248 641 1300 pre.
660 1227 733 1284 Crat.
756 1229 848 1302 Magn.
868 1232 943 1285 Mon.
963 1232 1056 1286 Lamb.
1083 1247 1189 1290 nostrae
1215 1248 1274 1292 vett.
1301 1260 1403 1305 omnes,

353 1316 466 1390 exceptis
484 1317 553 1371 Rob.
571 1317 662 1390 Stepb.
680 1316 756 1390 sylb.
775 1317 877 1371 Sturm.
896 1318 975 1386 (baec
1000 1319 1079 1375 babet
1097 1333 1164 1375 tuus
1182 1331 1299 1394 oportet)
1327 1326 1404 1382 Grut.

351 1418 377 1460 et
393 1426 485 1479 seqq.¹
504 1405 604 1461 babent
622 1408 739 1460 Animus
756 1407 853 1463 enim.
897 1406 980 1475 Quod
1004 1427 1066 1462 vero
1094 1410 1181 1465 Benti.
1206 1411 1269 1484 legit
1294 1415 1403 1480 indicet,

353 1493 384 1547 de
402 1515 435 1550 ea
454 1514 500 1561 re,
527 1495 654 1549 nimirum
681 1496 714 1551 de
733 1515 782 1550 usu
799 1495 953 1549 -verborum
977 1497 1116 1550 indicandi
1135 1511 1161 1553 et
1178 1501 1332 1568 iudicandi,
1352 1503 1402 1557 rid.
1475 1504 1481 1517 ¹

354 1582 534 1656 disputantem
552 1583 584 1637 R.
602 1583 735 1638 Kloteium
755 1583 783 1638 in
802 1584 887 1638 labnii
906 1584 1015 1639 Annali.
1033 1584 1129 1641 Philoi.
1141 1591 1220 1643 183².
1240 1588 1260 1655 Ι,
1279 1593 1304 1643 1.
1323 1610 1348 1661 p.
1358 1593 1402 1646 16.

356 1672 401 1744 qui
422 1671 488 1725 item
507 1671 571 1744 legit
588 1682 615 1723 te
633 1691 684 1743 pro
702 1691 737 1725 se.
773 1672 833 1727 Mr.
1381 1680 1383 1689 ‘

423 1770 530 1830 oportet
550 1770 616 1812 tuus
635 1770 662 1812 te
678 1761 790 1830 iudicet]
841 1761 923 1830 Quod
948 1762 980 1814 ad
1001 1761 1112 1816 Bentleii
1138 1761 1282 1817 lectionem
1306 1766 1405 1819 indicet

352 1869 401 1922 pro
420 1849 525 1902 iudicet
543 1849 673 1921 pertinet,
703 1851 737 1904 de
768 1869 798 1903 ea
825 1870 870 1918 re,
897 1869 1063 1922 quamquam
1091 1863 1213 1904 nostrum
1238 1852 1328 1907 iocum
1348 1873 1404 1908 non

352 1937 502 2009 attigimus,
540 1937 622 1993 locuti
648 1957 740 1993 sumus
763 1938 797 1993 ad
824 1939 921 1994 Tusce.
940 1941 973 1994 V.
993 1944 1037 2006 21,
1057 1943 1099 1994 61.
1126 1939 1159 1993 Τ.
1178 1939 1222 1992 tlt.
1247 1959 1272 2011 p.
1291 1942 1345 1995 124
1362 1963 1403 2015 sq.

352 2027 405 2080 Pro
425 2035 531 2096 oportet
552 2045 606 2081 una
624 2027 673 2081 Ed.
690 2027 775 2100 Lugd.
794 2028 874 2082 babet
892 2027 1084 2101 compendium
1103 2046 1168 2097 ope,
1196 2027 1268 2099 quod
1294 2028 1332 2080 rix
1350 2027 1403 2101 legi

352 2125 439 2186 potest
457 2124 569 2184 oportet.
616 2115 658 2168 De
676 2115 812 2188 Borgersii
829 2115 944 2171 lectione
963 2114 1003 2170 vel
1022 2117 1111 2188 potius
1135 2116 1291 2170 defensione
1309 2117 1405 2171 lectio·

352 2203 392 2256 nis
410 2221 446 2254 se
464 2202 565 2254 iudicet
583 2223 639 2257 non
658 2204 785 2276 estquod
806 2204 883 2277 plura
903 2191 1033 2260 addamus
1051 2215 1110 2277 post
1128 2224 1174 2270 ea,
1202 2224 1271 2275 quae
1295 2207 1329 2259 ab
1348 2206 1405 2261 aliis

351 2290 420 2345 dicta
441 2299 518 2356 sunt,
538 2307 605 2362 quos
620 2290 659 2344 rei
679 2290 820 2364 loquentes
837 2293 989 2348 induximus
1007 2293 1047 2347 vei
1066 2293 1238 2348 laudavimus.
1273 2294 1327 2348 Sed
1338 2315 1406 2350 con·

343 2366 392 2431 ⁴tra
411 2376 469 2432 eius
488 2379 683 2434 correctionem
702 2381 897 2455 inscriptionis,
924 2404 976 2456 qua
1002 2382 1076 2436 iubet
1094 2401 1144 2436 nos
1161 2381 1250 2453 legere
1269 2381 1406 2454 σώφρων

352 2486 403 2539 pro
422 2459 515 2530 eoois,
542 2487 627 2521 unum
647 2471 813 2524 monendum
838 2472 943 2525 ridetur
969 2470 1051 2537 iliud,
1080 2470 1155 2541 quod
1182 2456 1280 2524 oblitus
1304 2472 1407 2526 videtur

350 2555 389 2609 vir
407 2555 518 2622 doctus,
545 2555 704 2611 Ciceronem
720 2578 775 2612 non
799 2571 914 2615 tractare
941 2559 1099 2614 sententiam
1118 2557 1236 2630 aliquam
1256 2557 1406 2630 philosophi

349 2644 434 2712 alius,
458 2645 503 2698 sed
520 2641 668 2715 παράδοξον
686 2645 817 2702 Stoicum.
859 2647 1051 2720 Unusquisque
1079 2647 1151 2699 enim
1178 2644 1267 2700 dicere
1292 2658 1405 2718 poterat,

349 2745 546 2807 temperantem
564 2736 617 2805 (rel
636 2735 813 2790 abstinentem
831 2736 870 2790 vel
892 2746 1047 2791 contentum
1067 2746 1139 2788 sorte
1157 2734 1218 2801 sua)
1242 2733 1329 2787 solum
1351 2755 1405 2790 esse

349 2822 467 2877 divitem.
513 2823 596 2877 Stoici
615 2843 676 2876 vero
695 2823 722 2876 in
741 2824 794 2878 suis
813 2818 971 2895 παραδόξοις
998 2842 1029 2875 ea
1049 2823 1102 2875 duo
1128 2820 1269 2875 bominum
1298 2841 1406 2893 genera,

351 2931 421 2983 quae
440 2911 496 2964 soie
514 2912 708 2983 agnoscebant,
735 2913 872 2982 sapientes
891 2911 1020 2979 nimirum
1039 2922 1066 2965 et
1084 2910 1197 2966 stultos,
1219 2909 1268 2963 sibi
1293 2910 1405 2965 invicem

352 3019 494 3073 opponere
511 3001 648 3066 solebant,
667 3000 707 3055 bis
725 3002 815 3055 omnia
834 3001 895 3055 vitia
914 3011 995 3072 atque
1013 2998 1099 3063 maia,
1117 2997 1169 3051 iltis
1187 2997 1294 3051 virtutes
1315 3017 1407 3054 omnes

352 3089 481 3159 bonaque
498 3090 589 3142 omnia
609 3088 803 3145 adscribebant.
821 3119 855 3130 -
879 3092 934 3143 Pro
953 3088 1043 3141 homi
1050 3106 1126 3140 num
1145 3104 1229 3139 sermo
1248 3085 1297 3140 Or.
1311 3086 1342 3141 E.
1362 3108 1406 3142 ex·

353 3176 426 3231 bibet
446 3178 599 3229 hominis
617 3196 709 3234 sermo.
745 3177 802 3231 Mr.

426 3282 512 3337 neque
527 3266 706 3334 possessiones
725 3267 816 3334 tunes]
848 3264 914 3318 Cod.
933 3265 993 3317 Cre.
1011 3267 1037 3317 1.
1054 3263 1132 3317 babet
1150 3282 1212 3340 nec.
1236 3282 1286 3333 pro
1305 3283 1407 3336 neque,-

352 3351 426 3407 Gud.
446 3351 480 3404 A.
503 3361 571 3413 out,·
604 3352 725 3408 Drsd.4.
752 3373 821 3413 nom
850 3354 910 3405 Cre.
928 3356 955 3405 ².
987 3370 1044 3404 eam
1077 3369 1169 3404 vocem
1195 3349 1274 3421 plane
1297 3352 1405 3417 omittit;

352 3438 449 3492 Duisb.
469 3437 548 3493 babet
566 3440 625 3511 qui
639 3439 834 3510 possessionis
852 3457 945 3503 suae,
964 3437 1034 3491 idem
1046 3437 1073 3491 in
1087 3456 1184 3508 marg.:
1203 3437 1251 3491 At.
1261 3439 1407 3505 possessio-

352 3547 412 3581 nes
432 3536 526 3580 tuoe.
565 3527 655 3598 Pergit
674 3527 744 3581 idem
764 3528 833 3580 nitit
850 3526 902 3579 sibi
921 3527 1009 3578 deesse
1023 3534 1150 3597 putot,
1169 3523 1239 3575 nihil
1256 3525 1407 3592 amplius

353 3625 469 3668 curat.
505 3612 564 3667 Cre.
585 3621 608 3668 2.
637 3615 710 3671 Gud.
727 3617 759 3670 A.
786 3626 814 3667 et
839 3615 921 3681 nisit,
954 3634 1016 3669 cum
1044 3612 1109 3666 0¹1.
1125 3612 1157 3665 E.
1182 3611 1215 3665 N.
1251 3612 1322 3664 Tum
1344 3610 1408 3665 On.

353 3703 387 3755 U.
407 3724 435 3772 η.
453 3720 485 3765 ψ.
503 3701 584 3755 Drsd.
603 3706 628 3756 4.
649 3707 673 3757 3.
694 3708 719 3756 1.
740 3706 796 3775 qui
814 3704 892 3756 nihil.
939 3701 1000 3759 Cre.
1016 3705 1041 3757 3.
1058 3700 1130 3755 Gud.
1150 3700 1232 3753 B..et
1254 3700 1314 3770 qui
1331 3700 1408 3753 nibil.

353 3794 458 3845 Vocem
478 3789 530 3842 sibi
554 3790 681 3844 omittunt
699 3790 771 3844 Gud.
790 3792 823 3845 A.
841 3791 872 3845 Β.
898 3791 978 3846 Drsd.
997 3794 1023 3843 4.
1049 3793 1106 3843 Cre.
1125 3792 1167 3853 3.;
1201 3787 1268 3841 Cod.
1286 3784 1366 3839 Drsd.
1383 3788 1408 3841 3.

353 3879 434 3933 babet
453 3879 542 3945 deesse
561 3877 613 3930 sibi
620 3899 630 3939 ‚·
660 3876 718 3932 Cre.
738 3882 765 3937 3.
789 3880 870 3933 Drsd.
891 3884 917 3934 t.
936 3878 1008 3932 Gud.
1026 3878 1057 3931 B.
1084 3885 1203 3947 putot,
1229 3875 1316 3927 idem:
1341 3875 1411 3927 nitit

353 3966 473 4036 amplius
492 3976 590 4027 curot;
610 3978 649 4019 est
667 3966 745 4019 etiam
766 3978 847 4019 curat
866 3968 894 4020 in
914 3966 981 4020 cod.
1001 3967 1059 4019 Cre.
1077 3967 1104 4019 3.
1143 3962 1228 4016 Plane
1252 3963 1325 4015 abest
1343 3960 1368 4014 b.
1387 3980 1409 4010 r.

351 4075 367 4108 a
386 4054 468 4108 Drsd.
487 4058 512 4106 4.
532 4052 590 4107 Mr.
610 4083 643 4095 -
664 4054 760 4121 „Duos
779 4057 833 4126 Qui
851 4058 881 4108 si
899 4055 950 4108 sibi
967 4053 1038 4108 nihil
1055 4053 1142 4104 deesse
1158 4060 1257 4120 putot.
1275 4048 1345 4101 nihil
1363 4067 1410 4099 cu-

350 4153 397 4195 rat
417 4141 550 4210 amplius,
571 4142 693 4194 sotiatus
713 4154 771 4205 est,·
791 4145 927 4216 quinque:
956 4143 1003 4215 qui
1027 4140 1082 4194 nit.
1109 4158 1132 4193 s.
1151 4138 1177 4190 d.
1200 4146 1313 4206 putet,
1342 4135 1411 4187 nitri!

351 4240 443 4282 curet
462 4229 544 4299 ampl.
561 4248 583 4281 s.
603 4240 660 4292 est,·
681 4230 759 4284 Duo:
784 4243 817 4284 et
837 4235 885 4305 qui
902 4231 972 4284 nitit
990 4250 1012 4285 s.
1032 4230 1058 4282 d.
1075 4235 1175 4297 putot,
1201 4223 1270 4275 nitu't
1292 4223 1408 4291 amplius

350 4326 448 4379 curat,
468 4335 490 4370 s.
508 4335 534 4369 c.
570 4315 660 4370 Unus:
692 4320 739 4390 qui
757 4319 826 4372 nibil
843 4318 895 4371 sibi
914 4319 1002 4370 deesse
1018 4325 1117 4385 putot,
1146 4310 1216 4363 nihil
1234 4317 1309 4361 curet
1327 4309 1408 4379 ampl.

350 4425 371 4458 ³·
391 4422 433 4465 θη·
452 4403 535 4457 Tres:
560 4404 616 4457 nit».
639 4425 661 4459 s.
681 4406 706 4460 d.
724 4417 823 4477 putot,
851 4417 879 4457 et
907 4405 976 4457 nisit
999 4414 1079 4456 curat
1107 4398 1189 4468 ampl.
1208 4417 1230 4450 s.
1249 4416 1271 4449 e.
1318 4395 1410 4451 Unus:

350 4495 398 4568 qui
415 4494 470 4546 nin
489 4513 511 4550 s.
529 4493 554 4544 d.
571 4502 666 4561 putet,
685 4514 711 4550 n.
732 4504 806 4547 curet
840 4493 921 4563 ampl.
940 4500 1127 4547 saturatus
1146 4496 1190 4538 est·
1226 4484 1302 4537 Duo:
1322 4483 1410 4536 nih-t·

1067 4575 1113 4651 18
