3517 5450
360 709 432 782 166
690 728 867 775 rlnlooxl
894 729 1086 777 srorconrn.

356 891 438 946 stulti
455 892 605 944 insaniunt,
641 887 694 941 sed
714 888 778 941 illud
796 889 875 943 hodie
895 908 950 943 non
968 901 1056 943 exslal.
1105 889 1224 943 Tamum
1244 888 1393 959 principium

356 981 414 1034 eius
433 979 565 1050 reliquum
592 987 629 1030 es!
652 976 818 1030 huiusmodi:
847 983 906 1050 Ego
931 998 992 1030 vero
1019 990 1046 1029 ιε
1066 1008 1099 1016 -
1120 976 1199 1028 rebus
1222 977 1393 1027 advincam

357 1069 522 1120 necessariis.
569 1064 694 1136 Reliqua,
726 1084 795 1136 quae
813 1078 979 1137 sequuntur,
1007 1065 1073 1118 nihil
1100 1084 1162 1119 cum
1190 1063 1243 1117 hoe
1270 1062 1390 1115 Paradoro

358 1174 501 1209 commune
521 1152 633 1214 habent,
652 1151 697 1204 sed
718 1151 791 1204 aliud
808 1154 923 1223 probare
942 1153 1101 1219 intendunt,
1129 1152 1216 1204 solum
1243 1148 1339 1201 scilicet
1352 1166 1389 1199 so-

353 1245 470 1313 pientem
489 1261 544 1294 esse
562 1243 658 1293 civeme
679 1257 766 1291 omnes
785 1250 877 1291 autem
895 1241 995 1292 stultos
1012 1258 1068 1291 esse
1084 1240 1184 1291 exules.
1227 1236 1328 1288 Mirum
1341 1253 1387 1286 vero

356 1350 408 1384 nec
427 1329 574 1391 lambino,
600 1346 652 1380 nec
677 1326 779 1397 laangio
805 1345 856 1379 nec
885 1326 935 1396 ipsi
962 1327 1079 1398 denique
1099 1327 1246 1391 Turnebo,
1275 1325 1386 1376 maiorum

357 1417 477 1487 gentium
497 1417 599 1480 critico,
619 1414 671 1468 hoc
687 1413 846 1466 suboluisse:
866 1433 929 1466 nam
948 1415 976 1466 in
995 1415 1118 1468 Manutio
1137 1412 1202 1466 nihil
1216 1412 1270 1466 hoc
1284 1412 1386 1464 noriesl:

358 1504 466 1557 ariolari
485 1503 557 1557 enim
577 1522 633 1554 non
653 1501 753 1554 didicit.
799 1500 892 1569 Quare
916 1503 937 1554 ei
957 1504 1017 1574 quis
1033 1502 1123 1556 locum
1141 1501 1220 1553 illum
1239 1499 1356 1571 supplere
1368 1507 1386 1549 ει

358 1591 558 1663 ‹leperdilorum
576 1591 706 1643 iacturam
726 1589 824 1642 sarcire
844 1589 919 1656 velit,
938 1610 984 1656 ea,
1003 1595 1077 1663 'quae
1095 1609 1151 1643 non
1170 1589 1286 1660 longea
1308 1585 1386 1658 pnoei-

358 1681 403 1750 pio
423 1676 725 1731 terlii'l'usculanarum
743 1676 804 1729 libri
832 1677 904 1747 apud
924 1678 1083 1732 Ciceronem
1102 1677 1244 1748 leguntur,
1268 1676 1337 1727 illinc
1357 1691 1384 1725 as·

357 1785 462 1819 sumere
481 1777 560 1837 atque
587 1765 639 1819 huc
658 1765 799 1818 lranslerre
819 1764 926 1818 debel.“
971 1766 1127 1836 Scioppius:
1146 1764 1300 1835 (Elementa
1310 1759 1384 1814 Philoc

358 1855 464 1908 Stoicae
483 1853 609 1919 Moralis,
628 1873 687 1925 cap.
705 1856 766 1906 129.
785 1873 811 1923 p.
830 1851 888 1920 11.)

430 1936 482 1994 ὅτι
496 1946 558 2001 πᾶς
576 1940 689 2011 ἄφρων
707 1941 887 2007 univerae]
932 1939 993 2005 „De
1012 1940 1064 1994 hoc
1082 1940 1221 1993 Paradoxo
1242 1939 1332 1992 Cicero
1347 1934 1383 2006 egil

357 2030 451 2084 Tusce.
471 2030 587 2100 Dispuu,
609 2028 656 2094 lV,
678 2033 720 2095 25,
740 2033 783 2082 54.
831 2027 896 2079 Eius
921 2039 1009 2081 autern
1034 2048 1124 2082 sensus
1142 2028 1383 2100 aperiunduseslex
1423 2044 1425 2141 ρ

357 2118 549 2190 significalione
568 2117 685 2170 nominis
696 2114 783 2186 ἄφρων
794 2127 819 2169 ει
838 2116 909 2167 verbi
928 2122 1077 2177 μαίνεσθαι.
1113 2116 1187 2187 Ergo
1205 2114 1295 2185 ἄφρων
1311 2113 1383 2167 dicitur

357 2207 394 2272 is,
414 2206 459 2277 qui
479 2225 535 2258 non
554 2216 592 2258 εει
610 2201 746 2274 φρόνιμος,
767 2203 897 2274 prudens:
914 2205 1061 2273 prudentio
1078 2214 1167 2257 autem
1186 2215 1225 2257 est
1250 2203 1383 2256 fundamen·

359 2306 415 2347 lum
436 2293 517 2345 trium
536 2291 701 2363 reliquarum
720 2292 861 2357 virtulum,
881 2292 1073 2362 formellum,
1101 2292 1308 2361 temperantiae,
1324 2285 1383 2339 iaso·-

359 2381 430 2443 ιίαε,
449 2391 597 2451 quaesunt
616 2379 763 2451 practicae,
789 2399 850 2432 cum
874 2379 931 2450 ipsa
949 2380 982 2433 sil
1001 2379 1153 2433 theoretica.
1197 2379 1271 2450 Ergo
1290 2374 1383 2448 φρὸαμνι

360 2486 440 2521 nemo
460 2478 497 2521 est
514 2467 565 2520 nisi
582 2466 699 2538 sapiens:
725 2468 816 2539 etqui
841 2487 897 2520 non
917 2480 955 2522 est
972 2469 1089 2539 sapiens,
1115 2467 1214 2521 dicilur
1240 2465 1337 2537 ἄφρων,
1357 2462 1383 2513 la·
1424 2465 1425 2533 l

360 2556 552 2618 ιίηεέιαὶιαε,
572 2555 644 2628 quod
664 2566 702 2609 est
720 2575 735 2608 a
754 2556 888 2626 primitivo
917 2557 987 2607 stolo
1011 2566 1037 2609 ει
1055 2567 1129 2609 notat
1147 2556 1301 2621 caudicem,
1327 2564 1382 2606 tron-

360 2640 422 2699 curn
441 2643 522 2715 ligni,
541 2644 638 2697 deinde
656 2663 703 2715 per
722 2641 871 2715 μεταφορᾶν
890 2644 988 2697 dicitur
1004 2644 1037 2696 de
1056 2642 1210 2696 hominibus
1236 2642 1338 2714 ingenio
1352 2657 1382 2691 ca·

359 2734 478 2786 renlibus
500 2732 539 2786 rel
557 2734 653 2799 tardis,
678 2733 808 2804 imperitis
835 2732 874 2785 vel
899 2733 977 2786 eliam
1003 2732 1084 2786 nimia
1109 2752 1136 2785 se
1156 2732 1301 2786 mobilitate
1318 2726 1382 2802 prole

360 2822 492 2874 rentibus:
511 2822 583 2874 unde
602 2832 640 2874 est
657 2820 769 2874 lalinum
787 2821 919 2887 stolidus,
939 2840 969 2873 ex
987 2821 1079 2873 eadem
1099 2821 1213 2892 origine.
1250 2818 1304 2873 lam
1322 2830 1381 2890 quum

362 2908 485 2961 slullillae
504 2908 580 2961 mulli
598 2909 651 2962 sint
668 2910 780 2979 gradus,
805 2929 926 2963 summus
950 2908 1064 2963 habelur
1088 2909 1187 2979 gradus
1211 2915 1291 2970 μανία
1307 2926 1325 2959 s.
1341 2907 1382 2965 pol-

361 2996 590 3063 νεσθαι,1υεεεε,
614 2996 739 3049 insanire.
794 2994 888 3068 ltaque
907 2997 1025 3049 ridemus
1051 2996 1103 3050 hoc
1120 2996 1280 3050 Paradoxon
1298 2996 1323 3047 in
1339 3009 1382 3045 ean·

362 3082 423 3135 (lem
441 3082 560 3136 incidere
577 3084 808 3137 incredibililalem
828 3085 845 3137 i.
858 3104 881 3137 e.
898 3084 1037 3138 falsitatem
1048 3104 1105 3150 ,ac
1123 3085 1209 3156 prius:
1238 3085 1323 3135 omnia
1335 3096 1381 3150 pec·

362 3182 427 3221 cota
445 3190 501 3223 esse
520 3172 656 3244 aequalia.
693 3172 760 3224 Nam
780 3184 806 3227 ει
820 3174 848 3225 in
867 3173 1066 3226 hocParadoxo
1085 3173 1137 3226 rilii
1157 3172 1257 3242 gradus
1272 3170 1381 3227 tolluntur.

357 3267 389 3341 et
406 3256 572 3326 affirmatur,
590 3279 684 3312 omnes
701 3261 794 3314 slullos
812 3280 897 3332 aeque
917 3281 971 3314 esse
989 3261 1094 3327 nullos,
1128 3273 1209 3334 atque
1228 3245 1293 3314 adeo
1310 3254 1382 3313 slulls·

361 3346 457 3412 simos,
476 3348 493 3400 i.
514 3367 537 3400 e.
557 3366 602 3399 eos
619 3352 789 3408 μαίνεαθαι.“
809 3348 1054 3420 Wyttenbach.

425 3428 500 3486 Ὅτι
524 3438 589 3494 πᾶς
607 3432 719 3504 ἄφρων
743 3440 927 3503 μαίνεται]
975 3436 1013 3488 Ex
1033 3438 1128 3490 nostris
1146 3436 1233 3491 Codd.
1253 3436 1335 3491 nullus
1351 3430 1383 3483 11·

354 3523 405 3575 ¹bel
422 3521 623 3594 inscripllonem
643 3523 783 3577 Graecam.
809 3524 874 3579 Oxx.
894 3524 913 3578 Ι.
932 3525 964 3578 Ν.
990 3544 1050 3577 eam
1080 3524 1218 3591 exhibent,
1247 3544 1322 3598 quam
1343 3536 1381 3579 ποι

362 3630 424 3663 cum
442 3612 494 3664 sint
512 3611 545 3663 ad
564 3611 613 3663 Ed.
634 3610 731 3665 Olireli
756 3612 861 3678 collati,
890 3632 959 3685 quae
977 3613 1056 3666 habel
1074 3624 1203 3666 nostram.
1240 3612 1270 3665 ln
1289 3610 1382 3665 Eriper-

362 3701 439 3751 1507.
459 3697 551 3750 litteris
569 3698 656 3751 latinis
675 3700 802 3771 scriplum
823 3712 861 3753 εει
879 3702 918 3752 oli
939 3701 1072 3770 ponderi
1089 3702 1156 3753 mori
1173 3701 1347 3770 opinlssoode,
1365 3695 1382 3745 11

362 3785 447 3854 Lugd.
466 3788 550 3841 1515:
582 3790 627 3838 0ιί
644 3788 746 3856 ponder
770 3789 799 3838 Ιιί
818 3789 884 3839 mori
902 3788 1080 3857 apinissonde.
1127 3788 1236 3842 Nullam
1254 3785 1383 3842 habentia·

363 3873 534 3943 scriplionem
565 3874 696 3929 Graecam
725 3876 774 3931 Ed.
800 3897 842 3948 ap.
868 3876 955 3932 Meus.
983 3878 1062 3930 lldlb.
1081 3897 1101 3930 s.
1120 3878 1137 3932 l.
1157 3889 1186 3931 ει·
1201 3899 1224 3932 a.
1249 3878 1326 3931 Paris.
1342 3890 1382 3927 ea·

363 3959 394 4013 ln
420 3962 488 4015 Ven.
508 3965 587 4017 1492.
606 3975 657 4017 est:
674 3986 732 4016 -οτι
756 3982 853 4017 nevero
882 3987 906 4016 οι
929 3986 1005 4035 μοροι
1028 3987 1163 4031 μχινονταν
1188 3969 1266 4037 (sic);
1295 3968 1321 4019 in
1336 3964 1383 4015 Ver·

363 4052 447 4102 1514:
472 4071 512 4101 οτι
530 4049 623 4110 πάντες
642 4073 746 4122 οιμωροι
763 4074 907 4115 μαινονται.
951 4054 1019 4107 Edd.
1036 4055 1099 4107 Par.
1123 4059 1203 4110 1512.
1229 4067 1254 4110 ει
1280 4056 1339 4108 Dav.
1357 4068 1384 4100 ιιι

362 4157 457 4195 παντες
475 4159 499 4188 ον
517 4160 592 4209 μορον
610 4160 788 4193 ααινισσονται
815 4143 878 4213 (pro
904 4138 1109 4210 ἄαινῠσσονται).
1157 4142 1226 4197 Edd.
1255 4143 1312 4196 Asc.
1328 4136 1383 4192 1511·
1418 4175 1420 4179 -

362 4226 431 4297 Argv
447 4227 518 4280 Crat.
538 4226 627 4280 llerw.
645 4227 677 4280 H.
695 4229 780 4281 Wolf.
799 4229 858 4283 Par.
876 4235 955 4288 1543.
975 4230 1036 4283 Ald.
1055 4233 1135 4284 1548.
1163 4230 1234 4284 Aud.
1257 4230 1313 4283 Tal.
1329 4223 1381 4296 Syll·

362 4313 473 4365 Lambb.
493 4312 572 4367 Goth.
592 4315 614 4366 F
616 4334 671 4369 acc.
690 4308 731 4368 ἄεν
749 4314 843 4377 πάντες
861 4319 885 4370 οἶ
902 4323 985 4388 μωροὶ
1002 4324 1146 4378 μαίνονται.
1164 4318 1257 4370 Lamb.
1269 4328 1295 4370 ει
1310 4311 1380 4367 Color.

364 4392 404 4449 ‘ier
422 4396 517 4459 πάντες
536 4402 559 4451 οἱ
577 4398 684 4471 ἄφρονες
706 4412 842 4465 μαίνονται
866 4407 912 4475 (ad
940 4407 1019 4459 verba
1038 4405 1119 4476 Diog.
1136 4407 1223 4460 Laerl.
1241 4407 1257 4458 l.
1274 4405 1316 4473 l.);
1338 4395 1379 4452 111·

366 4490 444 4541 1511.
464 4490 575 4543 eandem
594 4489 672 4546 habel
684 4487 885 4566 inscriptionem
900 4494 1040 4561 Graecam,
1059 4494 1104 4548 sed
1118 4492 1199 4549 latini
1214 4493 1289 4566 plane
1299 4480 1380 4545 omlssls’
