3517 5450
874 729 1036 777 EXCURSUS
1064 729 1108 774 IX.

851 892 1063 953 EXCURSUS
1086 892 1140 952 tx.

685 1057 761 1131 au
790 1054 1135 1130 rensuuxou
1160 1056 1229 1152 xv,
1254 1056 1291 1128 2.

549 1231 697 1309 Nescis,
718 1231 884 1296 exsilium
906 1233 1077 1297 scelerum
1099 1255 1171 1295 esse
1187 1254 1336 1318 poenam
1348 1279 1357 1312 ,
1383 1247 1439 1294 cet.

536 1424 653 1492 „Cicero
681 1443 731 1496 pro
758 1442 807 1476 suo
838 1422 950 1476 arbitrio
977 1421 1068 1473 exsilii
1096 1421 1205 1474 nomine
1232 1421 1316 1474 utitur
1342 1422 1509 1494 abutiturque.

467 1511 608 1580 Triplicem
626 1511 704 1564 huius
722 1510 839 1564 nominis
857 1508 1078 1580 significationem
1102 1509 1174 1580 apud
1192 1509 1349 1562 Romanum
1370 1509 1441 1564 huuc
1458 1531 1509 1563 ora-

464 1612 551 1652 torem
568 1599 682 1652 invenio.
728 1598 841 1666 Quoties
864 1598 898 1651 ad
926 1599 1014 1669 ipsum
1040 1597 1135 1651 attinet
1160 1597 1213 1651 hoc
1237 1597 1417 1663 vocabulum,
1441 1599 1510 1653 inno-

464 1689 580 1742 centiam
601 1687 735 1759 quandam
755 1708 818 1759 prae
837 1707 864 1742 se
885 1688 943 1741 lert.
989 1687 1026 1741 lta
1046 1706 1126 1758 supra
1150 1687 1177 1739 iu
1196 1686 1336 1740 Paradoxo
1356 1688 1387 1740 II.
1413 1689 1450 1759 [p.
1465 1691 1510 1756 Bb]

465 1775 589 1829 adversus
607 1776 755 1829 Antonium
774 1775 851 1843 dixit,
877 1775 1014 1828 Exsilium
1031 1776 1066 1828 iis
1084 1794 1140 1827 esse
1166 1775 1299 1840 terribile,
1325 1777 1425 1848 quihus
1444 1782 1511 1850 quasi

464 1865 682 1933 circumscriptus
698 1864 736 1916 sit
754 1863 898 1916 babitandi
916 1863 1004 1927 loeus,
1021 1882 1073 1915 non
1090 1865 1139 1930 iis,
1161 1866 1208 1935 qui
1233 1883 1336 1916 omnem
1355 1865 1442 1918 orbem
1465 1879 1511 1918 ter·

463 1969 555 2004 rarum
574 1968 656 2002 unam
675 1950 764 2003 urbem
782 1970 839 2004 esse
858 1951 968 2003 ducant.
1004 1950 1069 2018 Quo
1091 1950 1152 2004 loco
1171 1949 1284 2019 Cicero,
1311 1965 1342 2007 ut
1366 1954 1419 2009 hoc
1437 1956 1512 2008 obiter

465 2059 603 2105 moneam,
627 2039 661 2092 ad
681 2038 861 2093 differentiam
880 2038 1032 2091 exsiliorum
1050 2039 1192 2110 respexisse
1210 2040 1292 2094 videri
1312 2042 1405 2112 possit.
1455 2043 1513 2095 Nam

465 2130 615 2183 Martianus
633 2126 832 2181 Iureconsultus
849 2128 876 2180 iu
899 2126 916 2181 Ι.
935 2130 961 2181 5.
978 2127 1009 2182 ll.
1034 2127 1066 2180 de
1086 2127 1218 2182 interdici.
1245 2141 1272 2183 et
1300 2130 1383 2202 releg.
1411 2131 1512 2202 [Digest.

464 2216 493 2270 L.
513 2215 629 2270 vattt.
647 2215 702 2269 Tit.
722 2220 766 2282 22,
784 2217 821 2284 5.]
864 2217 1000 2268 Exsilium
1019 2216 1119 2286 triplex
1144 2235 1201 2268 esse
1217 2215 1296 2282 dicii,
1325 2230 1387 2270 aut·
1404 2240 1463 2271 cam
1479 2230 1513 2272 est

463 2317 597 2359 certarum
614 2304 730 2357 locorum
748 2304 911 2371 interdictio,
931 2314 982 2355 out
1000 2304 1062 2355 loto
1076 2305 1167 2376 fugo,
1184 2305 1278 2377 (quale
1297 2305 1441 2360 Ciceronis
1458 2306 1514 2359 exsi-

465 2393 540 2461 tium,
560 2403 666 2464 excepta
678 2392 772 2464 culpa,
792 2391 871 2459 Iuitz)
893 2402 926 2444 ut
944 2393 1059 2444 omnium
1076 2393 1193 2445 locorum
1205 2393 1401 2460 interdicatur,
1417 2406 1514 2464 praeter

464 2493 566 2534 eertum
583 2482 684 2545 locum,
706 2489 756 2532 aut
774 2480 880 2533 insulae
899 2480 1049 2542 vinculum,
1076 2481 1107 2531 iri
1124 2491 1179 2546 est,
1200 2481 1333 2552 relegatio
1350 2484 1380 2534 in
1399 2483 1514 2536 insulam.

465 2569 496 2623 In
515 2568 561 2622 illo
581 2567 720 2621 Ciceronis
740 2566 801 2622 loco
821 2587 864 2620 res
881 2568 938 2638 ipsa
959 2587 1012 2621 non
1031 2568 1141 2621 nomine
1159 2568 1283 2640 quidem,
1309 2570 1356 2621 sed
1376 2570 1514 2641 ignominia

465 2669 491 2711 et
510 2656 615 2709 miseria
633 2654 745 2710 exuitur.
791 2654 820 2708 In
850 2655 902 2708 hoc
931 2674 993 2707 xero
1017 2653 1077 2708 loco
1102 2675 1144 2708 res
1170 2667 1196 2708 et
1220 2658 1333 2710 nomine
1363 2661 1481 2730 privatur
1495 2669 1515 2710 et

465 2746 623 2819 ignominia.
657 2747 726 2799 Nam
744 2747 797 2797 iter
816 2744 953 2810 nominat,
973 2743 1040 2797 sicut
1057 2744 1087 2796 in
1107 2746 1141 2798 V.
1159 2745 1377 2799 Tusculanarum
1399 2750 1515 2815 [catut.

466 2837 516 2891 Ed.
535 2848 617 2890 nostr.
637 2836 670 2888 Τ.
679 2834 722 2887 Ill.
744 2855 770 2906 p.
786 2837 847 2889 231.
866 2834 932 2905 ibiq.
950 2828 1043 2888 annot.
1061 2836 1155 2902 nasto]
1172 2836 1430 2907 peregrinationem,
1448 2836 1513 2899 μειό-

465 2944 502 2979 ou
519 2945 566 2979 seu
584 2924 768 2978 extenuatione
788 2922 898 2994 pulchre
918 2922 1080 2985 verecunda,
1099 2923 1145 2975 ubi
1164 2922 1247 2976 multa
1267 2923 1420 2979 multorum
1441 2926 1516 2998 philo·

465 3013 611 3086 sophorum
629 3032 675 3065 sua
693 3023 789 3083 sponte
807 3011 894 3064 solum
914 3011 1071 3066 vertentium
1090 3011 1208 3083 exempla
1227 3025 1380 3068 enumerat.
1426 3017 1515 3068 Verum

466 3120 516 3172 pro
534 3101 626 3152 Domo
643 3119 689 3152 sua
711 3101 766 3166 [27,
784 3099 841 3166 ῖ2.]
859 3100 962 3151 exsulis
987 3119 1081 3153 nomen
1106 3119 1157 3169 per
1173 3119 1202 3152 se
1227 3101 1402 3155 calamitatis
1421 3104 1516 3176 quidem

465 3207 522 3241 esse
540 3187 618 3253 dicit,
637 3187 816 3257 turpitudinis
834 3205 886 3238 non
905 3188 978 3243 item.
1014 3186 1037 3239 E
1056 3187 1158 3241 diverso
1178 3208 1229 3259 pro
1247 3189 1320 3243 Aulo
1340 3189 1458 3246 Caecina
1469 3194 1516 3260 tat,

466 3278 540 3345 tou]
558 3277 682 3330 exsilium
698 3295 749 3328 reon
767 3274 944 3345 supplicium,
970 3276 1019 3327 secl
1032 3276 1193 3347 profugium
1214 3288 1384 3351 portumque
1402 3279 1517 3349 supplicii

465 3368 595 3422 nominat.
632 3366 681 3419 ttic
700 3377 725 3419 et
750 3383 849 3417 nornen
869 3374 1009 3432 remanet,
1036 3383 1088 3418 nec
1114 3365 1262 3435 ignominia
1297 3378 1375 3420 caret
1399 3368 1517 3430 exsilium,

464 3457 492 3509 in
512 3454 585 3528 quod
606 3472 701 3507 causae
727 3472 789 3506 suae
808 3452 958 3505 diffidentes
976 3472 1003 3506 se
1028 3453 1188 3507 coniiciuntx
1215 3473 1266 3507 nec
1286 3456 1399 3509 miseria
1420 3470 1517 3527 prorsus

466 3544 554 3608 abest,
574 3541 620 3594 ubi
638 3542 708 3594 inter
726 3541 779 3594 duo
798 3540 883 3608 mala,
902 3542 975 3611 quod
994 3544 1083 3595 minus
1101 3542 1306 3596 incommodum
1324 3555 1380 3611 est,
1412 3545 1516 3616 eligitur.

465 3629 591 3685 Ceterum
612 3630 645 3683 de
664 3629 812 3683 voluntario
832 3629 909 3683 exilio
927 3630 986 3701 lege
1004 3629 1143 3684 Budaeum
1154 3629 1181 3683 in
1195 3633 1422 3686 annotationibus
1440 3644 1517 3705 poste·

465 3719 594 3785 rioribus,
619 3737 700 3790 super
725 3737 757 3773 eo
782 3718 859 3785 loco,
887 3737 968 3791 quem
989 3719 1078 3790 paullo
1103 3719 1225 3791 superius
1253 3739 1284 3772 ex
1314 3720 1456 3776 Martiano
1478 3720 1517 3773 ad·

466 3807 649 3859 duximus·
686 3807 767 3875 Quod
795 3818 885 3861 autem
909 3827 969 3861 mox
995 3808 1059 3862 dicit
1085 3809 1170 3860 sulum
1198 3819 1323 3874 mutare,
1350 3808 1464 3863 Graecis
1486 3818 1517 3860 est

467 3894 678 3962 neruvuornlsu,
706 3895 906 3957 μετοικίζεσθαι.
946 3894 1097 3949 Matthaeus
1121 3896 1234 3967 [Eraug.
1254 3896 1273 3960 l,
1295 3899 1341 3951 11.
1363 3901 1410 3951 12.
1429 3910 1454 3952 et
1470 3894 1516 3959 tt]

466 3984 661 4057 Babylonicum
682 3985 798 4037 exsilium
816 3992 977 4047 perornantur
995 3985 1152 4057 appellavit,
1172 3985 1244 4056 quod
1265 3986 1360 4039 mitius
1379 3999 1429 4055 est,
1448 4002 1516 4059 quarn

467 4076 658 4140 uiluuluatufl
677 4074 803 4145 Xystus
820 4074 1015 4128 Betuleius.
1059 4074 1136 4128 Adde
1154 4074 1194 4127 bis
1215 4074 1246 4126 II.
1265 4074 1299 4127 E.
1319 4074 1449 4130 Dirhseu.
1466 4074 1516 4127 Ma·

467 4163 546 4217 nuale
564 4161 709 4215 Latinitatis
726 4162 854 4215 Fontium
884 4162 952 4216 Iuris
977 4163 1065 4216 Civilis
1088 4163 1274 4217 Romanorum
1302 4184 1326 4215 v.
1345 4168 1481 4219 Exsilium
1495 4172 1514 4214 et

466 4251 610 4304 Exsulare.
647 4250 762 4303 Barnab.
782 4251 887 4306 Brisan.
907 4253 940 4305 de
959 4253 1128 4318 Verborum,
1158 4270 1227 4324 quae
1251 4251 1288 4304 ad
1313 4254 1360 4306 Ius
1388 4256 1516 4326 pertinent,

466 4339 658 4410 significaIIone
677 4360 698 4391 v.
717 4341 852 4406 Exilium,
869 4361 897 4413 p.
915 4344 977 4396 314.
996 4341 1046 4394 Ed.
1066 4342 1137 4394 Itter.
1163 4352 1188 4393 et
1205 4340 1295 4396 Lexic.
1326 4342 1473 4398 Iuridicum
1493 4359 1514 4392 ex

467 4426 660 4482 Briss.llotom.
679 4427 776 4481 Pratei.
796 4439 822 4482 et
836 4428 1144 4498 Cuiac.(Genev.1liIh.
1164 4428 1203 4498 8.)
1222 4449 1244 4481 v.
1254 4429 1385 4482 Exilium
1397 4452 1422 4503 p.
1431 4434 1515 4496 llisq·

466 4516 555 4570 Exstat
572 4515 709 4571 Plutarchi
728 4516 761 4570 de
779 4516 863 4570 Exitio
882 4516 963 4584 liber,
992 4537 1073 4588 quem
1102 4516 1269 4572 eCrautore
1297 4516 1513 4593 philosophosite
