3517 5450
353 675 377 748 8
681 699 854 746 rmsooxa
879 695 1073 743 sromcuuu.

423 864 499 930 Quae
513 859 619 930 peperit
639 856 742 910 dicendi
758 855 884 926 copiam]
909 854 977 908 cod.
995 852 1067 907 Gud.
1087 851 1119 906 Α.
1145 861 1172 904 et
1195 849 1246 903 Ed.
1273 846 1402 902 Daueotr.

353 952 431 1004 1100.
452 949 555 1018 peperit
579 946 725 999 dicendo
748 945 857 1014 copiam.
893 942 944 996 01.
963 961 987 996 σ.
1007 940 1108 1012 copiae.
1142 936 1404 1008 oraculorum

353 1038 531 1106 praeoccurrit
551 1035 631 1088 verbo
646 1032 766 1103 peperit,
785 1030 908 1085 similiter
924 1029 988 1083 lecit
1005 1029 1039 1082 de
1060 1027 1112 1081 Or.
1129 1027 1149 1093 l,
1169 1028 1196 1091 3,
1221 1024 1268 1079 ubi
1288 1021 1405 1096 philoso-

356 1123 446 1195 phiam
465 1122 667 1175 laudandorum
684 1121 787 1173 artium
805 1119 922 1170 omnium
937 1114 1209 1188 procreatricem
1225 1112 1367 1185 quandam
1380 1119 1406 1161 et

355 1211 436 1284 quasi
459 1219 640 1279 parentem
667 1205 736 1259 dixit.
772 1205 815 1258 Ad
841 1203 999 1258 seutentiam
1025 1200 1097 1257 conl.
1122 1199 1172 1253 Or.
1190 1202 1221 1255 3:
1244 1198 1347 1270 fateor
1369 1214 1406 1248 nee

353 1308 497 1361 oratorem,
516 1296 540 1350 ei
559 1295 634 1347 modo
651 1295 709 1358 eim,
730 1303 781 1345 aut
798 1293 881 1344 etiam
897 1291 1050 1363 quicunque
1067 1290 1126 1346 sim,
1149 1307 1202 1340 non
1218 1305 1252 1338 ex
1270 1285 1407 1338 rhetorum

357 1383 479 1453 officinis,
497 1383 545 1435 sed
561 1401 594 1433 ex
613 1381 826 1434 Academiae
843 1381 943 1451 epatiie
960 1378 1106 1431 exstitisse.
1141 1374 1179 1427 Μ.
1196 1373 1235 1426 Μ.
1254 1394 1279 1427 v.
1291 1372 1408 1426 Baum·

355 1470 468 1525 haoer
493 1471 562 1525 Dies.
588 1470 621 1522 de
644 1467 796 1523 Aristotelia
822 1468 845 1521 vi
869 1469 897 1521 in
917 1464 1055 1521 Ciceronis
1076 1462 1182 1536 scriptis
1202 1461 1290 1532 (Trai.
1310 1459 1344 1514 ad
1362 1458 1407 1514 111.

356 1558 452 1628 1841.)
476 1578 502 1630 p.
520 1560 582 1611 101.
607 1567 632 1610 et
650 1558 692 1610 ⁹⁹.
713 1553 775 1609 coll.
793 1553 824 1608 C.
844 1555 873 1607 F.
893 1550 1085 1608 Hermanui
1102 1550 1179 1622 Disp.
1194 1548 1228 1601 de
1245 1547 1408 1619 Interpreta-

357 1649 430 1702 tione
449 1645 554 1699 Timaei
572 1643 703 1698 Platonici
723 1663 738 1696 a
757 1641 813 1698 Cic.
831 1643 923 1697 relicta
942 1640 1076 1712 (Gotting.
1095 1636 1189 1705 1842.)
1206 1656 1233 1708 p.
1245 1638 1290 1688 11.
1306 1662 1342 1676 -
1360 1632 1408 1687 Se·

359 1719 452 1807 quitur
469 1733 497 1786 in
516 1731 584 1786 cod.
601 1730 661 1786 Cre.
678 1736 701 1785 1.
725 1742 753 1782 et
777 1733 805 1784 in
827 1750 883 1805 qua
902 1731 1031 1783 dicuntur
1048 1728 1125 1780 illa.
1160 1726 1215 1778 Pro
1234 1725 1408 1793 dirmpare

358 1823 387 1876 in
413 1823 518 1876 duobus
544 1821 618 1874 libris
641 1819 756 1873 Manutii
783 1831 820 1872 est
845 1819 1031 1888 discrepent,
1058 1817 1177 1886 itemque
1201 1813 1229 1866 in
1253 1809 1324 1864 Edd.
1342 1808 1409 1864 vies

356 1910 428 1964 Rob.
445 1909 536 1983 Steph.
558 1909 695 1962 Camerar.
733 1907 815 1975 Quod
838 1927 900 1961 cave
917 1907 1023 1979 probes.
1059 1903 1118 1957 Mc.

432 2001 596 2068 Discrepont
622 1996 657 2048 alr
680 1997 801 2067 opinione
825 1997 962 2067 populari]
991 1991 1180 2066 „Peripatetici
1206 2001 1234 2044 et
1259 1989 1411 2045 Audemici

361 2083 483 2157 corporis
501 2095 527 2139 et
546 2083 670 2138 fortunae
688 2085 760 2138 bona
779 2103 835 2138 esse
854 2084 962 2138 dicunt:
981 2091 1081 2154 negant
1094 2078 1177 2135 Stoici
1195 2077 1343 2149 quicquam
1359 2095 1411 2130 esse

361 2173 465 2226 bouum
483 2182 589 2243 praeter
608 2173 740 2225 virtutem.
777 2172 848 2225 Vitia
873 2190 929 2224 esse
954 2171 1028 2243 paria
1052 2170 1080 2222 hi
1104 2166 1212 2234 dieunt,
1237 2167 1276 2219 illi
1300 2174 1412 2237 negant:

360 2258 467 2331 aliaque
491 2258 699 2312 innumerabilia
723 2270 799 2326 sunt,
827 2260 925 2332 quibus
950 2279 1005 2313 oon
1031 2257 1155 2313 convenit
1177 2256 1248 2309 iuter
1265 2254 1413 2309 Stoicoaet

362 2343 537 2399 Academicos
552 2356 579 2399 et
591 2346 792 2416 Peripateticos,
811 2347 839 2399 io
858 2347 956 2418 quibus
974 2347 1000 2401 hi
1019 2347 1112 2400 dicunt
1131 2364 1171 2412 ea,
1189 2362 1259 2416 quae
1271 2361 1330 2396 nou
1345 2340 1413 2395 mul·

363 2442 421 2484 tum
440 2432 593 2504 discrepant
611 2433 644 2486 ab
664 2433 795 2506 opinione
813 2433 969 2506 populari.“
989 2434 1060 2488 Fre.
1079 2433 1098 2488 S
1105 2433 1169 2505 ylv.
1206 2430 1276 2485 Cad.
1295 2430 1410 2485 Gonu.

364 2519 462 2574 ourittit
480 2519 529 2585 ab,
554 2520 672 2593 itemque
690 2521 769 2576 Drsd.
790 2524 815 2576 3.
852 2524 884 2575 lu
904 2521 972 2576 Ccd.
990 2521 1040 2575 Or.
1060 2522 1093 2578 N.
1111 2531 1149 2574 est
1169 2519 1280 2590 vulgari
1298 2538 1351 2591 pra
1366 2537 1413 2589 pc·

359 2607 472 2677 pulari;
493 2607 565 2682 quod
585 2619 623 2663 est
640 2609 802 2681 glossatoris.
839 2610 898 2664 Mr.

436 2700 503 2749 Cato
521 2707 621 2757 autem,
638 2699 785 2771 perfectus,
805 2718 863 2752 meu
881 2698 1026 2756 sententia,
1042 2695 1161 2763 Stoicus]
1181 2691 1267 2748 Codd.
1282 2691 1343 2748 Cre.
1355 2695 1412 2747 1.1.

365 2785 458 2850 Catia,
477 2796 503 2839 et
520 2785 558 2840 cic
575 2804 693 2858 semper:
712 2806 796 2857 quare
815 2788 875 2842 talia
895 2808 951 2842 non
969 2786 1038 2841 ultra
1055 2783 1233 2838 monebimus.
1270 2782 1413 2847 Posterior,

365 2882 467 2926 mutato
493 2873 637 2926 verborum
661 2874 773 2941 ordine,
799 2895 857 2928 mea
880 2876 1016 2929 cernentia
1037 2872 1179 2944 perfectus
1201 2875 1329 2940 Stoycus.
1362 2869 1413 2921 Pro

367 2978 425 3011 urea
444 2959 544 3014 habeut
561 2959 591 3011 in
607 2977 641 3012 ea
655 2958 742 3015 Codd.
755 2960 815 3019 Cro.
829 2965 855 3017 1.
882 2962 948 3018 Oxx.
962 2982 984 3015 o.
995 2980 1022 3024 ψ.
1045 2960 1119 3013 Gud.
1133 2958 1165 3013 Β.
1188 2958 1284 3012 Duiab.
1303 2957 1382 3011 Drsd.
1393 2959 1414 3011 3.

367 3046 398 3099 lu
417 3045 497 3100 Drsd.
515 3050 532 3101 0
551 3057 603 3100 est:
626 3049 767 3120 perfertur
783 3050 794 3100 i
801 3070 819 3102 n
838 3069 910 3103 earn
927 3049 1044 3103 sententi
1051 3067 1102 3101 am
1120 3049 1259 3102 Stoicam.
1296 3047 1340 3101 Ad
1357 3064 1413 3099 sen-

367 3134 478 3188 teutiam
494 3134 568 3205 Xyst.
587 3135 735 3190 Betuleius:
762 3138 840 3204 „lloe
858 3139 941 3194 latere
961 3139 1097 3191 neminem
1117 3147 1219 3208 potest,
1242 3136 1290 3207 qui
1308 3134 1415 3189 Cicero·

366 3220 408 3274 nis
426 3220 459 3273 de
477 3219 589 3275 Finibus
606 3221 690 3277 libros
707 3224 850 3297 diligenter
868 3227 1000 3281 evolverit.
1036 3225 1144 3280 luducit
1158 3223 1229 3277 enim
1245 3242 1273 3276 se
1287 3241 1352 3277 cum
1365 3219 1413 3274 Ca-

331 3383 334 3390 ¹
368 3299 431 3362 tone
450 3308 606 3363 desummo
624 3311 698 3366 bono
713 3312 903 3385 disputantem.
939 3315 978 3368 lbi
991 3312 1242 3386 ipseAcademieas,
1260 3310 1306 3364 ille
1315 3309 1413 3365 Stoicae

368 3406 465 3466 partes,
485 3416 535 3468 pro
554 3397 621 3451 virili
641 3410 764 3471 uterque,
784 3405 904 3457 tuetur.“
921 3432 955 3444 -
986 3402 1016 3455 ln
1035 3400 1103 3456 cod.
1122 3400 1218 3455 Duislr.
1238 3409 1277 3453 est
1294 3410 1329 3452 et
1346 3399 1411 3451 Stai-

369 3504 422 3539 cus.
459 3485 518 3540 Mr.

444 3579 504 3630 Non
523 3597 587 3629 sone
605 3578 756 3649 probantur
773 3582 803 3633 in
821 3582 932 3654 vulgus]
951 3581 1030 3651 Quae
1049 3579 1101 3635 aiut
1118 3577 1192 3647 haec,
1211 3578 1294 3633 habes
1310 3578 1340 3634 in
1349 3579 1413 3633 Aa·

368 3662 438 3716 dem.
459 3666 485 3716 t.
505 3668 587 3717 cll.
625 3665 720 3721 Face.

439 3751 517 3819 Quae
536 3769 587 3804 oon
606 3770 690 3806 eane
706 3754 860 3824 probantur
876 3755 905 3808 in
925 3756 1036 3827 vulgus]
1055 3756 1134 3821 „Non
1154 3772 1191 3807 sa
1199 3772 1250 3819 ne,
1276 3765 1412 3826 quattuor3

369 3848 504 3910 quattuor,
521 3859 574 3892 non
591 3841 628 3911 pl
634 3860 697 3894 one
703 3863 713 3903 ,·
733 3842 837 3908 decem,
855 3861 909 3895 non
927 3846 1050 3895 recte.“
1073 3843 1107 3895 A.
1122 3841 1253 3896 Manut.
1266 3871 1301 3880 —
1320 3838 1412 3910 „Multi

367 3925 449 3980 Mss,
474 3945 543 4000 quoe
567 3947 605 3981 ne
629 3931 727 3984 recte.“
753 3930 876 3985 Graes.
912 3929 978 3986 011.
997 3930 1029 3986 Ε.
1048 3930 1081 3984 Ν.
1097 3949 1151 3983 non
1170 3930 1293 4001 plane,
1323 3925 1414 4001 reliqui

369 4015 435 4070 On.
454 4025 481 4070 et
499 4013 606 4072 Suerio.
624 4037 676 4072 non
694 4030 773 4073 recte.
812 4018 880 4073 Cod.
899 4017 958 4072 Cre.
977 4022 1002 4074 3.
1025 4018 1107 4073 lrabet
1129 4017 1265 4074 scribendi
1289 4034 1414 4090 compen·

368 4104 453 4171 dium,
473 4104 546 4176 quod
566 4104 654 4176 legere
672 4108 755 4178 possis
773 4110 877 4161 omnino
895 4128 946 4180 pro
963 4127 1025 4161 nou.
1060 4107 1141 4162 Drsd.
1153 4110 1179 4161 1.
1194 4111 1218 4160 2.
1238 4125 1291 4159 nan
1308 4107 1415 4182 ptam,

370 4211 431 4246 cum
450 4191 522 4246 Gud.
542 4192 582 4261 B,
602 4193 682 4248 Drsd.
702 4198 727 4250 3.
745 4214 815 4268 quae
831 4196 940 4266 plane
957 4214 1022 4248 non
1040 4213 1136 4254 sane,
1154 4194 1201 4248 ubi
1219 4192 1291 4247 sides
1309 4207 1413 4265 operam

371 4279 471 4335 dedisse
491 4293 688 4349 correctorem,
713 4293 742 4335 ut
760 4294 837 4356 apte,
854 4281 970 4349 scilicet,
989 4282 1129 4354 copularet
1147 4281 1291 4336 lectionem
1312 4294 1413 4351 pravam

371 4387 433 4421 cum
451 4389 527 4437 rera3
554 4370 634 4425 Drad.
652 4375 678 4425 4.
697 4374 723 4427 1.
742 4381 769 4424 et
787 4370 856 4425 Cod.
874 4370 935 4425 Bas.
955 4390 1007 4425 non
1025 4382 1136 4435 recte,
1162 4369 1234 4441 quod
1259 4368 1340 4422 habet
1358 4367 1414 4420 item

372 4451 430 4507 Cre.
450 4459 474 4522 l,
494 4458 538 4512 sed
557 4478 637 4531 supra
655 4458 703 4513 lin.
720 4478 792 4513 sane.
829 4459 921 4528 „lmo,
950 4460 1014 4517 dicit
1032 4458 1200 4525 Gronovius,
1224 4457 1302 4527 (cum
1321 4454 1416 4509 Grute-
