3517 5450
683 743 877 794 rensuoxou
898 745 919 790 t.
961 743 1030 794 osu.
1051 747 1073 794 t.
1352 719 1399 791 51

351 907 376 956 t'o
393 900 513 955 alienam
532 901 657 956 ditionem
675 914 795 956 venerat.
807 931 842 942 -
863 901 990 955 Habebat
1010 923 1097 957 secum
1115 919 1178 957 reto
1192 899 1267 965 bono,
1287 904 1397 974 inpune

350 1011 398 1043 ron
415 1000 459 1043 est
478 1009 574 1044 manus
592 991 707 1044 iniectio.
748 990 845 1044 Narrat
863 990 933 1045 idem
954 990 988 1044 de
1005 990 1144 1045 Simonide
1163 989 1298 1044 Phaedrus
1315 989 1338 1041 F
1339 989 1400 1044 abb.

351 1080 393 1141 lV,
414 1081 461 1143 21,
481 1081 515 1132 24
529 1097 587 1149 sqq.
605 1078 651 1132 ubi
672 1089 723 1132 estt
1370 1090 1372 1095 '

384 1195 418 1204 -
461 1195 495 1201 —
534 1195 567 1203 -
605 1194 639 1205 -
677 1165 763 1217 Ueteri
782 1165 928 1237 [naufragi]
947 1165 1070 1218 tabulam
1089 1184 1166 1218 suom
1184 1164 1339 1237 [naufragii]

380 1254 520 1309 Portant,
538 1262 666 1322 rogantes
684 1253 793 1305 victum.
829 1254 903 1321 Quor
920 1271 986 1306 casu
1005 1253 1099 1306 obrius

379 1339 532 1391 Simonides
550 1349 583 1391 ut
602 1340 688 1392 vidit:
708 1340 791 1404 Dtxt,
807 1340 913 1412 inquit,
931 1358 990 1393 meo

380 1429 492 1477 Mecum
511 1444 567 1478 esse
583 1436 691 1478 cuncto.
711 1455 744 1466 -
784 1456 818 1467 -
856 1456 891 1465 —
928 1456 961 1468 -

351 1515 402 1568 Neo
420 1514 503 1586 plane
524 1513 649 1567 dissimile
666 1525 719 1579 est,
746 1513 819 1585 quod
844 1514 878 1567 de
896 1515 1033 1587 Aristippo
1058 1515 1189 1587 naufrago
1207 1516 1328 1569 referunt
1346 1512 1403 1568 Ga·

351 1602 424 1655 lenus
440 1604 578 1674 Protrept.
598 1621 621 1656 o.
640 1605 666 1655 5.
685 1611 711 1654 et
730 1600 866 1654 Vitruvius
884 1600 985 1656 Archit.
1006 1604 1090 1673 praef.
1109 1603 1138 1657 L.
1157 1604 1222 1668 Vl„
1250 1602 1296 1674 qui
1314 1620 1404 1673 popu·

351 1689 449 1743 laribus
475 1691 529 1744 suis
552 1690 579 1741 id
598 1684 764 1760 praeoepisse
783 1688 883 1754 fertur,
913 1699 942 1742 ut
961 1689 1090 1743 eiusmodi
1109 1689 1287 1761 possessiones
1306 1698 1332 1741 et
1348 1687 1404 1739 rie-

352 1777 398 1830 tiea
418 1777 513 1831 liberis
531 1787 673 1848 pararent,
703 1793 772 1847 quae
798 1774 876 1827 etiarn
895 1795 910 1828 e
928 1776 1069 1847 naufragio
1089 1795 1142 1829 una
1161 1785 1269 1847 possent
1287 1786 1402 1829 enatare.

352 1864 406 1936 lpse
426 1873 520 1919 autem
544 1863 642 1917 Cicero
668 1862 738 1915 infra
761 1862 857 1915 Pared.
876 1864 971 1929 1V‚t:
1000 1863 1078 1916 uiuit
1094 1881 1178 1935 neque
1195 1880 1280 1914 meum
1298 1871 1339 1914 est
1357 1878 1405 1913 ue·

352 1972 399 2024 que
417 1954 595 2024 cuiusquam,
613 1951 685 2023 quod
700 1951 823 2021 auferri,
841 1952 914 2022 quod
929 1951 1009 2021 eripi,
1027 1951 1099 2023 quod
1115 1951 1207 2001 amitti
1222 1958 1320 2017 potest.
1346 1948 1404 2001 Mr.

419 2040 474 2092 Ille
492 2040 559 2090 haec
576 2038 694 2091 ludibrio
707 2037 842 2109 fortunae
860 2057 893 2089 ne
911 2058 963 2091 sua
981 2039 1097 2109 quidem]
1127 2035 1194 2090 cod.
1213 2035 1284 2088 Gud.
1302 2034 1335 2090 A.
1353 2035 1404 2088 ttto
1503 2064 1505 2071 ·

354 2136 443 2177 autem
468 2126 543 2177 hoec.
587 2125 629 2178 Ad
658 2143 680 2178 v.
704 2124 822 2177 ludibria
839 2125 912 2196 fort.
954 2125 1016 2178 Atd.
1038 2124 1176 2177 Manutius
1198 2121 1278 2176 haec:
1305 2123 1404 2188 „Ludit

354 2213 422 2266 enim
442 2213 553 2265 fortuna
572 2211 667 2266 divitiis
690 2229 765 2267 nunc
788 2213 936 2266 tribuendis
954 2232 1029 2267 nunc
1052 2210 1203 2283 eripiendis.
1239 2210 1281 2263 De
1299 2208 1404 2263 Officiis

355 2303 382 2369 [1,
401 2304 447 2363 32,
466 2301 546 2366 115]:
575 2301 647 2351 Nom
667 2318 764 2370 regno,
789 2301 916 2370 imperia,
942 2299 1111 2363 nobilitates,
1136 2299 1260 2361 honores,
1286 2296 1404 2360 divitiae,

354 2407 413 2457 opes
431 2404 532 2458 eaque,
552 2395 705 2457 quaesunt
724 2387 766 2439 lu's
785 2387 937 2452 contrario,
955 2387 983 2438 in
1003 2406 1068 2439 casu
1086 2388 1155 2451 sito,
1174 2384 1335 2455 temporibus
1351 2403 1405 2456 gu-

355 2475 508 2527 bernantur.
545 2470 657 2526 Ovidius
675 2472 766 2541 [Trist.
786 2470 830 2539 lli,
849 2479 877 2541 i,
896 2477 930 2528 41
949 2475 1001 2544 ιφ]

386 2565 490 2631 Nempe
508 2559 558 2611 dut
577 2562 620 2626 id,
638 2561 787 2632 cuicunque
803 2560 884 2623 libet,
902 2564 1042 2624 Fortuna,
1061 2560 1204 2630 rapitque‚·

422 2653 491 2702 Irus
508 2659 537 2700 et
554 2658 597 2700 est
615 2647 719 2713 subito,
739 2648 786 2720 qui
803 2647 878 2699 modo
898 2650 1010 2698 Croesus
1031 2657 1100 2698 erat.
1119 2674 1153 2684 -
1178 2645 1212 2697 Et
1230 2643 1297 2698 alius
1315 2643 1405 2711 [Ovid.

355 2760 380 2793 ex
398 2740 492 2792 Ponto
507 2737 554 2804 tV,
573 2726 600 2803 3,
617 2740 669 2791 49:

459 2825 547 2876 Ludit
564 2825 594 2876 in
613 2824 738 2877 burnonis
756 2821 848 2877 divina
864 2827 988 2893 potentio
1008 2822 1114 2877 rebus.“
1158 2822 1235 2875 Adde
1253 2819 1405 2874 luvenaiern

355 2911 406 2968 Sat.
422 2911 470 2975 lll,
490 2913 525 2965 88
543 2929 602 2982 sqq.
619 2940 622 2945 ·
638 2937 673 2949 -
711 2937 1033 2951 -----
1071 2928 1153 2981 quum
1170 2910 1241 2971 sint,

386 2997 493 3071 Quales
511 3017 544 3049 ex
562 2998 658 3051 tramiti
677 3015 775 3069 magno
794 2999 832 3049 ad
845 2998 971 3070 fastigia
988 3016 1076 3050 rerum

385 3087 521 3150 Extollit,
542 3087 645 3157 quoties
665 3087 750 3138 voluit
769 3090 932 3140 Fortuna
950 3086 1074 3139 iocari.

353 3176 444 3247 Pergit
463 3171 532 3226 cod.
550 3171 607 3226 Cre.
625 3177 652 3226 1.
672 3192 735 3228 curn
755 3174 827 3228 Gud.
846 3175 878 3230 Α.
897 3194 957 3227 nec
974 3192 1026 3226 suu
1045 3172 1159 3244 quidem,
1177 3167 1235 3221 Ctz.
1250 3169 1277 3219 2.
1294 3183 1326 3217 ne
1345 3165 1408 3236 qul·-

356 3266 411 3316 dem
428 3280 493 3326 ruo,
517 3260 590 3315 Gud.
608 3259 641 3314 Β.
662 3280 709 3313 nec
727 3280 787 3329 sua,
806 3262 903 3315 omisso
924 3261 1038 3333 quidem,
1055 3258 1127 3311 On:
1137 3256 1170 3308 E.
1189 3275 1214 3323 η.
1231 3272 1284 3306 sua
1302 3251 1408 3323 quidem

355 3370 404 3405 uon
421 3368 489 3404 esse.
506 3378 542 3387 -
560 3348 663 3401 Laudat
680 3346 781 3402 Ochsn.
799 3350 832 3401 ad
851 3347 877 3402 h.
897 3346 915 3401 Ι.
935 3357 1041 3418 praeter
1059 3364 1113 3409 eos,
1134 3360 1202 3414 quos
1222 3358 1271 3392 nos
1287 3336 1408 3390 laudavi-

355 3456 427 3506 mus,
446 3436 539 3501 locos,
558 3436 627 3488 Plin.
647 3434 730 3507 Epist.
752 3435 798 3502 Ν,
817 3439 860 3501 11,
879 3439 911 3487 2:
937 3435 1009 3502 Quos
1027 3431 1090 3494 tibi,
1109 3433 1283 3489 Fortuna,
1305 3424 1408 3475 ludos

352 3524 471 3593 focis!
509 3521 616 3590 Quibus
634 3522 702 3576 adde
719 3521 813 3576 Boeth.
833 3521 943 3575 Consol.
963 3518 1031 3573 Phil.
1048 3518 1082 3584 Il,
1101 3519 1126 3570 1.
1205 3583 1210 3591 ἡ

442 3610 491 3662 Sic
507 3610 581 3661 ludit
598 3610 649 3661 itta
668 3610 827 3678 [Fortuna]‚
845 3612 884 3662 sio
901 3628 968 3663 suas
983 3606 1082 3677 probat
1100 3605 1183 3664 vires,

445 3725 481 3738 -—
519 3727 554 3735 -
590 3723 1052 3737 -------
1090 3694 1115 3745 si
1131 3691 1192 3763 quis

448 3786 567 3839 Visatur
584 3803 640 3838 uua
656 3796 765 3838 stratus
784 3803 817 3838 ao
829 3786 904 3857 felix
922 3787 999 3838 tora.

362 3871 498 3929 Claudian.
515 3872 544 3926 in
562 3871 676 3945 Eutrop.
698 3875 720 3939 l,
741 3874 789 3926 24:

445 3963 509 4011 Hoc
526 3959 617 4030 regni,
633 3962 808 4023 Fortuna,
826 3957 921 4012 tenes?
940 3974 1072 4030 quaenam
1090 3954 1146 4007 ista
1164 3945 1310 4005 iocandi

445 4046 592 4099 Saevitia?
628 4072 950 4086 -----

366 4133 444 4189 Plaut.
462 4133 566 4205 Captis.
584 4134 695 4205 Prolog.
715 4139 764 4188 22:

450 4222 593 4273 Enimvero
611 4221 706 4274 diuos
725 4224 804 4294 quasi
819 4221 918 4291 pilus
935 4220 1052 4272 homines
1073 4214 1210 4268 babent.

372 4303 445 4361 Plaut.
462 4308 534 4360 Rud.
551 4308 596 4374 111,
615 4311 641 4375 1,
660 4311 692 4361 1:

451 4395 533 4449 Miris
551 4396 635 4448 modis
652 4396 683 4449 di
699 4398 800 4450 ludos
814 4398 964 4468 jaciunt
983 4390 1140 4447 taminatus.

379 4475 457 4534 Senec.
475 4479 583 4536 Consul.
605 4484 638 4535 ad
656 4484 751 4557 Polyb.
769 4488 819 4539 85:
848 4488 1006 4536 Fortuna
1024 4482 1169 4549 impotens,
1195 4470 1289 4544 quoles
1307 4487 1339 4521 ex
1357 4469 1410 4519 bu-

1077 4579 1125 4652 4,
