3517 5450
360 722 431 795 118
691 747 861 792 pantonis
890 747 1083 794 sroiconuu.

357 919 420 974 stat,
439 908 572 978 scriptane
591 906 642 958 sint
659 923 674 957 a
692 901 838 971 Cicerone,
857 924 892 957 an
911 906 944 958 ab
963 905 1068 977 aliquo,
1097 907 1140 959 cui
1158 905 1211 959 laoc
1228 905 1333 959 initium
1350 905 1398 958 Pa-

356 994 461 1059 radori,
480 1004 510 1047 ut
518 994 676 1062 abruptum,
696 1009 750 1043 non
763 990 893 1061 placeret:
912 1011 958 1043 nec
968 994 1036 1044 enim
1046 1004 1398 1062 peccatotorumeventu-

357 1100 420 1136 cnm
439 1100 494 1134 non
513 1079 686 1150 intelligeret,
705 1098 735 1130 ex
754 1078 928 1150 inscriptione
947 1078 1050 1134 Graeca
1070 1092 1130 1152 apte
1144 1081 1270 1151 pendere.
1306 1079 1400 1152 Siquis

357 1184 445 1224 tamen
464 1188 494 1222 ea
512 1167 630 1238 recipiat,
650 1184 705 1219 non
725 1167 866 1237 pugnabo:
886 1168 968 1220 modo
986 1169 1060 1235 sciat,
1078 1169 1106 1221 in
1125 1170 1247 1240 quinque
1265 1168 1323 1222 aliis
1340 1167 1400 1221 meis

357 1257 497 1330 separatim
515 1275 569 1308 esse
587 1254 698 1325 scripta,
724 1265 758 1321 et,
784 1255 810 1307 in
831 1266 958 1326 quattuor
977 1255 1085 1327 quidem
1103 1275 1133 1308 ex
1158 1257 1292 1328 quinque,
1316 1256 1401 1309 minu·

356 1347 417 1401 tulis
435 1344 535 1398 litteris.
578 1342 660 1410 Quod
680 1341 764 1411 magis
781 1341 896 1412 glossam
915 1343 977 1398 olet.
1019 1343 1082 1397 vtd.
1100 1342 1169 1397 Plut.
1193 1344 1227 1396 de
1254 1344 1313 1397 virt.
1336 1361 1401 1396 mor.

355 1433 419 1487 llor.
436 1432 493 1486 Ser.
514 1432 560 1487 lib.
578 1434 603 1483 1.
623 1429 676 1483 tab.
696 1434 721 1482 2.
737 1428 810 1482 Pers.
829 1428 885 1482 Sat.
896 1433 942 1483 5.“
960 1429 1031 1484 Atd.
1049 1430 1135 1484 Man.
1171 1430 1314 1497 „Pendeat
1329 1431 1402 1485 serbe

353 1524 412 1589 ‚Nec
431 1521 500 1573 enim
513 1529 626 1588 paccata
644 1517 677 1570 ab
691 1516 879 1589 inscriptione:
904 1514 946 1569 ὅτι
967 1522 1011 1570 lou
1034 1517 1070 1570 ‘cd
1091 1514 1279 1589 daspetiacae.
1323 1518 1402 1587 Quod

357 1628 419 1663 curn
439 1628 493 1661 non
509 1607 569 1661 satis
579 1605 807 1670 animadverteret,
825 1604 967 1659 desiderari
979 1606 1079 1678 aliquid
1099 1605 1259 1672 eristimavit,
1279 1605 1325 1677 qui
1342 1605 1403 1658 haec

357 1695 441 1748 illisa
460 1715 487 1749 se
505 1694 592 1748 addita
611 1692 794 1765 praescripsit:
813 1696 923 1758 Parva,
940 1695 1045 1766 inquis,
1063 1713 1106 1746 res
1123 1705 1179 1746 cst:
1208 1695 1289 1766 atqui
1307 1712 1403 1767 magna

357 1784 446 1853 culpa.
466 1802 513 1835 nec
531 1782 599 1834 enim
617 1791 682 1846 etc,
701 1799 769 1853 quae
788 1791 817 1834 ut
835 1782 981 1835 necessaria
1001 1780 1137 1835 nonnullis
1162 1782 1279 1853 abrupto
1304 1782 1403 1854 princi-

357 1872 403 1943 pio
421 1870 529 1924 offensis
547 1869 684 1925 retinenda
713 1868 850 1922 videntur:
875 1881 956 1942 atque
986 1871 1022 1924 ita
1047 1869 1192 1923 Lambinus
1215 1870 1306 1923 edidit.
1351 1868 1403 1922 Sed

357 1959 429 2032 quod
449 1958 568 2024 diximus,
589 1958 674 2011 serius
688 1959 784 2028 puto.“
801 1956 895 2030 sylb.
931 1959 1064 2025 „Videtur
1081 1957 1248 2013 occasionem
1266 1959 1403 2030 sumpsisse

355 2046 433 2100 huius
450 2047 517 2102 initii
538 2066 566 2100 ex
584 2044 808 2117 apophthegmate
826 2045 958 2099 Platonis:
983 2065 1071 2117 aquo
1096 2065 1157 2100 cum
1176 2045 1345 2111 adolescens,
1367 2045 1403 2100 οΙ

354 2133 448 2188 ludum
467 2133 602 2206 quendam
620 2134 735 2204 graviter
752 2132 922 2204 obiurgatus,
937 2144 991 2187 tam
1008 2152 1116 2205 parvam
1135 2133 1170 2187 ob
1189 2133 1268 2186 rem?
1294 2133 1403 2188 dixisse!

356 2221 493 2292 respondit
511 2220 696 2292 philosophus:
715 2218 750 2272 At
768 2239 848 2292 parva
866 2240 909 2274 res
927 2241 982 2274 non
1001 2233 1039 2275 est
1053 2222 1244 2275 consuetudo.“
1261 2220 1403 2275 H.Wolff

356 2309 443 2362 Locus
461 2320 499 2363 est
517 2307 589 2379 apud
607 2308 685 2379 Diog.
704 2308 791 2361 Laert.
819 2309 860 2376 (in
887 2310 936 2362 rita
962 2310 1093 2378 Platonis)
1110 2309 1168 2362 Lib.
1185 2309 1230 2361 lll.
1253 2328 1335 2380 segm.
1352 2312 1393 2362 3⁵

357 2397 518 2458 Θεασάμενός
542 2416 600 2447 τινα
625 2393 767 2461 κυβεύοντα
789 2394 964 2450 αἰτιάσασθαι
992 2400 1092 2464 λέγεται
1117 2394 1130 2448 d
1155 2393 1279 2448 Πλάτων.
1303 2399 1349 2448 τοῦ
1370 2398 1403 2447 δι’

356 2483 485 2552 εἰπόντος,
504 2481 543 2542 oie
561 2488 785 2554 ἓπὶμικροῖς·
805 2481 893 2536 ἄλλά
911 2485 1100 2551 τόγεὲθος,
1118 2478 1201 2547 εἶπεν,
1220 2481 1403 2553 οὐμικρόν.

356 2571 413 2624 Mr.
451 2571 582 2638 „Palatini
601 2571 685 2625 nostri
703 2571 840 2625 codicibus
855 2573 893 2625 eis
910 2573 1050 2639 accedunt,
1070 2573 1166 2644 quibus
1182 2571 1285 2625 haeret:
1305 2576 1403 2633 Parva,

356 2661 458 2732 inquit,
478 2670 531 2710 est
551 2669 587 2710 ut
606 2678 705 2731 magna
723 2658 835 2729 culpa.“
854 2658 952 2713 Grut.
988 2658 1087 2728 „MSS
1105 2665 1215 2724 Parva,
1233 2661 1336 2733 inquit,
1351 2668 1399 2718 est,

356 2759 387 2799 ut
407 2765 505 2817 inagna
524 2748 630 2817 culpa.¹‘
649 2745 767 2801 Graev.
787 2750 847 2815 „At
859 2768 967 2821 magna.
989 2750 1029 2801 ΑΙ.
1048 2749 1151 2821 etqui
1161 2751 1291 2820 magno.“
1308 2748 1329 2800 F
1335 2764 1395 2800 acc

426 2839 536 2899 Parvo,
554 2836 658 2906 inquit,
676 2854 718 2887 res
736 2846 786 2887 est.
833 2838 875 2888 At
894 2854 994 2907 magna
1013 2837 1114 2906 culpa]
1146 2833 1216 2887 Cum
1247 2833 1355 2887 Manutii
1372 2841 1393 2882 et

357 2921 465 2975 Gruteri
485 2920 571 2975 Codd.
591 2921 688 2976 habent
705 2928 813 2987 Parva,
831 2924 935 2995 inquit,
960 2935 1012 2978 est
1032 2934 1070 2975 ut
1095 2941 1193 2995 magna
1213 2923 1294 2991 culpa
1319 2918 1390 2975 Codd·

357 3007 423 3062 Oxi.
441 3008 471 3061 E.
498 3008 516 3061 l.
542 3008 574 3062 N.
594 3010 627 3062 U.
655 3009 726 3064 Gud.
745 3010 776 3063 B.
803 3010 910 3064 Suerin.
939 3011 997 3067 Cre.
1017 3017 1041 3066 2.
1061 3015 1087 3066 3.
1115 3010 1195 3063 Drsd.
1215 3014 1239 3063 1.
1257 3016 1283 3064 2.
1301 3014 1324 3065 3.
1363 3010 1387 3060 11

358 3096 416 3150 Cre.
437 3101 462 3150 1.
481 3098 576 3151 desunt
593 3097 659 3152 haec
683 3097 789 3164 omnia,
814 3098 932 3171 itemque
958 3100 986 3152 in
1011 3098 1062 3152 Ox.
1079 3118 1109 3161 ψ.
1147 3098 1176 3150 ln
1202 3098 1283 3152 Drsd.
1302 3102 1325 3152 5.
1347 3105 1385 3149 est:

357 3203 445 3253 parva
463 3186 552 3259 inquit
571 3196 611 3238 est
630 3196 661 3238 ut
682 3185 762 3255 culpa
787 3204 905 3256 magna,-
938 3186 966 3238 in
989 3186 1069 3239 Drsd.
1088 3189 1120 3238 4:
1144 3204 1233 3254 parva
1258 3185 1341 3257 inquit
1355 3187 1385 3231 est

359 3275 439 3344 culpo
457 3284 489 3325 ut
509 3292 619 3346 magne,
649 3276 677 3327 in
696 3273 768 3327 Gud.
788 3272 820 3325 A.
845 3292 936 3342 parva
959 3275 1049 3346 inquit
1075 3283 1107 3325 ut
1132 3292 1233 3344 inagna
1257 3285 1298 3325 est
1316 3271 1384 3339 culpo·

358 3362 409 3416 Os.
426 3361 457 3415 E.
476 3361 555 3416 habet
573 3381 671 3434 magna
690 3363 770 3431 culpic
789 3362 845 3414 sive
863 3364 981 3414 niaxima
1000 3363 1090 3431 culpo.
1127 3359 1157 3413 ln
1172 3360 1253 3414 Drsd.
1265 3365 1290 3416 3.
1308 3359 1383 3413 omisa

358 3449 443 3503 littera
462 3449 556 3503 initiali
576 3461 614 3503 est
632 3451 721 3506 Arva.
757 3448 808 3502 Th.
818 3448 955 3505 Bentleius
974 3461 1033 3523 post
1050 3448 1235 3526 Slylburgium,
1256 3451 1323 3502 Crat.
1339 3442 1382 3500 illd·

358 3542 435 3593 1512.
455 3543 533 3593 1552.
552 3538 618 3592 haec
635 3539 725 3591 omnia
745 3542 857 3604 „Parva
874 3568 908 3577 —
923 3540 1019 3609 eulpa“
1037 3538 1145 3591 delevit:
1164 3536 1297 3609 cupidius,
1313 3532 1382 3594 cred⁰=

358 3645 438 3697 quam
457 3627 563 3679 rectius.
597 3626 768 3697 Elegantiora
787 3637 864 3694 sunt,
893 3649 973 3700 quam
994 3647 1063 3700 quae
1078 3625 1165 3680 solent
1182 3618 1289 3679 assuere
1305 3625 1383 3696 glossa·

359 3725 436 3766 tores.
478 3712 596 3766 Alteram
617 3733 709 3768 vocem
734 3713 836 3768 Geruli.
865 3735 928 3769 cum
952 3716 1044 3771 multis
1068 3715 1151 3768 edidit
1176 3716 1282 3786 inquis,
1304 3713 1344 3768 sed
1363 3708 1381 3759 lt

359 3801 496 3855 Addendis
515 3803 710 3856 commendavit
727 3804 832 3874 inquit,
861 3804 934 3875 quod
963 3805 1113 3875 recepimus
1148 3822 1177 3856 ex
1197 3801 1284 3856 Codd.
1308 3794 1381 3855 Duisb·

358 3888 416 3941 Cra.
434 3894 459 3942 2.
476 3888 547 3942 Gud.
566 3891 597 3943 A.
617 3890 647 3943 Β.
695 3890 801 3943 Suerin.
826 3892 886 3945 Bas.
913 3892 1003 3946 Guelf.
1023 3892 1154 3946 Vossiano
1177 3909 1235 3943 uno
1263 3880 1381 3961 [turgenti.

356 3977 424 4030 Edd.
454 3998 509 4049 prc.
529 3983 607 4033 1465.
632 3978 681 4031 Ed.
702 3999 745 4049 ap.
770 3978 856 4032 Mens.
875 3979 954 4034 lldlb.
974 4002 994 4034 s.
1012 3982 1031 4034 l.
1058 3991 1083 4033 el
1108 3998 1132 4032 a.
1160 3978 1221 4030 Asc.
1239 3980 1315 4031 1511.
1332 3973 1380 4026 Vct·

356 4073 435 4124 1492.
455 4074 532 4124 1514.
552 4070 634 4123 Paris.
653 4073 732 4124 1507.
752 4073 830 4124 1512.
855 4069 921 4141 Arg.
942 4075 1021 4125 1515.
1041 4070 1101 4123 Par.
1122 4071 1202 4122 1543.
1224 4066 1307 4138 Lugd.
1324 4058 1381 4116 151⁵·

356 4158 421 4212 Dav.
440 4160 519 4212 1515.
536 4156 621 4211 Suffr.
650 4158 721 4210 Petr.
748 4158 815 4210 Vict.
843 4158 911 4210 Rob.
938 4158 1031 4229 Steph.
1056 4157 1157 4211 Sturm.
1191 4154 1287 4208 Colon.
1313 4152 1380 4205 flers·

355 4244 433 4297 Boul.
453 4248 527 4298 Cam.
546 4245 629 4317 Borg.
647 4244 697 4298 Or.
713 4244 818 4318 Reliqui
837 4246 938 4300 habent
960 4247 1059 4319 inquis.
1102 4244 1156 4297 Sed
1183 4242 1264 4296 etiam
1288 4243 1313 4293 in
1335 4230 1381 4291 rcll‘

356 4335 415 4405 quis
429 4335 529 4387 variant
548 4334 625 4402 editi,
645 4334 717 4406 quod
738 4354 793 4388 non
812 4336 913 4390 notarit
930 4335 980 4389 Or.
1016 4336 1064 4388 Est
1081 4334 1165 4386 enim:
1189 4342 1230 4382 est
1250 4349 1303 4394 res,
1318 4331 1380 4391 ‘illl'

356 4440 373 4472 n
392 4419 460 4476 Edd.
480 4441 552 4492 quas
570 4421 751 4486 laudavimus,
772 4424 840 4476 Ven.
863 4427 943 4478 1492.
962 4428 1041 4479 1514.
1061 4424 1122 4476 Asc.
1141 4419 1220 4473 lldlb.
1239 4412 1378 4471 paenitus,

357 4505 419 4575 arg.
439 4505 505 4560 nav.
525 4509 609 4580 lugd.
620 4530 629 4570 ,·
649 4528 690 4561 m
709 4521 767 4574 aa,
788 4503 870 4582 atqu·
893 4513 921 4565 tn
941 4513 1008 4565 saa.
1029 4512 1089 4566 Au.
1109 4512 1186 4563 1548.
1233 4505 1304 4560 saut.
1326 4487 1376 4551 tud·
