3517 5450
615 718 812 769 rautnoxon
834 723 864 769 v.
894 723 962 770 cer.
986 726 1021 772 ιι.
1271 703 1345 781 233

331 879 424 934 starola.
455 880 483 933 in
508 878 598 934 libello
624 880 666 935 De
694 879 762 933 Virt.
790 891 815 935 et
840 882 925 953 Vitio,
943 905 970 957 p.
989 889 1050 942 100.
1071 889 1109 959 [p.
1128 892 1189 946 354.
1217 891 1258 945 ed.
1277 892 1346 964 Lips.

332 967 405 1035 raet]

402 1042 479 1116 οὗτος
497 1054 624 1127 μακάριος
643 1061 668 1110 ἓν
687 1055 770 1126 ιῖγιρᾷ
789 1056 932 1126 νομίζεται,

402 1138 467 1196 iiras
486 1142 511 1196 δ’
529 1142 617 1216 ἀνοίξῃ
636 1143 686 1216 τήν
703 1145 808 1217 θύραι,
830 1145 998 1217 τριςιὶθλιος·

401 1229 468 1302 puer)
490 1246 582 1303 κριιιιῖ
599 1231 711 1298 πάντων,
731 1236 876 1303 ἐπιτάττει,
895 1235 987 1303 μάχετ’
1005 1237 1052 1294 ιιέί.

402 1319 455 1372 rino*
473 1318 594 1373 πλειόνων
613 1319 726 1387 ὀδυνᾶτ’,
745 1321 795 1388 tyn·
814 1321 840 1374 δ’
858 1320 904 1376 ἄπ’
922 1323 1034 1386 οὐδενός.

332 1408 359 1461 ιιι
380 1407 493 1462 Grotius
511 1410 538 1462 in
554 1410 689 1481 Excerptis
708 1411 807 1481 ngg.
828 1421 853 1465 et
871 1416 976 1469 Corum.
996 1436 1020 1487 p.
1039 1418 1099 1470 911.
1120 1416 1154 1469 ita
1175 1418 1263 1472 vertit:

401 1496 449 1550 Est
467 1498 512 1568 qui
532 1497 561 1549 in
581 1499 640 1551 soro
659 1499 762 1552 ridetur
780 1500 964 1569 felicissimus,

402 1584 472 1637 Suas
488 1586 520 1639 sit
540 1587 607 1639 intra
627 1606 689 1641 cum
708 1588 779 1641 sores
798 1590 972 1644 miserrimus.

402 1673 501 1726 Mulier
518 1674 687 1741 dominatur,
706 1675 836 1745 imperat,
856 1677 943 1732 obstat
962 1680 1109 1750 perpetim:

402 1759 440 1814 lta
460 1760 541 1816 multa
561 1762 649 1826 habet,
669 1783 737 1834 quae
756 1763 858 1818 dotean
878 1784 928 1836 ego
948 1786 1010 1819 vero
1030 1767 1121 1822 nihit.“
1158 1769 1198 1820 W
1205 1771 1341 1840 yttenb.

358 1849 406 1900 An
426 1849 471 1900 itte
491 1851 556 1902 milri
574 1851 647 1915 liber,
666 1851 710 1903 cui
729 1852 825 1904 mulier
843 1853 990 1922 ιἰιιριιαιῗ]
1010 1855 1078 1908 Cod.
1091 1855 1171 1908 Drsd.
1182 1861 1209 1909 1.
1230 1876 1266 1908 an
1278 1856 1344 1908 liber

349 1937 417 1987 miti
434 1938 582 1993 videtur.
618 1939 729 1993 Addunt
740 1940 803 1992 ittud
826 1942 932 1992 videtur
943 1942 1028 1995 Codd.
1041 1941 1133 1996 Crz.1.
1148 1948 1172 1996 2.
1187 1948 1212 1998 3.
1227 1944 1341 1998 Drsdl.

332 2031 343 2074 t.
354 2028 382 2077 4.
403 2023 483 2076 Bern.
497 2026 554 2079 Bas.
567 2026 656 2081 Gneis.
676 2028 741 2082 Οιι.
752 2029 783 2081 Ε.
793 2029 811 2082 Ι.
821 2029 856 2084 U.
866 2029 898 2081 N.
909 2050 934 2097 η.
945 2047 974 2091 ψ.
992 2030 1058 2083 Edd.
1072 2050 1128 2102 prc.
1142 2031 1191 2083 Ed.
1205 2051 1247 2102 ap.
1256 2032 1341 2085 Meus.

332 2131 345 2165 ·.
365 2111 434 2183 Eyb.
453 2113 521 2167 Edd.
539 2114 612 2169 Crat.
632 2118 700 2170 Ven.
721 2120 800 2171 1492.
820 2121 900 2171 1498.
918 2116 998 2170 Hdtb.
1017 2119 1082 2171 Dav.
1100 2119 1186 2189 Lugd.
1206 2120 1269 2190 Arg.
1280 2120 1341 2172 Par.

332 2204 366 2253 ,1.
392 2201 464 2254 Aud.
488 2203 545 2256 Tai.
572 2204 660 2258 Herrv.
679 2209 757 2260 4543.
786 2206 844 2259 ΑΙά.
862 2209 943 2260 tstt.
967 2209 1047 2260 1548.
1072 2205 1149 2260 Boot.
1175 2206 1223 2260 hae
1249 2227 1342 2262 omnes

332 2300 385 2344 »ent
402 2309 440 2342 on
463 2292 509 2342 ille
533 2295 597 2344 mihi
623 2293 689 2346 liber
714 2296 830 2350 videtur.
871 2294 926 2348 Sed
951 2295 1045 2348 eudem
1073 2295 1215 2347 verborum
1247 2297 1341 2350 ordine

332 2388 388 2432 rato
414 2378 516 2432 addunt
541 2381 667 2434 videatur
690 2382 759 2436 Edd.
784 2383 876 2436 Lamb.
904 2383 1016 2436 Lambb.
1041 2381 1121 2436 Goth.
1147 2382 1239 2453 Magn.
1263 2383 1342 2438 Man.

332 2466 371 2520 Tr.
384 2467 457 2519 Petr.
474 2467 544 2522 Hub.
563 2469 595 2523 H.
607 2469 694 2526 Wolf.
713 2474 775 2525 Car.
794 2470 886 2542 Steph.
906 2470 1007 2524 Sturnr.
1018 2470 1093 2541 syth.
1113 2469 1174 2524 Ald.
1195 2473 1273 2525 1552.
1311 2471 1340 2523 ln

332 2554 357 2607 d.
377 2555 410 2607 Α.
439 2566 479 2608 est
503 2577 536 2609 an
555 2559 600 2609 ille
618 2558 847 2612 libervidetur
873 2560 939 2610 atini
957 2559 1119 2619 videtum·
1152 2556 1223 2610 Gud.
1244 2563 1277 2610 A.
1303 2578 1340 2610 on

350 2641 419 2695 tiber
437 2644 520 2695 michi
538 2645 660 2710 videtur,
684 2647 791 2700 Suerin.
811 2665 847 2698 nn
866 2648 912 2697 itte
930 2645 998 2697 tibi
1015 2644 1082 2696 Iiber-
1100 2646 1219 2708 videtur,
1244 2644 1339 2698 Duisb.

340 2730 386 2783 itte
405 2733 472 2783 mihi
489 2732 555 2786 liber
575 2735 716 2802 videatur,
744 2746 773 2788 ut
790 2736 903 2788 Lamhb.
932 2745 957 2789 et
981 2752 1048 2806 quas
1073 2733 1251 2812 laudavimus;
1279 2734 1339 2787 Asc.

332 2824 366 2874 .t.
383 2833 410 2875 et
430 2822 491 2874 Par.
509 2842 529 2875 s.
548 2842 570 2875 a.
591 2842 626 2875 an
645 2825 690 2875 itte
708 2824 776 2876 liber
794 2824 860 2875 milri
877 2842 950 2875 esse
969 2823 1096 2881 videtum
1117 2821 1184 2873 Ven.
1203 2824 1282 2877 1514.
1301 2841 1338 2873 an

349 2909 418 2960 milri
434 2909 500 2961 liber
516 2929 571 2963 ease
589 2911 705 2968 videtur.
745 2912 869 2966 Nostram
894 2909 1069 2981 scriptionem
1089 2906 1211 2962 exhibent
1236 2908 1353 2965 Victor.

332 3018 352 3052 r.
373 2996 465 3069 steph.
484 2999 589 3053 Camer.
609 2998 687 3054 Grut.
707 3020 781 3072 seqq.
815 2999 942 3053 Placebat
961 2996 1069 3068 quidem
1088 2994 1248 3063 Goerenzio,
1267 2998 1339 3067 qnod

332 3096 423 3139 ererat
439 3085 467 3137 in
484 3086 589 3140 duobus
606 3088 659 3141 suis
678 3087 766 3143 Codd.
786 3087 847 3157 [rid.
859 3086 941 3141 Goer.
959 3086 992 3139 ad
1012 3085 1067 3139 eie.
1085 3083 1118 3136 de
1136 3083 1217 3155 Legg.
1228 3103 1256 3154 p.
1266 3086 1338 3151 193]

332 3172 362 3225 in
388 3185 512 3244 excerpto
537 3175 608 3245 apud
639 3176 812 3231 Vincentium
837 3174 1068 3229 Bellovacensem:
1093 3175 1270 3245 Numquid
1294 3174 1340 3226 itte

332 3260 441 3314 u'liber.
477 3261 530 3314 Sed
549 3263 705 3318 Vincentius
722 3283 801 3335 saepe
828 3282 858 3315 ex
876 3263 1008 3315 memoria
1033 3261 1124 3315 laudat
1142 3272 1257 3314 veteres:
1284 3259 1339 3314 Co-

332 3368 374 3410 um
393 3348 502 3402 illorum
524 3350 603 3405 lectio
623 3352 737 3406 debetur
755 3350 916 3417 correctori,
937 3350 982 3421 qui
1002 3348 1131 3414 crederet,
1150 3367 1187 3399 on
1205 3366 1260 3400 non
1274 3350 1339 3418 poni

332 3438 530 3509 praecedente
549 3439 599 3493 alia
620 3432 787 3512 quaestione:
813 3458 902 3509 neque
930 3437 1045 3503 rideret,
1078 3455 1108 3487 re
1136 3455 1195 3489 vera
1230 3448 1339 3508 antece·

332 3542 345 3576 e
365 3525 564 3595 quaestionem,
584 3515 659 3581 cuiirs
678 3527 876 3599 oppositionem
895 3525 1025 3591 sensisset,
1042 3526 1150 3595 opinor,
1169 3524 1189 3576 si
1208 3525 1336 3596 scripturn

332 3623 363 3667 et:
387 3616 481 3665 Nonne
505 3635 553 3686 ego
572 3635 710 3681 censeam,
733 3618 817 3681 leves,
842 3614 966 3685 cupidos,
989 3611 1121 3682 improbos
1145 3630 1202 3664 esse
1226 3614 1338 3675 servos?

332 3704 334 3753 ἒ
363 3700 414 3753 rid.
432 3701 530 3755 Handii
558 3704 704 3759 Turseilin.
720 3705 739 3758 Ι.
765 3724 790 3776 p.
810 3708 871 3760 344.
900 3701 987 3756 Hand.
1015 3700 1047 3755 ad
1073 3698 1223 3771 Wopkens.
1254 3701 1337 3755 Leett.

334 3787 353 3841 Ι.
374 3807 401 3858 p.
420 3791 462 3842 51.
480 3790 590 3862 Zumpt.
609 3790 733 3845 Gramm.
752 3792 807 3847 Lat.
825 3790 849 3863 ᾗ.
868 3795 929 3851 353.
949 3811 976 3862 p·
989 3792 1042 3845 3²9
1054 3808 1093 3860 sq.
1111 3788 1161 3842 Ed.
1181 3793 1206 3843 9.
1229 3790 1337 3861 Kriiger

332 3895 403 3929 imm.
423 3877 448 3930 d.
467 3877 524 3931 Lat.
543 3878 604 3950 Spr.
624 3880 654 3933 ΙΙ.
674 3880 697 3947 ξ.
716 3883 777 3934 516.
796 3900 822 3951 p.
841 3881 909 3934 691:
935 3878 982 3949 qui
1011 3875 1075 3929 ittud
1096 3877 1163 3947 Quis
1188 3888 1266 3950 neget
1284 3879 1338 3933 loci

332 3964 364 4019 tri
383 3977 456 4019 recte
474 3966 545 4019 idem
573 3986 628 4021 esse
647 3967 727 4035 dicit,
754 3968 827 4040 quod
852 3986 926 4019 nemo
944 3965 1063 4036 negabit.
1083 3994 1117 4004 —
1162 3966 1205 4018 Ad
1229 3978 1336 4021 senten-

332 4052 445 4124 iBorg.
470 4054 561 4109 laudat
585 4056 824 4132 Wyttenbachium
850 4056 884 4109 ad
903 4051 1037 4108 Ptutareh.
1063 4053 1096 4108 de
1124 4053 1191 4107 Virt.
1219 4065 1246 4107 et
1266 4056 1336 4108 Vitio

332 4161 359 4194 n.
379 4139 425 4193 Vl.
445 4153 512 4212 part.
530 4143 560 4196 11.
585 4165 611 4216 p.
630 4149 692 4199 687.
711 4146 773 4213 [Ed.
791 4146 862 4216 Lips.
888 4144 920 4196 T.
940 4143 971 4196 ΙΙ.
992 4162 1019 4213 p.
1038 4143 1092 4208 18.]
1128 4140 1210 4196 Rurit.
1227 4142 1295 4213 Lup.
1315 4146 1336 4195 Ι.

332 4232 461 4295 tt-tts,
482 4231 528 4302 qui
547 4231 637 4285 locum
657 4234 720 4287 citat
735 4232 863 4304 “Lysia
884 4231 917 4283 de
938 4250 1020 4285 uxore
1038 4230 1147 4284 rixante.
1183 4228 1243 4281 Mr.

348 4315 437 4382 iubet,
456 4328 548 4384 vetut,
569 4321 641 4390 quod
659 4321 798 4389 videtur?]
837 4321 903 4374 Gud.
930 4319 1010 4372 Drsd.
1031 4324 1055 4373 2.
1078 4317 1184 4370 Suerin.
1209 4315 1281 4372 Gud.
1300 4316 1332 4370 B.

332 4414 369 4469 ιι,
388 4404 580 4467 iube15Drsd.
599 4412 624 4461 4.
643 4410 740 4465 omittit
759 4420 852 4471 vetem
873 4406 953 4461 Drsd.
971 4410 997 4463 3.
1017 4405 1089 4459 Gud.
1105 4403 1137 4456 Β.
1156 4404 1242 4474 quid
1258 4405 1334 4457 vide-

332 4530 336 4557 ,
356 4492 454 4546 Duisb.
474 4513 612 4567 quoquo
630 4499 725 4551 modo
745 4500 853 4554 ridetur.
869 4493 872 4500 ’
887 4495 981 4567 Pergit
999 4494 1071 4547 Gud.
1085 4494 1115 4547 B.
1137 4494 1231 4565 quod
1248 4493 1333 4554 attin
