3517 5450
354 701 401 775 52
690 723 862 770 rtmnoxt
891 721 1085 771 stoicorum.

357 887 442 940 manis
462 884 540 937 malis
559 881 610 936 tibi
627 883 687 952 ipsa
705 882 805 934 ludos
820 880 941 952 sacis!
979 879 1071 933 llorat.
1091 878 1181 933 Carm.
1199 878 1244 944 ΙΙΙ,
1262 881 1308 944 19,
1326 880 1360 932 4⁹
1372 898 1407 948 sq.

448 978 607 1026 Fortuna
626 989 705 1025 saeva
723 971 800 1022 laeta
818 970 924 1040 negatio
942 979 969 1019 et

445 1066 469 1111 L
478 1080 494 1111 u
504 1060 546 1110 du
554 1078 579 1110 m
598 1058 756 1111 insolentem
775 1057 902 1109 ludere
919 1056 1046 1126 pertinax
1066 1084 1109 1106 -.

360 1150 413 1203 Ubi
434 1148 625 1218 vidinterprr.
660 1146 717 1198 Mr.

427 1240 503 1306 Quae
526 1253 573 1285 nos
598 1233 765 1302 appellamus
790 1231 872 1282 etiam
899 1230 988 1298 leona]
1014 1230 1109 1283 Etiam
1126 1230 1295 1299 appellamus
1322 1229 1401 1283 codd.

361 1324 420 1376 Bas.
440 1321 533 1374 Duisb.
554 1319 660 1372 Suerin.
678 1318 758 1374 Drsd.
777 1320 805 1371 Ι.
821 1327 847 1370 et
865 1328 987 1388 excerpta
1011 1316 1095 1388 Eyb.,
1120 1315 1170 1370 Ox.
1188 1317 1223 1369 U.
1243 1317 1344 1371 omittit
1360 1338 1408 1381 uos,

363 1410 421 1462 Cre.
439 1412 464 1461 1.
482 1407 563 1460 habet
579 1426 648 1478 quae
666 1407 771 1456 etiam
789 1423 848 1456 nec
867 1424 915 1456 noe
933 1422 995 1472 app.
1015 1403 1094 1458 bona.
1112 1404 1191 1457 Drsd.
1210 1408 1238 1459 3.
1256 1425 1328 1476 quae
1345 1425 1407 1456 mea

357 1497 439 1549 etiam
457 1514 504 1546 nos
523 1513 586 1562 app.
605 1492 681 1547 bona.
718 1491 787 1545 cod.
804 1491 887 1546 Bern-
904 1491 1002 1547 omittit
1017 1492 1107 1546 etiam.
1126 1491 1188 1546 Mt.
1206 1521 1241 1532 -
1266 1492 1334 1559 „Est
1351 1494 1407 1546 bre·

359 1582 520 1654 vilequentia
539 1580 568 1632 in
587 1579 715 1650 particula
734 1581 829 1630 etiam:
857 1579 873 1631 i.
892 1598 914 1633 e.
941 1599 991 1632 nor
1016 1579 1062 1632 illa
1088 1579 1202 1634 ludibria
1227 1600 1285 1634 non
1310 1593 1406 1636 tantum

358 1681 452 1722 nostra
471 1667 651 1740 appellamus,
669 1667 714 1720 sed
734 1666 812 1719 etiam
832 1666 901 1717 bona
921 1669 1075 1720 vooemus.“
1097 1668 1274 1737 Wyttenb.

428 1756 502 1825 Quid
518 1766 560 1808 est
579 1755 673 1826 igitur,
691 1764 803 1826 quaeret
821 1753 931 1825 aliquis,
948 1752 1076 1821 bouuml]
1102 1757 1235 1824 „Quaeret
1253 1756 1344 1827 igitur
1359 1757 1404 1807 ali·

359 1845 429 1918 quis,
448 1843 514 1915 quid
530 1844 580 1894 rit
598 1842 650 1912 (eet
665 1841 761 1909 Bern.)
781 1841 876 1893 bonum
895 1839 983 1893 Codd.
998 1839 1056 1893 Bas.
1067 1838 1146 1894 Bern.
1161 1840 1298 1913 Guelpit.“
1316 1841 1405 1896 Or.—

254 1924 258 1932 ,
359 1933 414 1985 Pro
433 1933 500 2004 quid
516 1929 566 1983 Or.
585 1948 609 1984 a.
629 1931 704 2001 quie,
731 1927 780 1982 Ox.
798 1945 828 1990 ψ.
847 1929 931 1998 quod,
955 1925 1022 1982 On.
1040 1926 1070 1979 E.
1091 1929 1110 1982 Ι.
1128 1949 1154 1997 η.
1172 1929 1209 1980 eit
1228 1947 1280 1998 pro
1298 1939 1347 1980 est.
1380 1927 1404 1980 ln

360 2017 428 2074 cod.
446 2019 516 2073 Pith.
535 2029 587 2084 est,
611 2017 688 2071 utin
710 2016 785 2082 Bam,
816 2013 898 2068 etsie
922 2014 1002 2067 etiam
1022 2013 1094 2068 Gud.
1112 2015 1146 2068 A.
1170 2014 1267 2068 Duisb.
1293 2015 1351 2084 (sed
1370 2014 1404 2066 tic

359 2106 569 2178 superscriptum
588 2105 681 2159 habet:
708 2105 775 2175 quid
791 2113 832 2155 est
851 2102 939 2174 igitur
958 2102 1069 2166 bonum,
1086 2113 1195 2175 quaeret
1215 2102 1337 2174 aliquis:
1360 2122 1402 2156 nec

360 2213 438 2260 vero,
460 2194 533 2266 quod
552 2193 633 2246 refert
651 2191 770 2257 Geruli,
796 2192 823 2243 in
843 2209 929 2261 marg.
946 2191 1052 2261 vulgata
1071 2190 1137 2261 est-2)
1154 2189 1262 2253 Ceu&
1291 2191 1403 2246 Dadt.

359 2281 432 2336 Gud.
451 2281 482 2334 B.
502 2280 581 2334 habet
599 2280 698 2351 aliquit
718 2290 843 2352 quaeret,
869 2277 929 2330 Cre.
949 2281 974 2334 1.
992 2281 1109 2348 Quaeret
1127 2279 1203 2349 quie,
1226 2279 1297 2351 quid
1312 2279 1349 2332 eit
1366 2277 1403 2329 bu

359 2389 442 2429 num,·
472 2367 542 2421 Gud.
560 2366 592 2420 C.
618 2376 729 2439 quaeret
748 2366 834 2437 igitur
852 2366 968 2437 aliquis,
994 2365 1061 2437 quid
1084 2376 1125 2416 eet
1151 2364 1255 2418 bonum.
1293 2365 1370 2418 Drsd.
1385 2368 1403 2416 1.

361 2465 471 2525 quaeret
489 2455 525 2526 ig.
544 2454 653 2525 aliquis,
673 2453 744 2525 quod
760 2453 797 2504 sit
818 2453 928 2511 bonum
948 2452 1030 2505 Drsd.
1042 2454 1068 2507 8.
1085 2462 1196 2522 quaeret
1212 2453 1325 2524 aliquis,
1343 2451 1403 2525 quel

360 2541 396 2593 sit
416 2539 510 2592 bonum
528 2541 639 2609 (omisso
657 2539 774 2612 igitur);
802 2538 880 2591 Drstl.
900 2544 924 2593 5.
951 2540 1059 2610 quaerit
1084 2541 1172 2611 igitur
1195 2541 1261 2612 aliq.
1287 2542 1354 2614 quid
1373 2539 1401 2592 sit

362 2626 465 2681 bouum.
500 2628 592 2699 Pergit
609 2627 689 2681 Drsd.
706 2632 737 2682 4:
762 2629 786 2679 ei
810 2627 878 2699 quid
898 2629 951 2698 fit
975 2637 1083 2692 recte,
1107 2627 1178 2680 Gud.
1197 2628 1231 2681 Α.
1255 2630 1353 2685 omittit
1362 2630 1401 2698 stt,

361 2714 433 2769 Gud.
452 2715 483 2768 Β.
501 2714 581 2769 habet
599 2715 623 2768 si
646 2715 782 2788 quidem
806 2717 856 2767 sit
880 2726 958 2768 recte.
995 2713 1062 2769 cod.
1082 2715 1188 2772 suerin.
1209 2718 1285 2786 Quid
1300 2728 1341 2770 eet
1357 2717 1399 2787 igi·

360 2814 409 2856 tur
431 2814 542 2874 quaeret
564 2803 652 2874 igitur
677 2803 777 2873 aliquis
801 2803 885 2854 etiam
909 2802 952 2854 vel
977 2804 1043 2873 quid
1063 2805 1101 2856 rit
1120 2803 1231 2856 bonum:
1259 2804 1330 2860 vides
1353 2804 1375 2856 Ιι.
1390 2801 1401 2852 ΙΙ

363 2889 496 2942 variarum
515 2889 660 2943 lectionum
678 2888 706 2942 in
725 2901 845 2943 contexta
865 2900 1001 2961 receptam
1020 2891 1217 2946 confusionem.
1254 2893 1315 2947 Mr-

432 2980 469 3027 Et
489 2995 548 3027 eum
566 2979 675 3041 virtute,
693 2979 724 3030 id
739 2978 801 3030 bene
813 2979 881 3047 fieri
900 2981 946 3046 -]
967 2977 1049 3032 Abest
1062 2990 1090 3032 et
1106 2998 1120 3033 a
1135 2977 1236 3044 Cru13
1254 2978 1323 3034 cod.
1334 2980 1400 3033 urst.

362 3067 388 3118 5.
407 3063 529 3117 habetet
550 3084 609 3115 eum
627 3066 728 3117 virtute
745 3078 811 3131 est,
838 3068 868 3117 id
892 3066 1013 3118 bonum
1038 3067 1155 3119 uideri
1177 3078 1249 3120 recte
1269 3068 1401 3122 videtur

362 3161 390 3201 et
409 3151 482 3223 quod
498 3152 676 3204 honestum
694 3163 721 3203 et
739 3165 881 3206 rectum.
918 3153 997 3207 Drsd.
1012 3158 1048 3221 3.,
1065 3156 1163 3209 omisso
1180 3156 1217 3221 id,
1235 3157 1334 3228 pergit,
1351 3155 1401 3207 beu

356 3236 424 3304 fleri
450 3248 482 3289 et
509 3257 584 3303 vere,
612 3237 672 3292 Cra.
691 3243 715 3293 1.
735 3241 765 3291 id
786 3240 927 3309 benefieri
945 3252 1034 3293 recte
1053 3243 1210 3304 videtum·
1239 3242 1314 3297 Gud.
1332 3244 1362 3297 Α.
1381 3240 1402 3293 il

363 3322 425 3377 berre
450 3336 482 3377 et
511 3336 605 3378 reete
623 3327 698 3396 fieri.
735 3329 823 3394 Verba
849 3329 878 3377 iel
903 3328 965 3381 berre
984 3349 1068 3402 usque
1087 3331 1120 3383 ad
1139 3330 1242 3382 uirtute
1260 3343 1301 3384 eet
1320 3333 1401 3386 desunt

362 3408 390 3463 in
409 3410 459 3465 Ox.
477 3414 496 3467 l.
522 3413 662 3467 aberrante
687 3416 824 3486 scriptoris
849 3417 966 3476 oculoe
991 3418 1081 3489 priore
1104 3420 1134 3469 id
1150 3418 1184 3471 ed
1203 3420 1342 3490 posterius.
1374 3423 1400 3471 Et

363 3509 423 3551 ante
443 3501 515 3571 quod
532 3501 604 3555 abest
623 3521 637 3554 a
653 3501 724 3555 Gud.
739 3502 769 3556 C.
790 3514 816 3556 et
833 3502 945 3570 Duisb.;
963 3504 1015 3558 01.
1028 3507 1047 3559 Ι.
1066 3505 1204 3559 habetest
1222 3508 1295 3563 inter
1314 3510 1400 3562 virtute

364 3596 388 3638 et
408 3586 436 3635 id
444 3607 453 3645 ‚·
476 3586 526 3639 Ox.
544 3604 573 3648 ψ.
590 3599 652 3641 ante
671 3590 701 3639 id
718 3588 798 3643 habet
815 3603 842 3642 et
862 3613 922 3643 cum
943 3596 1101 3652 ueritate
1118 3604 1168 3646 eet.
1205 3593 1267 3647 Atd.
1287 3594 1359 3649 Mun.
1376 3594 1399 3646 ab

366 3690 421 3724 uno
440 3674 528 3725 abesse
547 3674 583 3727 ait
600 3694 667 3739 vere,
687 3687 712 3729 et
729 3697 744 3729 a
759 3677 853 3731 Lamb.
871 3680 974 3732 editum
993 3699 1047 3733 esee
1066 3680 1096 3730 id
1113 3678 1175 3732 berre
1186 3681 1255 3749 fieri
1272 3692 1305 3733 et
1322 3690 1399 3733 reete

365 3758 480 3810 dicitur:
499 3760 544 3812 sed
564 3763 684 3832 quamvis
701 3764 771 3817 idem
791 3767 884 3821 dixerit
903 3766 1021 3833 Gemit,
1044 3779 1116 3822 reete
1135 3778 1225 3820 tamen
1244 3780 1338 3822 monet
1353 3766 1399 3826 Or..

365 3843 392 3894 in
411 3863 470 3896 veru
489 3845 581 3901 Lamb.
600 3869 624 3902 a.
642 3853 722 3905 1566.
741 3872 799 3906 eam
819 3856 962 3910 lectionem
984 3875 1038 3909 non
1059 3875 1129 3920 esse,
1147 3874 1313 3927 quamquam
1331 3854 1399 3909 estin

348 3930 547 3987 'Lambinianis
566 3956 589 3989 a.
601 3940 679 3992 1580.
692 3942 769 3994 1581.
782 3948 859 3997 1584.
879 3943 960 3999 Goth.
975 3943 1065 3999 llerw.
1083 3942 1162 3997 Boul.
1181 3942 1245 4000 Ald.
1264 3947 1342 3998 1548.
1360 3940 1399 3994 Ct-

365 4035 431 4068 mer.
450 4018 512 4071 Par.
531 4023 609 4076 1543.
646 4021 773 4079 Graevius
792 4030 856 4083 dicit
874 4032 902 4082 in
923 4029 990 4084 cod.
1008 4029 1078 4083 Pitlt.
1097 4049 1152 4081 esse
1169 4030 1199 4079 id
1216 4030 1336 4083 barrum
1348 4023 1399 4098 fitrl

364 4121 423 4154 vere
442 4103 549 4158 dicitur.
585 4109 714 4165 Additum
733 4113 797 4166 illud
821 4127 848 4166 et
875 4127 944 4167 recte
967 4118 1090 4188 ineptum
1109 4127 1158 4170 eet:
1185 4118 1325 4188 quomodo
1342 4114 1397 4171 enim

364 4190 455 4245 dixerit
473 4191 569 4248 Cicero
585 4198 610 4249 ei
628 4200 694 4269 quid
711 4212 803 4253 recte
817 4205 887 4273 fit,
908 4232 941 4244 -
968 4205 999 4254 id
1013 4204 1108 4276 fieri
1124 4213 1221 4257 recte
1239 4206 1340 4257 dicitur
1355 4196 1397 4248 -l

364 4277 401 4330 vel
426 4280 445 4332 si
471 4292 541 4332 recte
562 4283 661 4336 reseras
682 4286 714 4338 ad
734 4288 847 4354 elicitur,
875 4291 1014 4361 quomodo
1039 4291 1108 4346 dicat
1132 4291 1290 4347 commode:
1319 4295 1396 4342 reete

364 4364 435 4414 diei
458 4367 488 4416 id
511 4367 573 4420 bene
591 4371 658 4438 fieri
684 4375 756 4444 quod
779 4387 874 4427 recte
894 4378 953 4447 sit
975 4378 1033 4430 -Ρ
1069 4378 1151 4445 Quod
1171 4398 1234 4433 vero
1258 4380 1364 4434 diximus
1376 4379 1395 4421 tl

364 4449 452 4504 abesse
472 4471 487 4505 a
506 4454 610 4510 duobus
628 4460 724 4515 nostris
742 4463 815 4517 abest
833 4465 896 4518 item
915 4466 948 4518 ab
968 4479 1031 4521 octo
1049 4465 1216 4521 Manutianie
1240 4478 1266 4523 et
1290 4466 1322 4520 ab
1339 4458 1391 4517 Eli·
