3517 5450
456 720 505 790 66
787 734 959 784 6666666
986 734 1179 783 sroreonuu.

458 899 604 970 „Abripuit
621 917 665 951 me
684 897 825 952 auctoritas
844 896 976 949 librorum
995 894 1024 946 P.
1034 894 1163 956 Victorii;
1183 912 1271 964 neque
1290 893 1367 947 aliter
1386 895 1442 947 Pal.
1452 915 1502 948 ser-

460 999 509 1041 tus.
546 985 634 1040 Ceteri
652 985 723 1038 enim
741 986 823 1039 nostri
848 985 905 1036 fere
930 983 1070 1035 delicatos.
1112 981 1167 1036 Ma.
1192 992 1280 1034 tamen
1306 980 1388 1034 babet
1407 982 1505 1052 felices.

458 1074 489 1127 F.
504 1092 565 1127 vero
584 1084 611 1126 et
630 1074 664 1126 V.
679 1073 835 1144 felicatas·“
855 1069 995 1123 Gruter.
1032 1070 1195 1136 „Delicatus
1215 1070 1335 1123 omnea.“
1354 1069 1429 1122 Α16.
1448 1069 1507 1122 Ma-

459 1173 528 1216 nut.
545 1191 577 1202 -
615 1161 743 1214 Deliacos
761 1160 858 1232 probat
875 1158 954 1212 etiam
972 1157 1005 1208 11.
1025 1156 1158 1211 16616611.
1178 1156 1399 1209 66666662.-
1418 1156 1507 1222 „Recte

453 1252 590 1318 filicotos.
624 1248 670 1302 Sic
688 1260 714 1302 et
727 1250 856 1316 filieotoe
874 1257 920 1300 aut
935 1246 1067 1317 selicotoe
1086 1245 1176 1297 lances
1198 1246 1295 1318 inEp.
1313 1246 1334 1299 1.
1354 1245 1400 1299 lib.
1420 1246 1464 1297 Vl.
1481 1245 1507 1297 ad

461 1337 514 1391 An.
533 1347 596 1390 sunt
619 1335 744 1389 caelatae.
787 1335 849 1387 Vid.
866 1351 935 1404 quae
959 1333 1165 1385 1616616166εέι
1183 1331 1364 1386 Graevius.
1384 1361 1419 1372 -
1461 1330 1508 1400 Qui

459 1423 589 1476 Deliacos
606 1422 809 1488 commendant,
827 1420 937 1475 laudant
955 1430 1060 1491 praeter
1077 1418 1128 1491 Ep.
1147 1418 1181 1472 ad
1201 1420 1255 1475 An.
1267 1421 1285 1473 1.
1302 1421 1320 1473 Ι.
1341 1421 1423 1475 etiam
1439 1421 1506 1473 Veri.

462 1509 494 1576 11,
513 1515 557 1576 ta,
576 1513 642 1565 1¹16:
661 1511 775 1563 multam
792 1510 934 1561 Deliacam
952 1506 1160 1577 supellectilem
1179 1507 1215 1561 ib.
1233 1508 1280 1574 IV,
1299 1511 1325 1573 1,
1344 1511 1374 1561 1:
1404 1514 1454 1560 eoa
1471 1507 1507 1559 ul-

461 1594 519 1650 lum
538 1599 705 1651 Corinthium
722 1609 773 1650 out
791 1598 933 1649 Deliacum
946 1595 1040 1666 fuisse
1056 1615 1140 1667 nego‚·
1159 1615 1210 1666 pro
1223 1594 1293 1649 Sext.
1307 1595 1389 1650 Rosa.
1400 1594 1506 1648 Arndt:

451 1686 555 1738 ‘domus
573 1685 677 1756 referto
696 1686 769 1737 vasis
779 1685 924 1736 Corinthiis
941 1693 969 1734 et
980 1682 1110 1736 Deliacis.
1146 1684 1280 1734 Filieutae
1291 1682 1393 1738 babent
1402 1683 1480 1736 Drsd.
1486 1689 1504 1735 1.

462 1772 555 1826 Duisb.
572 1772 631 1841 (sed
646 1772 737 1844 felic.)
750 1771 822 1825 Gud.
842 1771 874 1825 A.
894 1769 960 1823 Orx.
978 1789 1002 1822 σ.
1021 1788 1051 1832 ψ.
1069 1768 1127 1840 (bic
1152 1790 1261 1842 quoque
1273 1770 1434 1842 fattEdd.
1452 1792 1505 1843 pro,

461 1859 565 1913 Manut.
587 1857 658 1912 Vict.
675 1858 767 1911 Lamb.
783 1857 868 1911 suffr.
885 1857 957 1910 Petr.
975 1857 1043 1909 Rob.
1055 1856 1148 1928 Stepb.
1160 1856 1222 1911 Car.
1235 1856 1328 1929 Stepb.
1338 1857 1435 1913 Lamb.
1444 1878 1505 1929 seqq.

461 1947 568 2000 Priores
592 1947 737 2008 delicatos,
769 1956 798 1999 ut
822 1943 909 1998 Codri.
935 1944 1040 2016 reliqui.
1082 1946 1137 1999 Pro
1163 1947 1278 1998 oliorum
1305 1945 1504 2000 Cri..1..babet

461 2035 620 2105 aliquorum.
658 2034 730 2087 idem
750 2053 765 2086 a
785 2038 811 2086 1.
828 2053 865 2086 m.
886 2032 997 2086 babebat
1019 2044 1138 2102 putrere
1153 2034 1199 2087 sed
1224 2053 1305 2105 supra
1328 2034 1377 2087 lin.
1404 2034 1503 2088 correxit

462 2120 511 2175 alia
532 2140 627 2174 manus
640 2133 762 2190 poteras.
804 2120 885 2173 Drsd.
902 2124 928 2175 5.
950 2140 1041 2173 eorum
1060 2139 1110 2191 pro
1139 2122 1263 2177 oliorum.
1302 2123 1426 2176 Verbum
1443 2122 1502 2174 orbi-

462 2219 569 2261 tramur
586 2209 660 2262 abest
678 2209 711 2261 ab
731 2207 815 2275 06η.
852 2206 935 2275 Quod
954 2227 1004 2278 pro
1021 2207 1137 2259 oliorum
1154 2208 1182 2261 in
1196 2207 1264 2262 Edd.
1279 2209 1374 2264 bamb.
1393 2221 1419 2263 et
1433 2207 1502 2262 Suffr-

462 2295 534 2348 Petr.
553 2295 734 2357 artistarum,
752 2292 856 2346 Orellio
874 2294 1028 2346 coniectura
1047 2293 1163 2360 videtur,
1187 2295 1233 2347 sed
1251 2296 1333 2349 bona.
1378 2295 1435 2349 Nec
1452 2292 1501 2346 mibi

463 2382 592 2453 displicet.
634 2381 731 2453 Reperi
756 2381 869 2434 eandem
894 2383 947 2434 sive
971 2381 1112 2434 lectionem
1138 2382 1191 2436 sire
1216 2383 1402 2452 conjecturam
1421 2385 1448 2434 in
1463 2378 1501 2433 Ed.

463 2468 560 2522 Colon.
579 2487 603 2521 a.
622 2472 701 2532 1516,
720 2487 788 2540 quae
805 2468 859 2522 sola
880 2488 910 2522 ex
929 2470 1001 2532 meis,
1020 2489 1083 2524 oum
1101 2469 1150 2524 Ed.
1167 2470 1250 2542 ipsius
1262 2470 1390 2523 Lambini
1402 2470 1500 2529 61565,

463 2556 542 2610 babet
560 2566 658 2610 textum
677 2575 736 2608 vere
755 2557 971 2611 Lambinianum.
986 2557 1045 2611 Mr.

530 2645 667 2713 filicotos]
686 2643 762 2699 silicis
779 2646 868 2715 specie
887 2657 1010 2711 ornatas,
1035 2645 1132 2716 pictas,
1151 2644 1272 2698 caelatas.
1321 2645 1376 2698 Atii
1400 2645 1452 2716 leg.
1467 2645 1499 2694 de-

463 2734 576 2789 licatus,
594 2731 628 2784 al.
647 2733 779 2796 deliacos,
811 2753 865 2805 quo
885 2735 995 2788 nomine
1022 2734 1208 2804 intelliguntur
1226 2734 1323 2787 sumini
1349 2735 1426 2805 pretii
1449 2750 1498 2792 rasa,

464 2837 533 2890 quae
562 2837 625 2872 cum
651 2817 796 2873 Corinthiis
819 2821 1022 2893 coniunguntur
1047 2841 1062 2873 a
1089 2820 1220 2876 Cicerone
1246 2841 1297 2892 pro
1321 2823 1401 2877 Rosa.
1426 2824 1499 2875 nmo.

465 2922 487 2957 r.
504 2908 548 2959 46.
584 2905 607 2957 F
615 2925 680 2960 aco

531 2982 606 3045 ¹Sunt
625 2994 693 3045 enim
711 3014 799 3047 omnes
813 3015 895 3065 porei
912 2997 983 3050 inter
1000 2998 1047 3065 sa,]
1066 2996 1173 3052 Habent
1185 2998 1271 3053 codd.
1282 2999 1364 3054 Bern.
1379 3011 1406 3053 et
1423 2998 1499 3053 Crat.

465 3097 526 3133 cum
544 3078 594 3131 Ed.
610 3080 670 3133 Par.
690 3102 710 3135 s.
730 3102 753 3135 a.
787 3088 858 3137 Sunt
876 3087 946 3137 enim
966 3104 1047 3155 potes
1072 3087 1189 3139 interae
1211 3106 1314 3151 omnes,
1339 3088 1434 3141 ordine
1457 3106 1500 3140 rer·

464 3168 561 3221 borum
580 3167 650 3220 baud
669 3169 847 3240 improbabili.
883 3173 951 3227 Cod.
971 3174 1077 3228 Suerin.
1095 3174 1211 3229 exbibet:
1239 3179 1312 3227 Sunt
1335 3178 1406 3229 araim
1422 3193 1500 3228 ornnes

463 3264 571 3324 praeter
588 3256 750 3324 Superbum,
771 3276 851 3327 porea
865 3261 937 3313 inter
953 3278 991 3314 se.
1034 3261 1125 3315 Minus
1153 3262 1229 3316 bene.
1273 3264 1329 3318 Pro
1355 3267 1424 3319 enim
1445 3262 1498 3317 nale

464 3341 562 3411 legitur
580 3342 609 3395 in
627 3342 708 3396 Drsd.
721 3348 747 3399 3.
766 3358 871 3411 autem,
890 3348 918 3400 in
937 3348 1017 3402 Drsd.
1036 3353 1061 3403 1.
1079 3350 1154 3421 peius
1172 3361 1238 3403 out:
1257 3353 1397 3406 erroribus
1415 3373 1442 3408 ex
1454 3370 1499 3424 per-

465 3449 556 3501 peram
575 3430 649 3485 lectis
662 3433 795 3487 scribendi
814 3435 981 3505 compendiis
1005 3436 1045 3489 vel
1063 3437 1136 3508 siglis
1158 3449 1227 3492 orto.
1268 3437 1393 3493 Glossam
1419 3440 1499 3493 babent

464 3516 551 3571 codd.
570 3514 629 3570 Cro.
650 3521 674 3570 1.
692 3524 717 3571 2.
745 3520 823 3574 Drsd.
841 3526 867 3576 5.
896 3521 960 3575 Oui.
980 3521 1000 3575 1.
1028 3544 1054 3591 q.
1097 3525 1243 3593 Superbum
1270 3531 1498 3601 Tarquinium:

465 3604 577 3658 alterum
596 3603 648 3657 boc
666 3625 766 3659 nomen
784 3609 813 3662 in
832 3609 904 3664 Gud.
916 3612 949 3662 Α.
968 3630 1048 3682 supra
1059 3612 1105 3664 lin.
1117 3613 1263 3684 adpictum.
1301 3598 1440 3683 Quasnam
1453 3631 1498 3667 reru

464 3690 532 3744 Edd.
550 3690 679 3761 significat
698 3692 794 3749 Graev.
808 3698 859 3768 qui
885 3699 913 3751 in
933 3717 999 3751 varr.
1017 3698 1088 3753 lectt.
1107 3700 1172 3754 dicit
1195 3701 1318 3755 exhibere
1342 3722 1388 3758 eas
1408 3711 1499 3774 praeter

467 3778 644 3849 Tarquinium
660 3782 822 3850 Superbum,
847 3805 893 3838 eae
915 3798 979 3839 sunt
1006 3786 1096 3840 Hern-
1114 3786 1190 3842 Cam.
1207 3787 1309 3842 Sturm.
1327 3791 1400 3845 Aua.
1416 3787 1498 3848 Talaei,

366 3943 371 3950 .
464 3863 541 3917 Boul.
559 3863 620 3918 Ata.
639 3869 715 3921 1548.
733 3870 815 3925 Paris.
833 3876 912 3928 1513.
955 3874 1011 3929 Nec
1029 3894 1091 3929 vero
1110 3875 1185 3930 video
1206 3878 1463 3947 quomodoGernb.
1477 3893 1498 3926 α

464 3951 636 4006 annotatione
655 3953 760 4011 Graevii
787 3978 881 4014 eruere
909 3963 1041 4033 potuerit,
1065 3962 1163 4016 babere
1181 3963 1252 4017 bane
1270 3964 1414 4019 lectionem
1433 3962 1498 4018 cudi

465 4058 523 4093 cem
541 4038 609 4093 Pitb.
629 4052 655 4095 et
671 4042 739 4099 Edd.
760 4059 872 4114 veteres,
892 4061 999 4122 excepta
1017 4051 1087 4103 Ven.
1107 4054 1187 4105 1481.
1206 4051 1312 4106 et'Atc.
1326 4057 1419 4108 :taauz
1450 4068 1498 4105 nam

463 4138 489 4180 et
508 4125 651 4199 pleraeque
669 4130 779 4200 babent,
808 4137 881 4208 quod
904 4159 953 4192 nos
977 4139 1123 4204 edidimus,
1148 4150 1176 4193 et
1192 4138 1373 4195 Pitboeanum
1398 4142 1499 4211 aliosque
1541 4145 1544 4152 '

463 4214 542 4268 MSS.
569 4216 666 4271 babere
690 4221 761 4273 idem
781 4223 912 4294 signifieat
936 4226 1079 4293 Graevius,
1109 4246 1273 4299 quamquam
1299 4230 1335 4282 ob
1361 4230 1499 4283 breuitatem

464 4303 552 4374 paullo
570 4306 717 4362 obscurius.
752 4311 782 4363 16
804 4332 859 4365 666
877 4314 991 4369 (tuan
1011 4314 1106 4369 moidit
1119 4334 1209 4383 pares.
1243 4316 1446 4390 DeTarquinio
1463 4313 1502 4365 tid·

463 4389 516 4445 Liv.
535 4394 555 4457 1,
574 4397 609 4448 49
627 4414 685 4467 sqq.
704 4396 732 4448 in
750 4400 844 4469 primis
864 4420 887 4454 c.
905 4405 949 4457 53.
990 4401 1061 4455 Mira
1089 4414 1126 4455 est
1143 4402 1223 4456 lectio
1248 4402 1299 4456 Ed.
1318 4404 1399 4459 11616.
1421 4425 1440 4457 s.
1456 4403 1469 4455 1.
1483 4410 1502 4451 et

463 4493 485 4527 a.
502 4489 609 4545 praeter
627 4484 769 4552 superbum
785 4491 912 4544 Brutum.
947 4492 978 4542 Si
997 4494 1057 4562 quis
1076 4501 1152 4562 roget
1171 4520 1213 4543 -.
1230 4489 1263 4541 M
1269 4510 1292 4546 r.
