3517 5450
653 723 851 773 riainoxou
874 727 896 772 r.
937 725 1005 774 cir.
1026 727 1061 773 u.
1341 704 1389 777 73

338 890 482 953 Propterea
498 885 654 954 pecuniam,
674 905 729 957 quo
749 887 820 938 nibil
836 886 901 938 mitt
919 903 986 954 opus
1004 894 1053 950 est,
1073 885 1108 934 ob
1128 886 1162 938 iis
1182 904 1234 938 non
1252 887 1390 956 accipiam,

338 973 429 1048 quibus
448 990 510 1022 eam
529 973 594 1024 usui
610 991 666 1025 esse
685 975 749 1031 seio.
786 976 858 1029 Haec
878 974 910 1027 Α.
929 972 1032 1026 Gellius
1049 971 1070 1038 l,
1090 975 1132 1026 14.
1150 992 1179 1025 ea
1200 973 1265 1027 Julii
1292 974 1389 1046 Hygini

339 1059 474 1114 sententia.
513 1059 636 1113 Valerius
654 1061 722 1117 Mar.
741 1065 770 1116 L.
789 1065 835 1117 lV.
855 1063 888 1116 de
909 1062 1074 1116 Abstinentia
1093 1072 1120 1115 et
1130 1060 1301 1117 Continentia
1320 1064 1391 1116 idem

339 1146 488 1216 exemplum
509 1146 598 1218 posuit
615 1149 764 1222 adiecitque
784 1150 938 1204 Fabricium
957 1149 1118 1220 locupletem
1138 1169 1194 1203 non
1220 1152 1303 1205 multa
1331 1171 1393 1223 pos-

339 1234 457 1300 sidendo,
476 1234 522 1287 sed
546 1254 632 1305 pauca
651 1237 827 1292 desiderando
848 1239 952 1292 sactum
973 1256 1035 1290 esse.
1072 1234 1275 1292 continentiam
1294 1248 1394 1305 autem,

339 1323 416 1376 nteit
435 1321 563 1375 avaritiae
582 1324 732 1392 contraria,
751 1345 781 1378 ex
801 1325 853 1379 boc
872 1326 932 1379 loco
950 1324 1012 1380 salis
1033 1327 1158 1397 cognosci
1179 1339 1280 1398 potest,
1308 1339 1337 1381 ut
1362 1328 1394 1382 sit

338 1411 480 1464 continens
500 1410 539 1476 ia,
570 1411 716 1481 quiribus
742 1415 795 1466 suis
820 1424 963 1467 centenius
987 1411 1072 1467 aliena
1098 1433 1154 1466 nou
1180 1415 1298 1486 cupiat.“
1323 1415 1394 1469 Frc.

339 1497 488 1570 Sylvius.
525 1498 604 1566 Quae
625 1500 658 1554 de
677 1499 709 1555 C.
722 1501 838 1555 Luscino
857 1501 983 1555 Fabricio
1001 1513 1163 1566 narrantur,
1191 1503 1263 1554 lacta
1291 1515 1353 1555 suut
1370 1523 1394 1556 a.

340 1604 365 1637 u.
382 1605 406 1639 c.
424 1588 490 1639 413.
511 1585 572 1638 Vid.
592 1585 649 1640 cic.
670 1587 745 1641 Brut.
764 1593 808 1642 14.
825 1587 884 1642 Cat.
903 1588 942 1640 Μ.
962 1591 1013 1654 13;
1039 1589 1072 1641 de
1091 1588 1149 1643 Off.
1171 1591 1192 1654 Ι,
1211 1593 1262 1653 13;
1282 1590 1324 1655 lll,
1352 1595 1396 1644 22.

340 1673 399 1727 Fuit
418 1672 460 1726 bis
479 1671 574 1725 consul
590 1685 617 1727 et
636 1694 739 1729 censor.
755 1705 791 1716 -·
828 1677 858 1728 ln
878 1675 946 1730 Cod.
967 1675 1024 1728 cn.
1045 1679 1069 1731 l.
1091 1689 1129 1731 est
1144 1679 1220 1742 Gaii,
1245 1678 1272 1731 in
1291 1677 1350 1730 Cra.
1370 1684 1394 1732 2.

342 1761 437 1832 legitur
454 1763 489 1829 Q·
507 1761 641 1826 Fabricii,
660 1774 689 1817 ut
707 1765 734 1816 in
753 1763 818 1817 Osa.
829 1785 855 1834 η.
874 1783 921 1830 cns
940 1783 1105 1835 praenomen
1123 1766 1256 1819 omittitur
1273 1767 1302 1819 in
1320 1765 1393 1819 Gud.

342 1848 370 1900 B.
387 1859 415 1902 et
436 1848 516 1901 Drsd.
533 1852 560 1903 4.
611 1849 675 1903 Loci
700 1851 798 1904 Valerii
817 1851 903 1914 Man,
936 1871 1017 1922 supra
1036 1852 1149 1917 laudati,
1176 1865 1238 1906 suut
1256 1853 1301 1919 lV,
1323 1856 1349 1917 3,
1367 1858 1393 1906 li.

342 1935 384 2000 lv,
403 1941 431 2003 4,
451 1940 477 1991 3.
497 1947 523 1990 ct
541 1941 585 1990 1⁰.
604 1934 685 1991 Mu(

410 2029 453 2076 Μ’
471 2025 556 2092 Curii]
578 2025 721 2091 „Valerius
731 2026 815 2079 btv.
832 2044 892 2096 cap.
907 2025 940 2078 de
960 2025 1135 2095 Paupertate;
1153 2026 1224 2080 Plin.
1244 2027 1343 2092 xvut,
1364 2033 1394 2089 2;

344 2114 412 2179 xlx,
433 2116 458 2166 5.
477 2110 629 2166 Columella
647 2116 667 2166 l.
686 2114 769 2186 praes.
788 2124 813 2166 et
827 2133 887 2185 cap.
905 2117 931 2168 3.
950 2113 1108 2166 Plutarchus
1127 2116 1155 2166 in
1173 2113 1392 2185 Apopbtbegm.“

344 2200 413 2253 ΑΜ.
431 2199 562 2253 Manut.
600 2200 763 2266 „Plutarcho
783 2201 810 2252 in
829 2200 880 2254 rita
899 2198 1009 2253 Catonis
1026 2212 1136 2254 auctore
1153 2219 1216 2254 cum
1229 2199 1341 2253 Curium
1360 2201 1393 2254 ad

344 2287 430 2340 locum
450 2287 586 2342 sedentem
604 2299 632 2342 et
648 2308 727 2361 rapas
744 2300 907 2360 coquentem
926 2289 1005 2360 legali
1023 2289 1184 2344 Samnitium
1211 2290 1394 2357 offendissent,

344 2395 470 2447 magnum
489 2376 548 2429 auri
569 2376 676 2448 pondus
693 2377 858 2431 obtulerunt.
894 2377 935 2430 Eo
948 2378 1089 2450 repudiato
1104 2377 1201 2430 Curius
1211 2378 1316 2448 negavit
1328 2398 1395 2430 auro

345 2481 408 2533 opus
428 2482 484 2516 esse
513 2465 556 2531 iis,
589 2466 686 2536 quibus
712 2485 795 2519 coena
821 2477 875 2519 tam
902 2468 989 2520 tenuis
1011 2467 1073 2520 satis
1097 2471 1190 2519 επεν·
1209 2467 1282 2520 Fre
1302 2466 1395 2538 Sylv.

345 2550 419 2606 lions.
440 2550 497 2605 Cic.
517 2551 576 2607 Cat.
594 2552 632 2606 M.
652 2556 694 2609 16.
737 2555 824 2607 Locus
850 2555 985 2609 Plutarchi
1011 2555 1038 2607 iu
1065 2555 1114 2607 rita
1133 2554 1243 2608 Catonis
1270 2566 1307 2607 est
1326 2575 1349 2607 c.
1370 2560 1394 2607 2-

346 2640 439 2694 Valerii
459 2640 569 2693 Maximi
588 2644 634 2708 lV,
650 2644 675 2708 3,
694 2646 720 2695 b.
757 2642 819 2696 Fuit
838 2643 937 2696 Curius
955 2643 1087 2696 Dentatus
1105 2642 1206 2695 Consul
1225 2662 1249 2693 a.
1262 2662 1288 2693 u.
1302 2645 1395 2696 cotia

345 2757 375 2768 -
392 2729 528 2783 Scribitur
546 2734 586 2785 M.
606 2728 655 2800 pro
674 2730 716 2781 Μ’
734 2731 761 2783 in
782 2729 868 2783 codd.
888 2730 948 2783 Cre.
966 2734 991 2784 1.
1011 2736 1036 2785 2.
1055 2730 1135 2783 Drsd.
1147 2735 1172 2782 2.
1191 2733 1217 2784 3.
1237 2728 1308 2783 Gud.
1321 2730 1353 2782 Α.
1364 2729 1395 2781 Β.

346 2819 430 2872 Verba
446 2817 509 2868 belli
527 2818 624 2869 Punici
642 2818 739 2873 absunt
756 2838 771 2872 a
789 2818 857 2872 Cod.
880 2820 960 2873 Drsd.
979 2824 1006 2873 3.
1020 2818 1079 2872 Mr.

410 2910 457 2958 Gn.
476 2916 504 2956 et
522 2908 555 2960 P.
574 2907 736 2974 Scipiones‚]
755 2909 850 2980 „Virg.
870 2910 915 2961 Vl.
934 2909 1009 2975 [843.
1025 2908 1183 2976 Scipiades,
1207 2907 1259 2957 duo
1272 2906 1395 2976 fulmina

347 2992 409 3047 belli.
448 2992 482 3045 Et
500 2992 583 3046 Silius
601 2993 709 3048 ltalicus
726 2996 833 3063 [Punic.
852 2998 911 3062 XV,
931 3000 947 3050 3
966 2998 1016 3067 sq·]

454 3110 490 3122 -
507 3082 632 3153 gerannus
648 3084 719 3135 iacet
739 3086 816 3137 hoste
835 3084 948 3155 superbo

453 3168 558 3236 Scipio,
577 3168 710 3241 belligeri,
729 3174 869 3224 Mavortia
886 3183 1012 3242 pectore,
1025 3173 1144 3243 fratres.

347 3254 427 3308 livius
445 3254 493 3308 lib.
512 3257 587 3309 XXl.
605 3259 692 3312 XXll.
711 3260 830 3313 xxnw
850 3260 921 3313 Ald.
941 3260 1026 3312 Man.
1072 3258 1142 3324 „Cu
1161 3270 1188 3312 et
1205 3259 1235 3310 P.
1255 3258 1396 3328 Scipiones

348 3343 370 3394 iu
388 3344 516 3414 Hispania
535 3344 728 3398 Hasdrubalem
747 3348 868 3400 vicerunt
887 3359 913 3399 et
930 3346 1085 3415 Hispaniam
1111 3363 1186 3397 suam
1204 3345 1342 3406 fecerunt,
1368 3354 1397 3393 ut

348 3432 378 3496 ait
394 3431 493 3484 Florus
512 3431 555 3498 [ll,
575 3434 628 3499 ic]
677 3433 731 3486 Sed
757 3454 849 3487 rerum
878 3434 991 3487 feliciter
1018 3445 1152 3503 gestarum
1175 3431 1274 3485 tristem
1300 3432 1395 3482 exitum

347 3516 461 3571 luleruut
479 3538 566 3590 prope
585 3538 646 3573 cum
666 3523 727 3575 totis
744 3522 902 3575 exercitibus
920 3521 988 3575 caesi
1006 3540 1078 3574 auno
1089 3532 1189 3583 octavo,
1212 3538 1291 3589 quam
1310 3519 1338 3569 iu
1350 3518 1397 3569 Hi-

349 3606 462 3673 spaniam
481 3607 597 3659 iveraul:
627 3609 776 3681 amissaque
795 3610 851 3663 eius
870 3610 1024 3682 provinciae
1044 3608 1172 3681 possessio
1192 3609 1276 3672 toret,
1297 3607 1345 3659 nisi
1366 3607 1397 3657 C.

349 3691 455 3758 Marcii,
474 3695 572 3766 equitis
589 3696 720 3763 Romani,
744 3699 841 3752 virtute
860 3710 886 3752 et
901 3699 1045 3763 industria,
1074 3697 1218 3751 contractis
1234 3695 1396 3747 exercituum

349 3782 477 3855 reliquiis,
499 3783 618 3836 ciusdem
636 3783 743 3840 borum
769 3788 831 3841 bina
865 3798 949 3840 castra
977 3786 1094 3839 bostium
1113 3795 1260 3857 expugnata
1287 3787 1397 3836 essent.⁴‘

351 3870 426 3923 llud.
446 3870 605 3923 Talaeus.

414 3964 462 4013 Gn.
479 3970 507 4010 et
525 3964 558 4013 P.
574 3960 720 4029 Scipiones]
747 3961 821 4028 „Qui
840 3961 958 4032 primum
977 3959 1120 4013 Hannibali
1139 3960 1166 4011 in
1193 3959 1267 4012 ltalia
1295 3950 1398 4011 restite„

351 4058 419 4112 runt,
443 4047 543 4099 deinde
559 4048 587 4100 in
606 4047 731 4118 Hispania
757 4061 850 4103 contra
875 4049 1068 4102 Hasdrubalem
1097 4058 1250 4119 pugnantes
1272 4047 1397 4099 obierunt

350 4133 414 4188 bellu
429 4136 539 4188 Punico
557 4137 685 4190 secundos
722 4137 814 4193 Refert
830 4138 886 4191 Liv.
901 4143 943 4204 25,
963 4141 1006 4193 36.
1042 4136 1131 4189 Publii
1148 4135 1218 4188 silius
1235 4136 1286 4187 luit
1303 4134 1395 4204 Scipio

349 4223 487 4277 Africanus
505 4224 607 4290 maior,
629 4225 674 4296 qui
693 4244 754 4280 mox
772 4227 869 4281 dieitur
887 4227 1031 4280 Africanus
1049 4224 1152 4289 maior,
1179 4234 1205 4276 et
1229 4223 1262 4275 de
1281 4242 1335 4292 quo
1355 4221 1398 4273 lo·

348 4312 433 4381 quitur
451 4311 510 4365 Cic.
527 4312 561 4364 de
579 4311 637 4366 Oli.
656 4314 700 4380 lll‚
719 4319 744 4369 1.
782 4315 866 4367 Huius
885 4314 994 4367 maioris
1012 4312 1134 4366 Africani
1161 4309 1230 4362 lilius
1255 4327 1317 4361 cum
1336 4307 1398 4359 nul-

346 4398 382 4453 los
397 4402 454 4472 ipse
475 4401 587 4454 baberet
606 4414 696 4469 natos,
716 4404 849 4474 adoptavit
867 4404 942 4459 Lucii
962 4401 1068 4455 Aemilii
1087 4398 1179 4462 Pauli,
1198 4397 1254 4448 eius
1272 4396 1317 4465 qui
1337 4395 1397 4448 Ma-

344 4491 454 4547 ccdonas
476 4491 589 4555 devicit,
610 4490 708 4556 filium,
727 4492 772 4563 spui
793 4492 854 4547 binc
879 4493 965 4547 dictus
991 4503 1028 4544 cst
1076 4487 1168 4556 Scipio
1194 4484 1282 4535 minor
1307 4483 1397 4536 Aemi·
