3517 5450
757 716 960 764 rnoonmtm.
1339 697 1385 768 15

334 893 391 948 quas
410 873 531 946 probare
549 873 627 945 pauci
647 873 748 941 solent,
776 885 805 928 ut
824 874 973 946 idipsum,
1000 874 1071 947 quod
1093 875 1149 948 ipse
1165 877 1308 943 sentiebat,
1336 899 1386 950 po-

335 962 390 1034 pulo
408 964 492 1016 etiam
513 962 653 1034 probabile
672 963 813 1016 rideretur.
850 962 880 1015 ln
901 982 956 1035 quo
975 973 1049 1017 tanto
1068 964 1197 1017 maiorem
1213 965 1385 1037 eloquentiae

336 1051 441 1121 gradum
455 1051 605 1116 obtinebat,
623 1063 725 1124 quanto
737 1050 872 1104 difficilius
886 1063 932 1117 est,
949 1051 1111 1105 multitudini
1126 1055 1295 1124 persuadere,
1313 1057 1386 1128 quod

338 1137 408 1192 Stoici
428 1139 563 1211 probant,
582 1151 611 1193 ut
628 1139 662 1194 de
681 1140 782 1212 patriae
804 1139 888 1194 salute
906 1140 946 1193 vel
965 1160 1026 1195 cum
1046 1141 1120 1194 omni
1138 1142 1259 1212 periculo
1278 1145 1385 1212 tuenda,

339 1227 541 1280 detriminibus
558 1225 687 1281 acerrime
706 1227 884 1294 vindicandis,
913 1229 946 1280 de
970 1228 1064 1283 virtute
1085 1229 1202 1302 denique
1219 1231 1275 1303 ipsa
1295 1233 1383 1286 omni·

340 1314 377 1367 bue
393 1315 477 1368 rebus
496 1316 682 1388 praeferenda.
719 1315 816 1371 Cicero
832 1329 921 1371 autem
940 1317 1025 1370 maius
1043 1317 1169 1389 quiddam
1185 1320 1301 1391 suscipit,
1321 1340 1383 1374 cum

341 1423 383 1456 non
399 1404 463 1470 illa,
484 1423 554 1476 quae
571 1404 742 1476 splendorem
761 1405 794 1459 ab
815 1405 937 1459 oratione
955 1417 1066 1477 possunt
1082 1405 1218 1478 accipere,
1237 1426 1305 1478 quae
1319 1427 1383 1480 per·

342 1495 434 1566 egregie
452 1493 553 1547 Cicero
571 1494 598 1546 in
618 1505 728 1560 senatu,
753 1513 767 1546 e
785 1491 939 1553 Stoicorum
958 1493 1087 1546 sententia
1105 1494 1249 1558 tractabat,
1274 1495 1320 1547 sed
1339 1495 1382 1547 itta

342 1582 383 1653 ipe
400 1584 581 1655 probaturum
597 1601 623 1635 se
640 1601 695 1636 esse
713 1581 791 1645 dicat,
809 1591 855 1635 aut
875 1591 947 1634 certe
965 1590 1125 1634 conaturum
1144 1592 1173 1634 ut
1191 1582 1296 1653 probet,
1315 1602 1383 1654 quae

343 1667 410 1723 Stoici
435 1670 487 1742 ipsi
512 1670 542 1722 iu
568 1670 621 1724 suis
643 1667 789 1741 gymnasiis
813 1674 867 1720 non
893 1667 971 1721 facile
997 1669 1122 1741 probant.
1161 1669 1234 1724 Haec
1252 1683 1291 1724 est
1306 1670 1383 1724 buius

342 1755 381 1809 loci
397 1758 541 1824 sententia,
561 1774 658 1829 magna
678 1755 869 1810 cum'Catonis
887 1757 965 1810 laude
984 1778 1112 1830 expressa,
1137 1758 1275 1830 aliquanto
1293 1769 1382 1812 tamen

342 1845 427 1898 miore
447 1843 604 1898 Ciceronis:
633 1864 796 1918 quamquam
815 1845 885 1916 ipse,
905 1865 966 1899 cum
986 1845 1057 1899 dicat
1074 1857 1180 1898 tentare
1199 1848 1287 1913 volui,
1306 1867 1382 1899 arro-

341 1934 432 2002 gantiae
450 1934 560 2006 culpam
580 1946 654 1987 vetat.
690 1934 749 1986 Mr.
1056 1944 1060 1949 ’
1158 1989 1161 1994 ,

397 2023 535 2074 oratoriis
558 2023 733 2091 ornamentis]
765 2023 821 2090 „lta
848 2022 876 2073 in
896 2021 981 2074 Bruto
1008 2040 1068 2092 cap.
1086 2024 1130 2075 31.
1161 2022 1381 2092 perfectissimum

341 2107 447 2164 Stoicum
466 2122 545 2171 vocat
561 2110 703 2178 Catonem,
723 2121 749 2164 et
767 2122 856 2164 tamen
874 2108 912 2162 ait
930 2107 1109 2179 eloquentiam
1129 2108 1157 2160 in
1172 2108 1219 2161 illo
1238 2128 1293 2162 nou
1312 2110 1382 2163 desi-
1460 2178 1464 2185 .

341 2197 422 2253 derari.
460 2199 515 2253 Atti
533 2199 636 2254 addunt
654 2200 756 2261 nullia,·
776 2196 821 2252 sed
840 2200 1011 2270 perperam.“
1047 2195 1144 2249 Face.

398 2288 535 2338 Oratoriis
553 2287 726 2355 ornamentis]
752 2287 833 2339 Abest
851 2286 936 2338 radlia
962 2303 976 2335 a
1004 2281 1072 2336 Cod.
1089 2295 1137 2337 ret.
1160 2282 1222 2336 Car.
1240 2283 1380 2357 Stephani,

341 2371 404 2428 bern.
423 2387 451 2428 et
468 2373 529 2428 Bas.
548 2373 658 2442 Orellii,
681 2374 800 2427 aCodd.
819 2374 847 2426 in
867 2371 1008 2444 superiore
1026 2373 1199 2426 annotatione
1218 2372 1330 2427 laudatis
1347 2374 1380 2426 ab

341 2461 398 2527 eliis,
424 2463 460 2515 ab
479 2461 546 2516 Oxx.
564 2463 596 2515 E.
617 2465 635 2516 l.
655 2463 687 2515 N.
703 2482 727 2516 o.
745 2481 778 2525 m,
800 2461 871 2515 Gud.
891 2462 924 2515 Α.
944 2462 974 2514 Β.
992 2460 1099 2514 Suet-in.
1119 2460 1214 2514 Duisb.
1233 2459 1292 2514 Cra.
1310 2465 1337 2517 1.
1355 2467 1380 2515 2.

342 2546 405 2602 llrsd.
424 2557 450 2604 2.
474 2555 502 2605 4.
538 2549 607 2604 Edd.
629 2551 700 2604 Vict.
718 2550 750 2604 ll.
768 2549 856 2604 Woll.
875 2549 951 2622 Sylb.
970 2549 1088 2602 Audom.
1104 2547 1197 2601 Talaei
1221 2550 1263 2617 [P.
1282 2550 1380 2619 Rami],

341 2635 404 2693 litut
421 2639 511 2694 Gron.
531 2637 704 2712 Graev.·sqq.
738 2639 768 2693 ln
792 2639 861 2693 Edd.
887 2640 947 2691 Asc.
973 2639 1053 2691 1511.
1077 2648 1115 2689 est
1138 2648 1208 2691 orat.
1235 2657 1291 2690 orn.
1316 2658 1381 2690 non

342 2727 476 2789 adbibitist
502 2729 531 2782 in
544 2747 606 2781 uno
624 2728 705 2783 Drsd.
724 2728 865 2801 &legitur
881 2727 969 2799 (quod
994 2726 1132 2780 manifesto
1150 2726 1240 2799 prodit
1259 2726 1381 2797 negatio·

342 2831 390 2867 nen
412 2835 428 2869 a
457 2815 658 2870 correctoribus
677 2817 750 2870 vario
776 2817 858 2870 modo
885 2835 941 2870 esse
965 2826 1092 2869 tentatam
1117 2826 1197 2887 atque
1223 2816 1379 2884 adiectam):

343 2905 453 2957 oratoriis
471 2906 636 2957 ornamentis
654 2905 815 2959 abiectis.
856 2902 984 2958 Ceterum
1004 2904 1108 2957 inverso
1126 2904 1222 2957 ordine
1241 2923 1382 2957 ornamen-

342 2990 510 3044 decretoriis
528 2993 658 3064 scriptum
677 3005 717 3047 est
739 2991 873 3046 in'Codd.
897 2991 963 3046 Oxx.
982 2991 1019 3046 U.
1038 3013 1063 3061 η.
1090 2992 1161 3045 Gud.
1180 2992 1214 3046 Α.
1251 2992 1378 3047 Ceterum

342 3075 499 3133 budomarus
514 3080 639 3146 Talarus,
655 3083 749 3153 (quem
767 3093 830 3135 sunt
849 3082 895 3153 qni
914 3082 943 3133 Ρ.
961 3081 1075 3134 Remum
1095 3081 1195 3147 dicant,
1215 3100 1378 3153 quamquam

342 3166 375 3219 atti
388 3168 465 3221 illum
484 3169 564 3223 buius
581 3169 698 3223 amicum
718 3190 773 3223 esse
791 3169 894 3235 volunt,
910 3169 955 3222 cui
971 3188 1072 3221 nomen
1085 3168 1167 3221 luerit
1180 3168 1267 3222 Omer
1278 3168 1380 3237 Talon)

344 3247 376 3309 lia
389 3256 470 3329 igitur
486 3257 603 3311 Talaeus
619 3258 690 3312 baud
707 3258 882 3312 incommode
903 3259 937 3311 ad
956 3256 1116 3310 firmandam
1138 3276 1213 3310 suam
1234 3259 1267 3311 de
1287 3270 1379 3311 nostro

343 3338 389 3397 loco
404 3347 574 3411 sententiam,
594 3347 664 3419 qnae
681 3348 744 3400 item
763 3359 803 3401 est
819 3358 921 3411 nostra,
945 3346 1061 3398 laudarit
1078 3345 1134 3398 Cic.
1155 3345 1231 3399 Brut.
1250 3348 1295 3412 at,
1313 3350 1377 3398 tta:

346 3430 404 3493 Tuus
427 3445 520 3485 antem
545 3435 712 3499 avunculus,
740 3436 960 3507 querrindmodum
983 3434 1051 3495 aeis,
1077 3436 1192 3497 (Brute)
1217 3434 1250 3499 [is
1276 3445 1316 3486 est
1339 3434 1377 3486 M.

344 3513 538 3589 Porciuscato]
557 3521 638 3574 babet
656 3543 673 3574 a
690 3523 789 3575 Stoicis
806 3523 844 3586 id,
864 3522 937 3593 qnod
953 3520 1060 3572 abillis
1076 3520 1220 3589 petendum
1238 3521 1314 3590 fait:
1332 3522 1381 3572 aed

345 3603 438 3660 dicere
456 3609 587 3661 didicit
605 3628 623 3659 a
642 3609 784 3663 dic-endi
800 3610 999 3679 magistris,
1017 3626 1158 3680 eorumque
1174 3626 1244 3660 more
1260 3626 1288 3661 se
1301 3627 1380 3661 exer-

345 3695 402 3757 air,
426 3696 492 3751 ibid.
516 3696 541 3768 §-
559 3702 624 3752 tte:
657 3702 746 3751 Unam
769 3701 872 3769 excipio
894 3703 1019 3751 Catonem
1042 3697 1071 3748 in
1095 3713 1161 3767 quo,
1183 3697 1379 3767 perfectissimo

346 3782 429 3850 διοίσω,
455 3804 585 3838 summam
610 3787 790 3859 eloquentiam
816 3807 868 3840 non
894 3787 1044 3838 desiderem.
1080 3783 1149 3837 Add.
1167 3781 1224 3837 Cic.
1247 3784 1280 3837 de
1298 3782 1378 3837 Finn.

346 3862 446 3937 libid:
466 3878 529 3927 Ista
547 3875 617 3942 ipsa
635 3892 705 3945 quae
719 3886 750 3927 tu
769 3873 893 3939 breviter,
910 3893 1006 3945 regem,
1025 3873 1191 3938 dictatorem,
1208 3872 1317 3924 divitem
1335 3892 1380 3923 so—

347 3951 387 4008 lare
400 3978 454 4012 esse
471 3962 629 4031 sapientem,
647 3980 665 4011 a
683 3971 710 4013 te
728 3963 834 4033 quidem
853 3971 916 4031 apte
932 3979 965 4013 ao
982 3961 1112 4013 rotunde:
1131 3960 1227 4032 quippe
1235 3981 1246 4021 ‚-
1270 3960 1378 4011 babes

348 4044 412 4097 nim
437 4066 454 4098 α
480 4047 695 4102 rhetoribus.
731 4049 778 4102 llis
802 4049 874 4102 enim
900 4050 986 4103 verbis
1010 4047 1141 4103 Catonem
1165 4047 1314 4122 alloquitur
1331 4047 1378 4101 Ci-

349 4144 400 4187 cero.
433 4135 493 4191 Mr.

401 4228 456 4295 Ego
474 4243 536 4277 vero
554 4225 603 4276 itta
621 4226 693 4293 ipso]
719 4225 838 4291 „Novem
859 4227 998 4297 Ego'vero
1019 4224 1088 4277 tibi
1110 4225 1160 4276 illa
1178 4226 1248 4293 ipsa.
1281 4224 1306 4277 A
1326 4241 1377 4274 no-

353 4319 391 4360 tem
402 4313 476 4365 abest
493 4312 571 4365 tibi.“
599 4312 637 4365 Al
647 4313 672 4366 d.
687 4312 741 4380 Ma
751 4327 820 4368 nut.
857 4317 937 4386 „Ego
953 4334 1015 4366 vero
1032 4314 1083 4365 itta
1100 4314 1160 4382 ipsa
1178 4312 1261 4365 edidit
1277 4309 1377 4363 Grute-

354 4407 391 4459 Νι,
406 4399 493 4453 nescio
513 4400 597 4465 unde,
616 4401 663 4453 etsi
682 4415 809 4473 sequatur
828 4403 861 4457 cl.
879 4401 1022 4467 Graevius,
1050 4420 1133 4472 quum
1154 4401 1205 4451 iarn
1225 4399 1290 4451 olim
1308 4395 1377 4451 ller-

354 4482 430 4552 ttgius
449 4488 553 4543 dederit
572 4507 620 4559 ego
642 4502 775 4548 autem,
801 4510 851 4544 nec
870 4490 947 4545 aliter
965 4488 1179 4544 accuratissimus
1198 4486 1242 4539 ille
1261 4487 1377 4559 bangius
