3517 5450
686 704 892 752 ransuoxou.
909 708 957 760 vr„
981 709 1050 755 eins
1073 710 1094 757 r.
1349 690 1423 766 263

660 861 1010 941 Pauauoxom
1044 871 1111 944 Vl.

464 1054 559 1140 “Ori
605 1056 710 1157 μόνος
746 1055 764 1135 ὁ
791 1059 902 1163 σοφὸς
929 1059 1135 1144 diodotus:

472 1222 614 1309 [Solum
643 1222 850 1316 sapientem
884 1248 964 1289 esse
995 1228 1175 1319 divitem]

431 1428 531 1505 Quae
554 1435 603 1492 esi
629 1431 690 1493 ista
714 1430 747 1491 in
768 1432 1076 1494 commemoranda
1111 1439 1253 1515 peounia
1278 1443 1339 1506 tua
1365 1447 1461 1514 tumr

364 1567 503 1631 insolens
528 1571 728 1632 ostentatio?
780 1567 926 1632 Solusne
955 1573 992 1633 tu
1020 1572 1140 1637 dives?
1195 1576 1261 1641 Pro
1298 1580 1345 1643 dii
1379 1585 1443 1651 im.

363 1708 535 1782 mortales,
561 1726 668 1788 egone
695 1726 747 1770 me
773 1708 942 1773 audivisse
967 1712 1097 1792 aliquid
1125 1720 1157 1777 et
1185 1718 1344 1783 didicisse
1369 1742 1437 1787 non

362 1840 548 1917 gaudeam?
599 1841 740 1907 Solusno
775 1843 890 1908 divos‘.i
944 1845 1052 1923 Quid,
1087 1850 1114 1911 si
1147 1868 1190 1911 ne
1224 1850 1316 1915 dives
1353 1858 1429 1935 qui-

361 1976 451 2042 demi
481 1980 578 2059 quid,
604 1981 632 2042 si
659 1997 785 2060 pauper
811 1980 932 2043 etiami
997 1982 1107 2059 Quem
1141 1987 1231 2048 enim
1264 1988 1423 2068 intelligi·

362 2122 427 2179 mus
441 2116 603 2180 divitem?
629 2122 686 2180 aut
699 2118 770 2179 hoo·
782 2117 920 2180 verbum
938 2118 971 2179 in
989 2136 1056 2199 quo
1070 2120 1207 2185 homine
1235 2124 1417 2202 ponimus?

362 2251 489 2333 Opinor
507 2254 541 2315 in
564 2271 616 2330 eo,
643 2255 695 2317 oui
718 2257 807 2318 tantu
833 2257 1000 2335 possessio
1027 2261 1086 2333 est,
1113 2261 1149 2321 ut
1175 2258 1218 2323 ad
1235 2260 1418 2326 liberaliter

361 2390 535 2454 vivendum
557 2390 654 2454 facile
680 2395 852 2455 contentus
879 2392 935 2456 sit:
972 2395 1028 2473 qui
1049 2394 1127 2457 nihil
1157 2402 1305 2475 quaerat,
1333 2399 1415 2461 nihil

361 2530 506 2608 appetat,
533 2528 730 2607 nihiloptet
758 2503 908 2610 amplius.
968 2531 1104 2600 Animus
1129 2536 1259 2611 oportet
1281 2537 1355 2597 tuus
1381 2539 1414 2599 lo

360 2663 478 2728 iudicet
504 2662 654 2741 divitem,
681 2681 749 2727 non
776 2665 949 2729 hominurn
976 2681 1104 2742 sermo,
1139 2684 1246 2748 neque
1280 2686 1413 2749 posses·

360 2801 466 2864 siones
490 2804 583 2865 tuae:
610 2800 691 2863 nihil
706 2800 769 2863 sibi
788 2802 904 2865 deesse
921 2805 1021 2882 putet
1048 2802 1127 2865 nihil
1151 2807 1242 2866 curet
1260 2806 1411 2886 amplius.

360 2900 501 3002 Satiatus
518 2940 567 3000 est
587 2941 643 3000 aut
668 2941 841 3034 contentus
868 2940 969 3002 eiiam
992 2939 1147 3019 pecunia:
1173 2941 1331 3018 concedo,
1359 2942 1411 3005 di-

359 3077 424 3140 ves
438 3093 485 3139 es.
537 3074 732 3139 sinautem
759 3079 894 3155 propter
924 3074 1113 3138 aviditatem
1148 3074 1307 3156 pecuniae
1334 3079 1409 3140 nul-

357 3211 421 3274 lum
441 3213 615 3290 quaestum
642 3214 771 3288 turpem
797 3213 912 3290 putas,
940 3226 1041 3288 quum
1067 3210 1118 3271 isti
1136 3210 1252 3274 ordini
1276 3231 1318 3276 ue
1346 3214 1409 3277 ho-

356 3353 464 3410 nestus
490 3345 623 3426 quidem
649 3345 754 3426 possit
779 3361 851 3407 esse
879 3345 980 3406 ullus:
1018 3343 1045 3404 si
1082 3344 1227 3420 quotidie
1263 3347 1408 3426 fraudas,

355 3482 492 3564 deoipis,
525 3482 652 3562 poscis,
690 3480 883 3560 paoisoeriS,
899 3511 901 3513 ·
918 3477 1047 3552 aufers,
1082 3478 1198 3557 eripis:
1231 3481 1259 3541 si
1296 3482 1407 3544 socios

353 3620 484 3699 spolias,
510 3617 676 3681 aerarium
702 3616 847 3695 expilas:
861 3616 902 3678 vsi
925 3618 1119 3678 testamenta
1139 3615 1322 3679 amicorum
1343 3635 1405 3681 ex-

354 3763 500 3845 spectas,
528 3759 585 3817 aut
608 3770 650 3816 ne
672 3747 843 3832 exspiratus
867 3751 1018 3832 quidem,
1051 3755 1149 3831 atque
1182 3753 1253 3832 ipse
1280 3769 1406 3833 suppo-

354 3897 418 3969 nis;
456 3895 541 3958 haec
568 3896 677 3955 utrum
704 3890 923 3967 abundantis,
956 3909 999 3955 an
1036 3872 1161 3970 egentis
1187 3890 1281 3970 signa
1307 3870 1405 3954 sunl?

352 4036 487 4097 Animus
522 4030 665 4094 hominis
708 4027 816 4107 dives,
860 4045 927 4091 non
974 4046 1069 4104 area,
1112 4029 1273 4110 appellari
1312 4029 1405 4092 solet.

352 4170 511 4250 Quamvis
539 4167 596 4230 illa
622 4166 662 4229 sit
688 4167 805 4246 plena,
832 4165 910 4228 dum
937 4170 969 4227 te
989 4166 1122 4228 inanem
1147 4164 1285 4241 videbo,
1321 4163 1406 4225 divi-

332 4311 412 4370 tem
440 4321 512 4368 non
540 4302 674 4382 putabo.
742 4301 870 4365 Etenim
910 4318 953 4363 ex
991 4317 1051 4380 eo,
1087 4306 1247 4381 quantum
1288 4300 1406 4376 cuique

349 4446 425 4511 salis
454 4444 523 4516 est,
547 4439 724 4503 metiuntur
749 4439 900 4502 homines
925 4437 1123 4507 divitiarum
1148 4438 1292 4506 modum.
1352 4434 1408 4498 Fi·
