3517 5450
662 722 858 772 runuooxon
881 724 924 770 tv.
953 724 1023 771 cur.
1044 725 1066 771 1.
1317 699 1389 775 185

408 886 508 959 quidus
526 903 594 956 resp.
606 885 709 938 invicto
726 885 804 951 stut,]
825 884 912 949 „Ven
930 884 1022 956 [quam
1043 885 1154 938 eandem
1170 904 1225 939 esse
1245 905 1306 940 cum
1324 887 1394 942 Vict.

343 977 372 1031 ait
389 975 453 1042 0r.]
474 975 545 1026 Meis
564 973 644 1030 curis,
663 974 773 1044 vigiliis,
791 972 918 1036 consiliis,
935 982 1010 1024 sture
1025 982 1051 1023 te
1068 973 1229 1025 invitissimo
1247 993 1327 1043 remp.
1346 974 1394 1028 i.e.

343 1063 405 1117 lanc
424 1062 534 1115 laudem
554 1071 723 1115 conservatae
742 1080 756 1113 a
777 1079 820 1112 me
837 1060 914 1131 Reip.
935 1089 967 1099 -
1016 1059 1094 1128 Quae
1121 1073 1150 1114 ut
1176 1080 1231 1115 non
1258 1061 1393 1133 improbo,

342 1152 370 1204 ita
400 1170 459 1204 non
487 1148 572 1202 ausim
598 1148 734 1202 affirmare
760 1167 810 1219 pro
836 1147 887 1200 illis
918 1149 1075 1219 reponenda
1104 1152 1187 1204 esse.“
1221 1153 1393 1204 Gamerae.

342 1239 442 1309 Quibus
472 1255 541 1306 resp.
567 1247 595 1288 te
620 1236 781 1288 invitissimo
807 1246 880 1288 stat:
914 1235 959 1289 Est
982 1237 1121 1303 Lambini,
1145 1238 1189 1290 sed
1218 1249 1312 1291 mutuo
1338 1240 1394 1291 sere

342 1337 478 1396 sumptum
499 1344 513 1378 a
537 1323 707 1389 Victoriana,
736 1342 805 1394 qnae
822 1323 890 1374 mire
915 1334 1004 1376 tamen
1023 1324 1121 1379 dicedit
1140 1345 1154 1378 a
1173 1324 1291 1397 vulgatis.
1329 1326 1394 1381 Pall.

341 1413 433 1467 lorum
456 1411 521 1465 nihil
541 1412 654 1465 omnino
672 1411 787 1476 habeon
815 1430 964 1482 expressere
989 1413 1061 1466 enim
1079 1414 1151 1467 seres
1180 1413 1301 1484 vigilios,
1332 1433 1396 1466 cou-

342 1501 399 1552 siliu
416 1502 447 1552 in
461 1519 541 1569 remp.
550 1519 559 1560 ,·
578 1501 602 1550 st'
619 1500 702 1551 leuius
713 1510 761 1553 etc
779 1499 917 1571 quomodo
929 1499 985 1553 lere
996 1499 1024 1552 in
1039 1501 1156 1555 editione
1170 1501 1269 1573 prima:
1289 1521 1394 1571 nempe,

341 1589 450 1641 consiliu
470 1588 495 1639 si
514 1606 595 1657 remp.
613 1587 637 1639 si
655 1587 744 1640 tutus.
790 1585 951 1639 Gulielmius
974 1570 1106 1660 prompsit
1129 1608 1157 1642 en
1183 1588 1283 1643 Metelli
1310 1588 1395 1641 libro:

340 1675 457 1727 simodo
476 1674 586 1727 iuventa
613 1675 642 1726 iu
660 1694 731 1743 ιαμ,
759 1675 846 1740 unde,
873 1675 894 1728 si
918 1675 1001 1742 ausit,
1026 1676 1113 1729 libens
1138 1677 1231 1730 lecerit
1258 1679 1283 1729 si
1301 1696 1394 1729 monu-

340 1774 428 1815 menta
440 1763 470 1814 in
481 1781 536 1831 rep.
562 1762 665 1814 Verum
677 1762 821 1833 desperatis
839 1762 929 1834 potius
941 1763 1148 1817 abstineamus.“
1166 1762 1261 1817 Grut.
1288 1764 1397 1830 „Mem-

340 1850 439 1904 branae
469 1860 572 1915 tamen,
599 1847 721 1902 laudatae
746 1851 829 1922 patri,
867 1847 965 1904 habent
990 1863 1021 1904 nt
1049 1851 1191 1904 Victorius.
1242 1850 1272 1903 ln
1299 1852 1395 1923 quibus

337 1950 410 1993 certe
430 1955 488 1990 non
507 1936 637 1990 sententia
655 1936 752 2003 modo,
777 1937 823 1990 sed
848 1937 977 1990 sententia
1003 1937 1114 2005 melior,
1133 1958 1214 2009 quam
1240 1939 1267 1993 in
1287 1939 1396 1992 Lambi-

337 2028 421 2079 niano
442 2025 493 2078 isto
512 2033 564 2090 est,
583 2024 676 2095 utique
694 2025 790 2096 digna,
816 2044 885 2097 qnae
904 2028 937 2079 ab
962 2025 1012 2079 hae
1031 2025 1185 2079 varietatum
1204 2028 1232 2078 in
1253 2027 1395 2080 scribendo

335 2113 468 2185 congerie
487 2111 644 2183 neutiquam
663 2123 796 2165 mereatur
814 2112 933 2165 abesse.“
953 2111 1102 2167 Gronov.
1141 2114 1298 2180 [Probarem
1318 2115 1395 2186 equi·

334 2199 398 2254 dem
419 2199 553 2253 Gronorii
567 2199 738 2265 sententiam,
763 2199 783 2252 si
801 2199 930 2271 scriptum
958 2209 1025 2253 esset
1048 2202 1132 2252 animi
1156 2203 1207 2254 mei
1224 2204 1394 2256 conscien-

334 2290 427 2340 tium
447 2288 514 2356 (nec
532 2306 593 2340 vero
613 2287 802 2353 constantiu)].
850 2285 950 2352 „Liber
972 2286 1041 2341 Pitlr.
1067 2289 1179 2341 consiliu
1207 2291 1233 2342 si
1256 2294 1296 2342 mi
1322 2295 1350 2344 ri
1368 2295 1397 2361 ᾗ.

334 2377 416 2431 Alius
435 2375 519 2429 eiusd.
542 2375 654 2428 consiliu
676 2375 705 2426 iu
723 2393 803 2444 remp.
831 2373 880 2427 Ed.
910 2373 1037 2446 Gryphii:
1063 2377 1175 2428 consiliu
1206 2377 1304 2449 quibus
1329 2398 1397 2449 resp.

334 2465 446 2518 invicto
466 2474 535 2516 stat.
583 2463 730 2533 Receptam
754 2473 875 2515 tamena
896 2461 1014 2516 Grutero
1032 2464 1176 2518 lectionem
1196 2465 1260 2518 olim
1278 2465 1395 2536 Longius

334 2572 452 2625 quoque
477 2552 505 2604 in
529 2570 575 2604 sua
604 2562 675 2604 tenet
693 2551 810 2604 editione
837 2551 1077 2604 emendatissima
1102 2551 1221 2607 Graes.
1269 2553 1397 2606 Ernestus

333 2640 393 2712 ipse
415 2639 451 2692 ad
468 2639 493 2691 h.
513 2638 531 2691 l.
549 2637 614 2691 nihil
633 2639 785 2693 annotarit:
810 2638 933 2692 addimus
952 2651 1041 2692 tamen
1060 2659 1089 2692 en
1107 2640 1163 2694 eins
1180 2640 1231 2694 Ed.
1250 2652 1276 2694 et
1295 2640 1397 2694 Gernlr.

334 2726 471 2784 lectiones
489 2728 575 2783 codd.
595 2727 659 2781 Oxx.
704 2727 738 2782 Et
756 2727 834 2781 habet
851 2726 886 2781 U.
911 2730 1023 2781 consiliu
1040 2731 1070 2781 in
1088 2748 1183 2798 remp„
1211 2730 1239 2783 in
1259 2730 1353 2784 eodem
1372 2743 1397 2785 et

334 2816 369 2873 E.
388 2818 426 2871 N.
445 2818 544 2871 desunt
570 2818 648 2870 rerba
668 2816 819 2888 quibus-
839 2826 914 2883 stat,
938 2836 1055 2889 quorum
1082 2817 1144 2871 loeo
1171 2819 1199 2870 in
1228 2817 1248 2871 l.
1267 2830 1293 2872 et
1312 2837 1341 2881 ψ.
1360 2830 1398 2873 est

334 2897 400 2961 eum
420 2908 486 2959 meis
505 2906 577 2957 curis
596 2905 748 2977 vigiliisque
767 2924 836 2974 resp.
854 2905 959 2958 invicta
977 2916 1044 2958 stnt.
1093 2905 1165 2958 Tum
1185 2905 1214 2958 E.
1240 2907 1270 2957 si
1287 2906 1398 2973 cuius,

335 2992 359 3049 Ι.
375 2997 403 3049 si
422 2994 499 3046 modo
518 3012 598 3063 remp.
617 2994 641 3046 si
657 2992 709 3044 ius.
746 2991 778 3044 N.
797 2993 823 3043 si
840 2993 916 3045 modo
936 3011 1016 3064 remp.
1036 2995 1139 3048 siliis.
1175 2994 1206 3047 E.
1225 2997 1330 3047 externi
1348 3015 1397 3066 pro

335 3083 456 3136 oeterni.
494 3079 528 3134 U.
547 3099 606 3135 eam
625 3097 716 3134 rocem
737 3078 841 3133 omittit.
878 3080 907 3131 M
915 3100 937 3133 r.

414 3167 522 3238 Quibus
540 3186 582 3220 res
604 3166 715 3238 publico
734 3167 796 3235 etc]
833 3168 957 3237 „Quibus
980 3189 1022 3223 res
1046 3170 1157 3240 publico
1182 3181 1255 3236 stat,
1282 3170 1396 3225 sedecim

335 3260 403 3312 mei.
441 3260 524 3309 Stare
540 3254 733 3310 firmitudinem
753 3256 890 3327 quandam
908 3255 996 3311 habet.
1015 3288 1051 3299 -
1087 3262 1205 3310 Mentem
1224 3258 1295 3324 dicit,
1315 3277 1396 3331 quam

336 3366 366 3401 se
386 3347 524 3416 accepisse
549 3363 567 3395 o
586 3346 637 3397 diis
663 3342 858 3395 immortalibus
883 3344 920 3396 ait
937 3342 1015 3397 Catil.
1032 3343 1078 3397 ΠΙ,
1096 3345 1133 3410 [9,
1152 3346 1215 3411 2².].
1235 3373 1269 3383 —
1307 3344 1395 3395 Verba

337 3437 407 3488 nutri
426 3435 573 3504 eripuisses
591 3433 720 3487 absunta
743 3440 829 3484 vetere
855 3448 925 3483 meo.
962 3432 1034 3484 Mitti
1058 3432 1130 3484 deest
1154 3432 1181 3483 in
1212 3434 1296 3483 uno.“
1325 3431 1396 3482 Μὰ.

338 3520 474 3577 Manut.
518 3522 601 3575 Abest
624 3523 690 3574 milti
714 3524 792 3574 etiam
818 3539 833 3572 a
858 3518 944 3572 Codd.
969 3519 1076 3585 Ono.
1116 3518 1197 3571 Bern.
1224 3518 1283 3571 Bas.
1306 3518 1396 3572 Guels.

339 3610 463 3666 Guda.
479 3640 515 3650 -
534 3609 652 3674 Gerulu,
671 3610 764 3682 quiin
785 3608 833 3660 Ed.
852 3609 938 3679 Lugd.
956 3612 1034 3664 1556.
1055 3607 1193 3679 reperisset
1213 3606 1311 3678 quibus
1329 3624 1398 3674 resp.

337 3700 592 3754 invictissima
619 3708 692 3757 stat,
719 3699 747 3752 in
775 3718 805 3751 ea
824 3696 883 3751 fieri
902 3698 964 3752 dixit
983 3698 1123 3753 transitum
1142 3696 1174 3749 ad
1196 3714 1283 3747 veram
1302 3694 1397 3748 lectio-

339 3806 416 3843 nem.
454 3788 513 3841 Mr.

417 3875 537 3926 divinam
556 3903 590 3913 -
613 3874 761 3942 iniuriam]
799 3875 947 3943 „Iniuriam
970 3875 1131 3947 accipimus,
1159 3872 1312 3926 Stoicorum
1337 3874 1398 3945 qui·

339 3964 406 4017 dem
426 3963 570 4035 opinione,
589 3962 692 4034 siquid
712 3974 833 4017 nostrum
846 3965 924 4017 nobis
943 3964 1070 4035 eripitur:
1088 3974 1208 4016 nostrum
1226 3974 1315 4017 autem
1335 3962 1398 4015 nihil

340 4064 398 4117 est,
418 4050 467 4103 nisi
487 4050 560 4121 quod
579 4050 612 4103 ad
631 4051 751 4103 animum
771 4054 893 4123 pertinet.
930 4053 967 4106 lta
987 4051 1097 4104 Clodius
1116 4050 1240 4104 Ciceroni
1267 4070 1322 4103 non
1349 4071 1398 4120 po-

340 4142 396 4193 tuit
414 4141 518 4211 cripere
537 4139 726 4206 constantiam,
756 4160 824 4211 quae
851 4153 888 4193 est
918 4159 979 4211 pars
1006 4139 1181 4204 tortitudinis,
1210 4156 1297 4207 neque
1323 4155 1399 4189 curas

341 4240 374 4282 et
393 4228 492 4300 vigilias
521 4239 547 4281 et
570 4227 693 4294 consilia,
723 4248 791 4300 quae
820 4240 883 4281 sunt
906 4228 1063 4300 prudentiae
1091 4240 1116 4280 et
1144 4225 1265 4279 iustitiae.
1305 4222 1398 4293 Neque

340 4316 427 4367 etiam
445 4336 474 4369 en
493 4315 589 4369 animis
607 4316 703 4370 civium
724 4315 810 4387 potuit
828 4316 916 4368 delere
944 4327 1047 4386 gratam
1076 4313 1288 4368 recordationem
1316 4311 1399 4364 bene·

342 4399 485 4470 stolorum,
512 4403 609 4475 quibus
633 4425 689 4457 rem
718 4405 852 4477 publicam
879 4406 1007 4459 affecerat
1033 4403 1186 4458 Catilinas-ia
1213 4399 1397 4453 coniuratione

343 4493 542 4562 opprimenda,
567 4512 616 4547 nec
635 4495 751 4565 denique
777 4496 801 4548 ei
821 4495 905 4565 potuit
931 4494 1035 4565 eripere
1064 4493 1136 4545 illam
1163 4499 1297 4554 mentem,
1327 4488 1397 4543 unde
