3517 5450
355 730 425 774 ΧΧΧ
522 724 758 772 ruotuuottuut
787 725 828 769 ΑΙ)
858 722 1027 770 CICERONIS
1053 724 1240 772 rtuauottA.

357 889 420 941 anui
442 900 569 957 tempore.
614 887 764 938 Secundum
788 897 877 937 autem
898 885 1072 951 Paradoxon,
1100 887 1172 958 quod
1197 885 1276 941 habet
1302 889 1328 941 in
1351 891 1403 942 Cle

357 979 445 1042 dium,
465 975 583 1047 quamvis
602 993 656 1027 non
677 972 861 1036 nominatum,
881 973 1013 1038 convicia,
1040 986 1111 1027 certe
1139 988 1200 1029 ante
1219 974 1308 1028 Clodii
1337 996 1403 1029 mor·

356 1078 424 1130 tem,
445 1083 524 1136 quam
544 1083 573 1115 ex
592 1060 730 1115 Ciceronis
748 1061 833 1113 verbis
853 1080 886 1113 ne
905 1062 1032 1132 suspicari
1051 1063 1159 1134 quidem
1184 1064 1260 1130 licet,
1281 1067 1403 1136 scriptun

356 1164 409 1218 est,
430 1152 546 1205 velante
566 1150 671 1204 exilium
691 1148 844 1214 Ciceronis,
869 1148 907 1202 vel
927 1163 987 1221 post
1018 1151 1147 1217 reditum,
1174 1173 1257 1224 quum
1286 1154 1308 1207 is
1332 1155 1403 1208 etiau

356 1253 411 1294 tum
434 1240 557 1292 adversus
574 1237 735 1292 Ciceronem
754 1238 843 1290 lurere
862 1250 1001 1310 pergeret,
1021 1241 1093 1310 quod
1112 1240 1175 1294 item
1193 1242 1314 1312 apertius
1332 1243 1403 1296 etian

357 1330 427 1384 cadit
445 1330 471 1382 in
491 1329 648 1381 Paradoxon
668 1337 811 1398 quartum,
831 1345 886 1395 qun
904 1325 983 1397 plane
1001 1327 1149 1398 significat,
1168 1349 1195 1381 se
1214 1341 1274 1400 post
1295 1331 1403 1383 reditun

355 1421 388 1472 ab
407 1417 483 1471 exilio
501 1418 633 1471 scribere:
652 1415 683 1467 iis
701 1426 788 1468 autem
809 1414 891 1467 utitur
911 1415 1008 1481 verbis,
1037 1436 1105 1488 quae
1133 1429 1269 1470 recentem
1298 1420 1402 1489 proder

358 1509 481 1561 videntur
499 1506 636 1572 dolorem,
655 1504 687 1555 de
704 1515 788 1556 morte
808 1503 948 1556 adversarii
969 1515 1065 1557 tacent.
1111 1503 1220 1576 Colligit
1241 1506 1305 1558 inde
1317 1489 1401 1561 'Schti

356 1597 420 1648 taius
439 1614 469 1647 ea
490 1595 587 1663 scripta
607 1611 661 1644 esse
680 1611 703 1644 a.
720 1592 753 1644 U.
773 1611 795 1645 c.
815 1595 876 1645 ost.
903 1594 931 1644 iu
951 1612 1033 1663 quem
1058 1593 1182 1648 incidunt
1205 1594 1257 1662 illi,
1284 1595 1312 1648 in
1348 1607 1402 1667 qu'o

357 1683 502 1748 invehitur,
521 1680 608 1734 Clodii
628 1681 739 1733 furores.
788 1681 920 1749 Quintum
938 1692 1026 1733 autem
1046 1681 1220 1750 Paradoxon,
1244 1704 1403 1757 quamquau

357 1771 394 1824 vel
415 1772 443 1822 L.
461 1769 602 1822 Lucullum
622 1767 661 1820 vel
683 1767 718 1834 Q
738 1768 909 1820 Hortensium
939 1781 1049 1840 tangere
1078 1770 1180 1823 ridetur
1203 1771 1308 1843 aliquot
1339 1774 1403 1829 locis

358 1860 502 1931 quominus
521 1869 609 1912 tamen
629 1877 700 1908 anno
719 1860 780 1909 tut.
809 1856 938 1927 scriptum
964 1877 1019 1909 esse
1038 1869 1178 1927 putemus,
1202 1858 1268 1912 nihil
1294 1861 1403 1933 impedi*

356 1947 449 2015 Quum
468 1966 530 1999 vero
549 1946 663 1998 dubitari
680 1965 735 1997 nou
754 1943 850 2015 possit,
880 1944 944 2015 quin
961 1945 1122 1999 Paradoxon
1146 1959 1253 2000 sextum
1272 1950 1312 2003 M.
1333 1951 1402 2004 Cras

356 2056 430 2101 sum,
449 2036 555 2089 divitem
573 2035 649 2087 illum
669 2033 843 2105 perstringat,
870 2033 933 2103 quia
952 2034 1035 2087 refert
1062 2035 1118 2088 eius
1135 2035 1251 2103 dictum,
1284 2041 1403 2090 mutinen

355 2143 411 2177 esse
429 2125 552 2188 divitem,
579 2123 633 2174 nisi
652 2124 700 2193 qui
726 2125 873 2174 exercitum
892 2123 964 2174 olere
981 2124 1067 2192 possit
1086 2125 1144 2175 suis
1163 2126 1308 2194 fructibus
1325 2130 1403 2196 (coni

355 2213 388 2265 de
408 2211 465 2265 Oll.
485 2211 503 2276 l,
524 2211 577 2279 8.),
597 2229 648 2263 uec
667 2230 728 2262 vero
748 2210 781 2262 de
799 2207 888 2262 Crassi
907 2222 1007 2276 morte,
1034 2224 1107 2265 trans
1125 2212 1290 2284 Euphratem
1311 2216 1403 2269 bellun

357 2320 419 2372 cum
439 2299 544 2353 Parthis
560 2298 689 2369 gerentis,
710 2297 753 2351 fiat
772 2297 889 2363 mentio,
916 2318 983 2369 quae
1003 2319 1075 2352 mors
1094 2301 1189 2372 obtigit
1207 2322 1230 2354 a.
1250 2307 1318 2369 70⁰,
1349 2305 1403 2356 iten

355 2389 421 2442 illud
440 2389 468 2441 in
486 2406 587 2440 anuum
608 2398 667 2457 post
685 2385 799 2439 reditum
820 2387 853 2439 ab
873 2387 949 2439 exilio
968 2389 1144 2442 reiiciendum
1163 2392 1221 2456 erit,
1240 2390 1279 2443 vel
1291 2392 1319 2443 in
1340 2412 1403 2445 eum

358 2496 412 2548 quo
432 2475 542 2528 Crassus
566 2493 627 2528 cum
647 2475 777 2546 Pompeio
801 2474 915 2527 alterum
945 2477 1054 2546 gerebat
1078 2478 1262 2547 consulatum,
1289 2501 1314 2534 a.
1336 2480 1369 2533 U.
1390 2501 1403 2533 ι

358 2569 417 2620 698.
453 2565 594 2617 Diversum
614 2563 695 2634 igitur
714 2582 768 2616 esse
787 2564 822 2617 ait
842 2575 867 2616 et
887 2564 980 2617 decem
999 2585 1134 2619 annorum
1153 2567 1294 2621 intervallo
1314 2569 1402 2622 distas·

357 2666 472 2727 tempus,
493 2673 547 2724 quo
566 2653 662 2723 scripta
682 2653 734 2704 sint
754 2651 917 2719 secuudum,
942 2665 1067 2724 quartum
1095 2667 1121 2707 et
1145 2665 1262 2721 sextum,
1294 2677 1309 2710 a
1330 2657 1403 2712 triun

356 2745 523 2816 reliquorum
541 2753 567 2795 et
586 2741 721 2794 Prooemii
739 2742 892 2813 scriptione·
928 2742 1021 2814 Neque
1040 2744 1067 2795 in
1087 2744 1165 2797 aliam
1184 2745 1285 2798 abeunt
1302 2757 1399 2799 senten

357 2834 419 2885 tiam
440 2831 469 2883 F.
490 2829 643 2881 llandius
661 2829 688 2880 in
708 2828 793 2892 libro,
814 2828 859 2900 qui
879 2830 979 2899 prodiit
997 2851 1020 2883 a.
1039 2836 1124 2885 1827:
1143 2832 1236 2886 Ersclr.
1256 2834 1403 2887 u.Gruber

358 2919 469 2990 Allgem.
488 2916 638 2989 Encylrlop.
657 2916 690 2970 T.
709 2916 792 2971 XVll.
812 2937 838 2987 p.
859 2919 920 2970 237.
939 2929 964 2971 et
983 2920 1021 2970 vir
1039 2919 1147 2986 doctus,
1165 2922 1211 2991 qui
1231 2924 1335 2975 curavit
1351 2918 1403 2974 edi·

357 3009 457 3064 tionem
477 3006 703 3059 l'eubnerianam.

429 3098 530 3148 Contra
556 3093 715 3148 Schiitzii
744 3095 902 3148 senteutiam
928 3097 1030 3167 primus
1049 3108 1154 3151 exortus
1177 3108 1215 3151 est
1236 3098 1401 3152 Gernlrar·

359 3185 418 3237 dus
437 3184 542 3248 dicens,
561 3181 733 3247 Ciceronem,
752 3182 772 3235 si
793 3184 912 3237 vixissent
929 3186 957 3251 ii,
979 3205 1048 3257 quos
1066 3185 1165 3257 alloqui
1186 3186 1326 3251 videretur,
1343 3184 1397 3236 Clo

350 3274 416 3328 'dius
435 3285 460 3326 et
479 3274 603 3338 Crassus,
623 3273 725 3325 cautius
744 3271 934 3325 declamitasse:
954 3273 974 3325 si
995 3275 1107 3328 mortuis
1127 3275 1158 3326 iis
1176 3276 1325 3346 scripserit,
1342 3266 1394 3325 nihil

359 3381 434 3434 posse
453 3381 481 3413 ex
501 3360 610 3413 istorum
630 3359 770 3413 homiuum
789 3360 967 3431 descriptione
997 3374 1024 3415 et
1048 3362 1169 3415 simulata
1197 3364 1354 3417 allocutione
1368 3356 1393 3411 ad

357 3449 500 3521 temporis,
528 3468 583 3520 quo
602 3448 751 3519 scripserit,
770 3448 953 3502 definitionem
973 3450 1083 3521 exquiri.
1129 3450 1186 3502 Cur
1206 3452 1295 3518 enim,
1314 3446 1391 3521 inquit.

357 3540 410 3591 irae
430 3539 457 3590 in
486 3539 563 3603 istos,
592 3537 656 3590 dum
683 3539 812 3602 virerent,
841 3538 1037 3604 satisfacturus,
1064 3539 1155 3591 exilem
1186 3539 1256 3593 hauc
1280 3530 1391 3592 Paradotl

358 3626 586 3698 opportunitatem
620 3626 790 3696 quaesiverit,
823 3626 897 3697 quasi
928 3626 1082 3679 Stoicorum
1111 3628 1219 3679 demum
1248 3620 1392 3699 argumentis

358 3713 479 3768 convinci
499 3724 570 3766 tanta
590 3714 688 3766 scelera
707 3726 829 3785 possent,
855 3726 902 3768 aut
918 3716 1022 3786 gravius
1042 3716 1127 3767 notari
1146 3716 1217 3787 apud
1237 3708 1391 3788 prudentissi·

357 3821 415 3855 mos
433 3799 470 3871 (ᾗ.
489 3804 530 3868 3.)
560 3801 713 3873 loquendo,
740 3822 821 3874 quam
852 3804 880 3855 in
908 3805 968 3856 soro
989 3803 1092 3868 Clodii,
1123 3814 1149 3855 et
1175 3804 1222 3857 vivi
1252 3816 1279 3858 et
1303 3797 1392 3857 mortui

358 3890 526 3962 aliorumque
554 3891 694 3943 hominum
719 3889 911 3962 flagitiosorum
941 3891 1052 3958 scelera,
1087 3891 1162 3943 nullo
1187 3892 1310 3946 factionis
1336 3896 1392 3942 mett¹

360 3978 479 4043 territus,
499 3978 686 4050 descripserit?
722 3978 778 4032 Cur
796 3980 884 4032 forma
903 3980 1071 4033 declamandi
1092 3991 1225 4046 uteretur,
1256 4001 1323 4053 quae
1346 3991 1393 4051 pet·

359 4066 578 4137 stringendorum
597 4067 786 4121 sceleratorum
808 4068 918 4121 nomina
937 4069 1019 4122 taceri
1037 4069 1089 4122 sive
1108 4068 1220 4133 iuberet,
1238 4068 1291 4121 sive
1307 4078 1396 4141 patere·

358 4156 422 4208 tur?
458 4154 487 4207 Si
506 4154 599 4208 decem
618 4155 726 4208 demum
744 4156 821 4208 anuis
839 4155 891 4209 hoc
911 4168 962 4210 tam
984 4176 1095 4227 parrum
1115 4155 1274 4227 opusculum
1294 4146 1397 4209 absolvit.

358 4243 495 4317 quomodo
514 4243 647 4313 scripserit
665 4242 761 4297 Cicero
789 4244 962 4297 lucubratum
990 4264 1046 4297 esse
1065 4246 1118 4296 his
1137 4246 1147 4295 i
1154 4264 1204 4295 am
1223 4232 1398 4296 contractiori·

359 4331 407 4383 bus
425 4330 568 4384 noctibus?
604 4331 686 4398 Quod
706 4331 726 4383 si
746 4350 871 4403 quaeras,
899 4352 949 4385 cur
971 4333 1004 4386 de
1026 4331 1114 4385 Clodii
1139 4334 1280 4404 Crassique
1304 4323 1403 4384 interllu

360 4418 425 4471 nihil
444 4419 555 4473 dixerit?
585 4420 610 4472 id
630 4420 734 4491 ipsum,
755 4422 911 4491 respondet,
942 4442 975 4474 ne
995 4416 1112 4475 decuisse
1138 4421 1263 4492 quidem,
1293 4421 1318 4472 in
1343 4420 1403 4490 (1110ε

362 4524 489 4583 tanquam
508 4510 578 4561 vivos
595 4520 798 4580 praesentesque
816 4510 1002 4577 inveheretur,
1031 4510 1178 4563 eorundem
1207 4509 1314 4563 interitu
1332 4509 1402 4559 enat
