3517 5450
672 742 867 793 mmnoxon
891 743 913 790 1.
957 744 1026 792 cnr.
1047 746 1069 792 t.
1346 721 1396 793 47

348 903 409 968 diri,
438 899 568 956 Ciceroni
588 901 768 966 usitatiorem,
796 919 812 954 a
831 899 946 954 librariis
964 902 1114 973 saepissime
1133 913 1261 957 mutatam
1281 903 1396 957 sormam

347 991 411 1043 edidi
438 1010 502 1043 cum
529 988 580 1042 Or.
607 1008 636 1041 ex
659 988 728 1041 Edd.
746 988 840 1040 Lamh.
863 987 896 1040 Η.
914 988 1001 1044 Wolf.
1020 988 1107 1044 Gron.
1126 992 1208 1044 Verb.
1227 990 1293 1044 Ern.
1311 991 1396 1045 Wete.

346 1077 419 1133 Selia.
439 1077 524 1148 Borg.
543 1077 631 1130 Nobb.
674 1075 767 1144 Quare
784 1075 886 1140 miror,
914 1077 988 1146 quod
1006 1075 1108 1130 Gernh.
1126 1078 1233 1150 scripsit
1249 1097 1277 1131 se
1294 1078 1396 1131 nescire

347 1166 413 1220 unde
433 1166 501 1218 Ern.
519 1166 545 1216 si
566 1165 612 1235 qui
631 1163 741 1229 dederit,
760 1173 787 1216 et
807 1181 859 1234 que
878 1163 1045 1217 auctoritate.
1082 1163 1160 1218 Unus
1177 1163 1248 1218 Gud.
1260 1164 1293 1217 Α.
1310 1167 1334 1217 si
1349 1184 1396 1233 pe-

347 1272 402 1314 cus,
428 1251 528 1304 omissa
549 1270 613 1305 voce
632 1250 726 1302 media.
762 1248 835 1301 Idem
854 1247 882 1300 in
898 1269 972 1320 seqq.
991 1252 1183 1323 compendium
1203 1253 1298 1320 habet,
1324 1253 1396 1325 quod

347 1339 475 1410 significat
495 1338 649 1391 amiserim.
684 1337 716 1389 Ei
736 1336 793 1389 voci
812 1347 872 1406 post
890 1339 1098 1407 suppellectilem
1113 1342 1290 1411 praeponitur
1303 1343 1398 1397 dicam,

347 1445 487 1498 perperam
500 1425 642 1497 repetitum
656 1444 685 1478 er
700 1422 891 1494 superioribus,
911 1425 938 1476 in
951 1424 1018 1478 Cod.
1031 1427 1135 1480 eodem.
1170 1429 1194 1479 tt
1210 1427 1250 1479 dv.
1261 1427 1397 1496 suppellex

347 1513 407 1568 baec
425 1514 567 1567 annotavit
584 1514 672 1584 Wytt.
696 1512 724 1565 in
742 1509 860 1566 Scholia:
888 1510 945 1577 „lta
964 1512 1091 1567 dicuntur
1113 1514 1203 1567 omnia
1222 1514 1397 1567 instrumenta

348 1611 370 1656 et
386 1622 462 1669 vasa,
492 1601 592 1673 quibus
615 1600 712 1653 domus
734 1608 847 1652 ornatur
870 1609 898 1652 et
918 1599 952 1651 ad
971 1619 1048 1654 usum
1068 1602 1337 1673 commoditatemque
1355 1601 1398 1653 in-

348 1690 462 1744 struitur.
501 1687 625 1741 Nominis
648 1687 728 1741 dubia
754 1697 792 1739 est
815 1685 903 1756 origo.
938 1686 1008 1740 Illud
1026 1688 1083 1742 sine
1101 1689 1197 1743 dubio:
1223 1688 1398 1742 coniunctum

349 1796 397 1831 esse
415 1796 482 1831 cum
502 1774 610 1829 Graeco
629 1775 734 1840 inlata,
753 1773 835 1845 quod,
855 1792 956 1828 nomen
975 1774 1087 1847 plurale,
1106 1776 1296 1848 supellectilem
1315 1785 1398 1840 notat,

348 1877 375 1920 nt
391 1864 503 1937 proprie
523 1863 672 1934 antiquitus
689 1863 801 1932 supplex
820 1860 874 1915 hoc
895 1881 973 1914 sensu
996 1863 1099 1918 dictum
1123 1865 1219 1931 fuerit,
1243 1865 1282 1918 sic
1304 1863 1399 1915 insula

349 1970 375 2004 en
391 1955 432 2003 lul
451 1962 478 2004 et
497 1952 579 2007 πλοῦς
598 1951 686 2021 (quasi
705 1953 747 2000 lnl
764 1947 872 2015 utiam
897 1948 1018 2002 similiter
1036 1951 1169 2004 formatur
1191 1953 1289 2021 duplex
1308 1971 1338 2004 ex
1356 1953 1398 2002 da-

349 2039 438 2104 alais,
467 2055 632 2109 quamquam
652 2056 681 2090 ex
698 2036 748 2088 alia
767 2035 898 2105 origine.“
936 2036 1059 2089 Aliorum
1077 2038 1237 2107 (Labeonis,
1255 2037 1398 2107 Turnebi,)

349 2125 489 2179 sententias
506 2124 559 2177 sid.
577 2124 605 2177 in
625 2123 659 2177 G.
679 2123 698 2177 Ι.
718 2124 835 2176 Vossii
855 2123 972 2194 Etymol.
990 2124 1066 2196 Ling.
1085 2125 1141 2178 Lat.
1159 2123 1185 2177 h.
1202 2145 1234 2190 n,
1254 2124 1294 2180 M.
1311 2124 1399 2176 Mar-

349 2214 410 2266 tini
428 2213 490 2264 Lex.
509 2210 605 2264 Philol.
623 2211 712 2282 Etym.
725 2211 750 2264 h.
764 2232 797 2278 u,
816 2209 893 2265 Chr.
910 2211 1075 2266 Becmani
1095 2211 1252 2266 Manuduct.
1269 2210 1301 2264 ad
1321 2211 1400 2281 ling.

349 2300 401 2352 Lat.
419 2299 467 2367 (de
485 2297 613 2369 Originn.
631 2299 662 2354 L.
680 2298 725 2366 Ι..)
744 2319 771 2369 p.
790 2302 851 2353 595.
864 2320 903 2372 sq.
921 2320 944 2355 v.
963 2300 1066 2361 lectus,·
1094 2299 1325 2354 Doederlein.
1338 2300 1397 2352 tat.

349 2385 503 2456 Synon..u.
528 2384 645 2456 Etymol.
671 2385 704 2440 T.
720 2386 765 2440 Vl.
793 2406 830 2438 vv.
854 2386 979 2456 Supellex
1005 2397 1031 2439 et
1056 2386 1176 2447 sublica,·
1205 2386 1267 2440 add.
1290 2386 1398 2440 eiusd.

349 2475 451 2530 llandh.
470 2474 497 2527 d.
517 2473 562 2527 lat.
577 2473 693 2546 Etymol.
712 2494 739 2545 p.
753 2477 805 2529 181
824 2485 851 2528 et
869 2477 931 2529 183.
952 2503 985 2515 -
1011 2473 1060 2527 Ox.
1078 2475 1111 2527 N.
1129 2474 1209 2529 habet
1227 2476 1399 2546 supellectile,

349 2561 397 2616 Ox.
412 2563 445 2619 N.
465 2563 654 2629 supellectiles.
685 2561 746 2630 Me.

418 2655 512 2726 Neque
531 2671 583 2704 non
601 2669 681 2721 saepe
699 2649 817 2703 laudabo
835 2651 981 2720 sapientem
998 2652 1095 2718 illum]
1120 2649 1255 2704 scribitur
1277 2669 1325 2702 nec
1346 2670 1398 2702 non

347 2742 374 2795 in
399 2741 495 2795 Duisb.
520 2739 586 2793 Otr.
609 2741 628 2793 Ι.
647 2739 681 2792 U.
698 2761 724 2809 η.
742 2757 771 2802 ψ.
798 2738 905 2792 Suerin.
939 2737 996 2792 Cra.
1021 2744 1046 2793 1.
1073 2744 1098 2793 ².
1125 2738 1197 2796 Gud.
1216 2738 1247 2793 C.
1274 2737 1353 2792 Drsd.
1372 2745 1397 2792 2.

347 2829 413 2883 lidd.
432 2840 493 2884 vett.
512 2839 619 2883 nostrae
638 2838 664 2881 et
682 2826 732 2880 Or.
752 2838 867 2898 septem,
897 2845 959 2881 cum
978 2824 1064 2879 Codd.
1081 2827 1164 2880 Bern.
1180 2838 1206 2880 et
1223 2825 1286 2879 Bas.
1326 2824 1399 2878 Reli-

348 2916 391 2988 qui
411 2915 499 2969 Codd.
518 2927 543 2969 et
561 2915 630 2968 Edd.
650 2914 712 2968 inde
730 2935 744 2968 a
764 2913 842 2966 Grut.
861 2914 1002 2967 nobiscum
1021 2914 1132 2980 iaciunt,
1151 2915 1201 2967 nisi
1219 2914 1291 2986 quod
1305 2912 1356 2966 Ox.
1366 2913 1398 2967 E.

347 3002 424 3056 babet
442 3021 503 3054 nec
521 3022 602 3055 aero
620 3020 708 3071 saepe.
745 3001 774 3054 ln
794 2998 853 3054 Cra.
873 3004 898 3053 1.
917 3012 955 3055 est
973 3001 1050 3053 illum
1073 3021 1154 3072 saepe
1172 3003 1247 3057 laud.
1266 3021 1342 3071 sap.,·
1369 3000 1398 3052 in

345 3090 425 3145 Drsd.
446 3096 472 3144 2.
491 3091 569 3142 illum
587 3091 662 3143 laud.
679 3108 737 3159 sap.
757 3107 818 3143 cum
838 3087 911 3142 Gud.
930 3088 960 3141 C.
978 3088 1054 3154 Bas.;
1079 3089 1160 3143 Drsd.
1178 3093 1205 3142 4.
1224 3088 1328 3142 exhibet
1345 3106 1399 3140 ne-

346 3198 410 3251 que
428 3199 483 3231 non
500 3179 577 3230 illum
595 3178 672 3231 laud.
690 3195 762 3245 sap.,·
791 3175 870 3228 Drsd.
891 3179 917 3229 1.
935 3177 1021 3227 lsaec
1039 3197 1091 3229 non
1110 3195 1203 3245 saepe,
1221 3175 1328 3229 Suerin.
1346 3196 1398 3229 nan

344 3267 439 3319 illud
463 3283 543 3334 saepe
566 3265 642 3319 laud.
670 3282 743 3333 sap..
769 3263 837 3335 Eyh.
857 3274 884 3316 et
901 3261 973 3317 Gud.
990 3264 1022 3318 B.
1048 3265 1126 3315 illum
1150 3266 1298 3333 sapientem
1321 3265 1397 3315 laud.

345 3352 374 3407 ln
391 3353 444 3406 Ed.
460 3352 546 3406 Paris.
562 3353 639 3405 1501.
658 3362 696 3405 est
711 3369 769 3403 nec
786 3370 839 3404 non
857 3368 936 3419 saepe
954 3349 1137 3401 laudabile
1154 3351 1301 3418 sapientem
1313 3352 1398 3414 illum,

343 3442 370 3496 in
395 3441 486 3512 Lugd.
510 3444 597 3495 1115:
627 3458 686 3491 nec
710 3458 763 3491 non
787 3457 821 3489 se
845 3436 1063 3488 laudabilem
1089 3455 1148 3505 sap.
1174 3436 1258 3489 illum.
1296 3437 1399 3490 Laudat

344 3529 447 3585 Gernh.
476 3526 533 3582 Cic.
558 3526 640 3600 Epist
660 3527 763 3580 Famm.
782 3525 827 3591 ΙΙΙ,
847 3528 894 3577 12;
926 3527 1044 3596 Neque
1068 3524 1154 3577 enim
1179 3524 1289 3576 tristius
1313 3526 1398 3576 dicere

345 3619 490 3689 quicquam
504 3614 627 3667 debenda
642 3624 669 3666 te
684 3644 716 3656 -
737 3632 846 3685 neque
863 3632 926 3664 non
940 3631 979 3663 me
992 3622 1082 3663 tamen
1095 3612 1196 3664 mordet
1208 3612 1320 3683 aliquid.
1339 3612 1399 3667 Mr.

414 3705 553 3767 Dicentem,
573 3712 605 3753 ut
623 3702 734 3770 opinor,]
753 3699 838 3754 Codd.
854 3700 913 3754 Cra.
927 3703 953 3753 1.
972 3705 998 3754 2.
1017 3699 1098 3752 Drsd.
1110 3702 1136 3752 1.
1159 3704 1300 3767 Byantem.
1330 3700 1399 3752 Per-

344 3791 379 3861 git
395 3790 448 3845 01.
461 3789 482 3843 Ι.
502 3790 558 3861 qui,
577 3798 609 3840 ut
621 3788 720 3857 opinor.
759 3788 800 3842 Ad
819 3809 877 3841 rem
896 3789 984 3859 Xyst.
1003 3786 1201 3841 Betuleius:
1219 3788 1321 3858 „Apud
1333 3788 1399 3840 Plu·

345 3876 641 3942 archum‚1.aenium,
660 3876 806 3930 Stobaenm
826 3879 896 3930 varia
914 3876 1041 3946 leguntur
1055 3875 1156 3927 Biantis
1166 3874 1399 3946 Apophtbegmata

345 3978 368 4020 et
384 3983 529 4036 responsa:
554 3964 600 4017 sed
620 3963 671 4017 hoc
690 3965 762 4034 apud
780 3965 867 4019 solum
887 3964 1026 4018 Valerium
1044 3962 1191 4015 Maximum
1209 3963 1330 4033 reperio,
1349 3981 1399 4015 cu·

344 4048 380 4106 ius
398 4053 496 4119 verba,
518 4050 582 4122 quia
601 4050 655 4105 buc
673 4051 793 4118 faciunt,
812 4053 961 4107 adscribam
979 4051 1051 4121 (Vll,
1070 4056 1095 4104 2.
1114 4060 1163 4103 ext.
1181 4047 1220 4118 3.)
1240 4051 1321 4115 Bias,
1339 4069 1398 4101 cum

343 4144 461 4206 patriam
481 4140 541 4191 eius
559 4139 674 4191 Prienen
692 4141 783 4193 leustes
800 4142 972 4204 invasissent,
990 4137 1118 4201 omnibus,
1143 4157 1209 4207 quos
1231 4166 1266 4176 -
1281 4137 1399 4187 saeuitia

345 4224 401 4281 belli
417 4227 569 4281 incolumes
588 4225 660 4278 abire
675 4245 762 4296 passa
774 4230 884 4299 suerat,
902 4229 1082 4297 pretiosarum
1099 4244 1186 4276 rerum
1199 4225 1313 4293 pondere
1329 4242 1398 4275 anu-

344 4317 389 4370 uis
399 4312 600 4389 fugientibus,
626 4314 826 4385 interrogatus,
855 4316 921 4387 quid
944 4316 987 4366 ita
1004 4313 1122 4365 nihile:
1141 4310 1215 4362 barus
1234 4310 1291 4361 suis
1309 4327 1397 4360 secum

339 4402 440 4466 ferret:
473 4406 537 4474 Ego
555 4419 634 4463 aero,
658 4401 763 4472 inquit,
791 4402 858 4455 bono
877 4421 936 4453 mea
954 4421 1054 4453 mecum
1071 4409 1157 4468 porto.
1199 4402 1311 4450 Pectore
1330 4398 1398 4449 enim

342 4486 385 4544 itta
403 4478 549 4563 gestabat,
568 4505 622 4539 non
638 4488 762 4554 donareris,
781 4508 828 4541 nec
845 4489 930 4541 oculis
949 4489 1068 4552 visenda,
1085 4486 1133 4539 sed
1151 4483 1319 4537 aestimanda
1337 4483 1398 4535 ani-
