3517 5450
356 701 431 775 200
669 715 845 765 ssnsuoxs
873 714 1068 767 srorcoaurr.

356 883 523 946 Cornificius,
543 877 707 953 rogationem
723 885 820 938 tamen,
838 874 864 928 id
884 885 922 929 est
936 872 1104 945 privilegium
1123 875 1151 928 in
1171 873 1309 940 Clodium,
1329 875 1401 945 ipsius

356 970 574 1028 familiarissimus
590 966 650 1020 tulit
668 964 706 1018 M.
725 963 795 1037 Piso.
831 962 928 1015 Totam
947 960 1017 1016 hanc
1036 982 1092 1019 rem
1112 961 1209 1016 Cicero
1224 961 1349 1033 patefacit
1358 960 1402 1032 Ep.

356 1062 426 1115 xltt.
440 1059 485 1113 lib.
504 1057 523 1110 1.
543 1057 576 1111 ad
595 1059 648 1109 Au.
666 1053 706 1108 his
724 1052 821 1105 verbis:
853 1051 935 1109 Credo
964 1061 991 1102 te
1009 1052 1132 1115 audisse,
1163 1070 1223 1109 cum
1248 1050 1327 1122 apud
1343 1055 1402 1109 ltre-

357 1169 444 1202 sorem
459 1166 508 1218 pro
525 1144 624 1215 populu
635 1144 733 1211 fieret,
752 1141 855 1195 venisse
874 1158 908 1192 ex
926 1138 1048 1197 muliebri
1074 1140 1174 1197 vestitu
1201 1138 1307 1202 virum,
1330 1137 1402 1208 idque

255 1251 258 1256 '
356 1237 520 1306 sacrificinm
537 1252 597 1285 cum
614 1231 731 1303 virgines
749 1230 967 1293 instaurasscnt,
991 1229 1146 1285 ncenlionem
1171 1245 1189 1286 a
1214 1229 1248 1297 Q.
1269 1226 1402 1294 Cornificio

356 1327 385 1378 in
401 1332 499 1378 senatu
513 1322 633 1393 sacram.
670 1321 700 1371 Is
713 1317 778 1388 suit
793 1315 933 1386 princeps:
957 1334 990 1368 ne
1006 1327 1038 1369 tu
1051 1316 1131 1388 sorte
1150 1316 1271 1386 aliquem
1289 1325 1402 1369 nostran

354 1423 444 1482 putes.
487 1409 521 1463 Et
539 1408 624 1463 infras
652 1410 688 1458 In
713 1406 765 1457 hoc
786 1422 870 1457 rausa
887 1403 967 1468 Piso,
995 1404 1118 1456 amicitia
1143 1405 1174 1458 Ρ.
1197 1402 1286 1463 Clodii
1304 1402 1403 1464 donus,

357 1518 463 1570 opernm
482 1497 546 1562 dot,
565 1505 597 1547 ut
615 1511 648 1546 ea
667 1493 787 1565 rogatio,
807 1510 889 1564 quom
906 1493 963 1560 ipse
974 1491 1046 1562 sert,
1064 1501 1090 1543 et
1104 1491 1166 1562 sert
1184 1510 1219 1547 cx
1236 1494 1267 1544 S·
1287 1493 1317 1544 C.
1333 1490 1402 1551 etde

357 1587 499 1659 religione,
516 1584 684 1660 antiquetur.
733 1579 814 1649 Quod
840 1591 929 1634 autem
956 1580 1115 1647 Cornificius
1140 1597 1195 1639 esse
1221 1577 1251 1630 in
1276 1576 1402 1649 plerisque

358 1673 489 1728 veteribus
506 1671 581 1725 libris
597 1669 677 1748 iidem
697 1668 804 1734 dicunt,
830 1667 953 1728 incidisse
980 1678 1083 1723 cousus
1101 1686 1146 1721 eos
1163 1667 1192 1727 in
1210 1666 1298 1726 libros
1314 1684 1401 1737 parum

359 1760 524 1814 emendatos:
544 1777 605 1812 nam
625 1757 707 1811 nostri
728 1755 836 1827 quidem
855 1754 994 1811 Cornificii
1009 1775 1108 1809 nomen
1127 1752 1400 1815 nonhabenr.·‘1ttd.

358 1846 444 1901 Man.
481 1847 542 1913 „De
560 1845 610 1900 bac
628 1843 715 1899 Clodii
734 1844 766 1897 de
785 1844 888 1899 incestu
908 1863 1003 1910 causa,
1035 1844 1163 1916 quodque
1181 1843 1319 1916 corruptis
1341 1841 1401 1899 iudi·

359 1937 434 1990 cihus
457 1935 592 1989 absolutus
619 1934 660 1999 sit,
693 1932 851 1987 Plutarchus
876 1933 904 1985 in
927 1934 988 1988 vira
1007 1931 1145 1988 Ciceronis
1172 1931 1251 2004 plura
1280 1929 1401 2002 scripsit-‘⁴

358 2025 379 2077 F
388 2044 430 2080 rc.
449 2023 539 2095 Sylv.
578 2023 677 2092 [Locus
696 2019 832 2075 Plutarchi
851 2029 890 2079 est
903 2020 931 2075 ὀ.
951 2022 1007 2088 211]

428 2111 668 2162 Familiarissimus
687 2119 752 2160 tuus
772 2137 805 2146 —-
824 2107 975 2176 exsulares]
1012 2106 1104 2174 „ilaec
1126 2118 1166 2160 est
1190 2105 1235 2159 illa
1263 2105 1292 2159 in
1322 2102 1400 2176 primis

358 2201 458 2252 famosa
478 2218 555 2253 causa
574 2197 676 2263 Clodii,
705 2196 750 2268 qui
770 2207 896 2267 opertum
913 2195 1005 2250 Bonae
1022 2196 1097 2249 Deae
1115 2205 1278 2260 accesserat,
1306 2194 1325 2248 i.
1343 2193 1399 2246 cir

358 2305 464 2341 sacrum
486 2297 583 2340 tectum
603 2295 628 2338 et
647 2284 707 2338 viris
727 2283 909 2354 praeclusum:
927 2284 1000 2355 quod
1019 2302 1125 2339 sacrum
1144 2282 1262 2354 agebant
1275 2293 1399 2341 matronae

358 2375 497 2429 Romanae
514 2373 543 2435 in
561 2372 690 2427 honorem
711 2371 803 2424 Bonae
820 2370 902 2438 deae,
920 2372 965 2424 uhi
979 2371 1159 2444 deprehensus
1177 2381 1204 2427 et
1213 2370 1316 2427 eiectus
1325 2379 1399 2441 postea

359 2472 497 2517 accusatus
516 2472 542 2514 et
562 2460 692 2519 iudicatus
710 2471 761 2525 est,
793 2460 838 2512 sed
857 2459 991 2519 iudicibus
1011 2460 1151 2531 largitione
1176 2460 1314 2531 corruptis
1335 2458 1399 2511 abso

360 2550 438 2604 lutus.
476 2550 538 2619 Qua
558 2549 592 2602 de
610 2569 639 2602 re
657 2547 815 2602 Plutarchus
833 2548 861 2601 in
882 2549 950 2602 Vitis
968 2549 1088 2603 Caesaris
1106 2560 1131 2602 et
1150 2546 1306 2619 Ciceronis,
1325 2557 1350 2600 et
1364 2544 1400 2596 ci-

360 2659 423 2693 cero
440 2658 528 2708 saepe.
564 2636 673 2690 Dicitur
691 2647 780 2688 autem
799 2636 976 2707 Privilcgium
995 2636 1044 2704 ler,
1063 2656 1131 2709 quae
1150 2636 1177 2688 in
1197 2656 1281 2689 unam
1296 2646 1400 2689 tantun·

361 2728 441 2780 modo
459 2721 566 2781 causam
586 2727 686 2791 fertur,
714 2737 740 2780 et
768 2737 913 2797 usurpatur
938 2738 995 2780 tum
1022 2728 1095 2782 bono
1115 2745 1197 2798 qnam
1222 2724 1296 2782 malo
1320 2741 1400 2777 seon:

362 2814 438 2868 ueluti
460 2814 483 2868 h.
502 2814 518 2867 l.
538 2827 576 2870 est
599 2813 670 2867 malo
688 2834 766 2868 sensu
785 2815 824 2868 lex
852 2816 904 2870 lata
923 2816 956 2869 de
976 2815 1072 2872 Clodio
1098 2814 1255 2870 iudicando.
1303 2812 1334 2866 ln
1352 2830 1401 2865 on·

362 2905 435 2958 tione
451 2915 539 2957 autern
558 2898 695 2957 Ciceronis
713 2920 762 2974 pro
780 2903 838 2975 lege
856 2903 967 2957 Manilia
987 2904 1096 2976 proprie
1114 2923 1170 2957 non
1186 2904 1278 2974 agitur
1297 2901 1331 2955 de
1348 2901 1401 2969 tege,

360 2992 456 3046 sedda
476 2990 626 3064 privilegio,
656 3011 712 3063 quo
736 2992 879 3063 imperium
907 2992 970 3048 belli
995 2992 1168 3049 Mithridatici
1195 2991 1225 3047 in
1254 2989 1401 3062 Pompeius

362 3081 519 3136 deferretur.
556 3080 639 3151 igitur
651 3079 676 3133 h.
686 3080 703 3132 1.
721 3092 793 3136 recte
812 3082 855 3139 lex
874 3084 1027 3147 communis,
1045 3089 1116 3154 quae
1130 3081 1255 3136 universe
1274 3081 1304 3133 in
1323 3094 1402 3132 omnes

362 3169 445 3235 valet,
465 3169 636 3239 distinguitur
653 3189 669 3225 a
684 3170 841 3240 privilegio,
861 3173 934 3243 quod
953 3173 979 3225 in
1000 3171 1136 3224 hominem
1156 3180 1263 3229 certum
1282 3180 1309 3228 et
1333 3182 1400 3226 unam

362 3278 467 3312 causam
488 3260 599 3315 t'ertur.“
619 3258 862 3328 Wyttcnhach.
907 3260 961 3314 Pro
975 3258 1212 3329 fnrruliarr'ssirnus
1233 3268 1274 3310 est
1285 3254 1403 3327 familia·

362 3351 400 3401 ris
418 3349 444 3400 in
465 3347 532 3402 cod.
552 3346 610 3401 Cra.
628 3351 654 3401 2.
690 3347 802 3401 Praram
821 3347 935 3419 glossam
956 3349 1114 3417 Cornificius
1133 3356 1194 3418 post
1211 3356 1279 3400 taus
1299 3364 1314 3397 e
1331 3338 1402 3395 codd.

362 3435 458 3489 nostris
473 3436 553 3490 habet
571 3436 673 3489 nullus:
701 3436 747 3489 sed
767 3435 865 3489 habent
883 3436 950 3489 Edd.
968 3436 1029 3491 Par.
1049 3457 1068 3490 s.
1086 3456 1109 3493 a.
1126 3434 1212 3492 Suttr.
1237 3435 1310 3495 Patr.
1327 3432 1401 3490 ttrrw.

363 3527 467 3578 Carner.
487 3529 594 3577 Ascens.
614 3527 692 3578 1511.
712 3523 813 3577 Sturm.
834 3534 859 3576 et
877 3524 961 3577 Paris.
980 3526 1058 3578 1543.
1078 3552 1112 3561 —-
1138 3519 1181 3575 Ad
1202 3542 1225 3574 r.
1243 3519 1402 3591 privilegiam

362 3612 412 3665 sid.
430 3612 536 3665 Schtira
556 3613 615 3671 Lex.
633 3611 689 3668 Cic.
708 3612 734 3668 h.
754 3633 789 3675 v.;
818 3613 877 3665 Lex.
897 3613 978 3676 lurid.
999 3633 1028 3665 ex
1054 3611 1172 3665 Brisson.
1191 3609 1304 3664 Horam.
1320 3603 1402 3660 Pratci.

362 3700 405 3753 all.
424 3720 451 3772 p.
471 3704 523 3755 911
543 3720 582 3772 sq.
607 3700 722 3756 Barnab·
741 3700 858 3754 Brisson.
885 3702 918 3754 de
937 3701 1039 3755 Verhh.
1066 3697 1163 3770 Signis.
1189 3718 1217 3769 p.
1236 3700 1291 3751 858
1308 3715 1347 3766 sq.
1370 3689 1400 3744 ed

364 3788 434 3841 itter.
456 3785 578 3841 Dirlrsen.
597 3787 724 3840 Manuale
747 3789 853 3846 Latinit.
877 3788 993 3847 fontium
1013 3788 1066 3841 lur.
1089 3786 1144 3840 civ.
1171 3785 1281 3844 Romm.
1302 3803 1328 3854 p.
1346 3783 1401 3838 1111,

363 3874 446 3927 einsd.
469 3875 536 3929 Krit.
560 3875 587 3928 d.
605 3876 660 3928 xlt.
689 3876 765 3929 'faiel
791 3877 927 3949 Fragmm.
956 3898 982 3949 p.
1001 3879 1165 3935 614-6511·
1204 3874 1225 3934 b
1248 3873 1281 3926 N·
1305 3863 1400 3932 Eunecii

363 3962 443 4034 Legg.
463 3962 519 4019 Xll.
538 3964 623 4018 Tabb.
643 3985 668 4037 p.
686 3968 847 4021 ass-383.
868 3994 903 4005 -
922 3967 977 4019 Pro
996 3966 1151 4019 accessisses
1169 3964 1197 4023 in
1217 3962 1287 4019 cod.
1307 3951 1401 4021 (iud-h

363 4059 401 4103 est
418 4050 608 4108 adscendisses.
647 4053 719 4113 ldern
732 4054 827 4126 paullo
845 4056 968 4126 superius
985 4055 1065 4108 habet
1078 4052 1221 4124 proferam
1232 4070 1283 4124 pro
1298 4046 1400 4119 profem·

362 4140 404 4193 Ad
424 4159 481 4193 rem
500 4153 593 4196 monet
610 4142 679 4196 thud.
697 4143 826 4198 balaeus:
846 4145 870 4196 Α
890 4144 982 4197 Bonae
1001 4143 1076 4196 Deae
1093 4142 1176 4196 sacris
1194 4161 1251 4194 non
1271 4136 1349 4192 modo
1364 4126 1398 4181 tlfl

363 4229 588 4299 prohibebantur,
617 4232 662 4284 sed
690 4232 769 4285 etiam
794 4234 914 4305 picturae
934 4244 979 4286 aut
1005 4242 1105 4286 statuae
1129 4229 1234 4295 viriles,
1260 4230 1282 4283 si
1301 4221 1398 4299 quatiu

363 4318 472 4372 aedibus
487 4330 585 4385 essent,
608 4320 773 4389 tegebantur.
817 4322 927 4377 Clodius
948 4332 1038 4375 autern
1067 4318 1185 4386 iuvenis,
1203 4329 1298 4391 captus
1323 4328 1398 4370 amore

364 4403 540 4478 Calpurniae,
569 4418 675 4479 sumpta
705 4421 772 4464 reste
801 4412 925 4466 muliebri
953 4410 981 4463 in
1007 4409 1072 4463 haec
1090 4427 1166 4462 sacra
1194 4407 1288 4466 furtim
1313 4405 1397 4474 inpres-

364 4513 407 4546 sus
425 4508 470 4551 ost.
506 4497 533 4549 Μ
544 4518 565 4551 r.
