3517 5450
367 764 406 833 XL
528 761 766 808 anotssuottesa
794 761 835 806 An
863 760 1031 806 CICERONIS
1059 757 1244 806 PanauoxA.

366 920 554 992 ponendorum
582 919 838 990 probandorumque
864 919 938 989 quasi
964 918 1117 989 specimini:
1149 919 1193 971 sed
1220 922 1342 990 proxime
1368 943 1416 976 eas

366 994 506 1075 plerasque
525 1003 597 1045 certe
615 992 646 1044 ad
667 1010 770 1056 seram,
796 1010 875 1060 quam
903 989 1000 1042 Cicero
1024 990 1167 1059 delegerit,
1195 991 1311 1045 sormam
1342 1013 1418 1048 acce·

365 1065 428 1115 dere
448 1063 572 1115 existimo.
609 1063 686 1130 Quae
706 1081 767 1115 vero
786 1073 824 1113 est
843 1063 965 1128 varietas,
993 1081 1023 1113 ea
1044 1062 1108 1112 mihi
1132 1061 1196 1112 inde
1220 1074 1278 1116 orta
1308 1066 1417 1118 videtur·

278 1138 283 1144 ’
366 1135 438 1207 quod
466 1145 550 1186 essent
575 1134 620 1186 viri
646 1133 732 1199 docti,
758 1132 803 1204 qui
830 1133 944 1197 scirent,
974 1133 1182 1203 uniuscuiusque
1206 1134 1262 1186 sere
1288 1136 1414 1190 Paradox

365 1207 522 1258 sententiam
542 1203 592 1256 atis
620 1206 653 1256 ab
681 1205 738 1256 aliis
757 1199 842 1255 formai
864 1203 989 1255 exhiberi.
1032 1203 1077 1256 Sic
1095 1223 1175 1274 supra
1195 1204 1221 1255 in
1243 1211 1418 1262 annotatione

364 1277 492 1330 paradoxi
504 1277 572 1329 tertii
590 1277 746 1329 sententiam
762 1275 840 1344 piane
849 1275 907 1326 aliis
918 1275 988 1326 rides
998 1293 1053 1327 esse
1069 1280 1212 1346 expositam
1222 1279 1317 1344 verbis,
1338 1300 1418 1352 quan

366 1350 462 1420 quibus
481 1359 518 1400 est
537 1349 640 1418 prodita
660 1349 687 1400 in
708 1347 798 1398 libello
818 1358 918 1398 nostru.
955 1346 1099 1411 Similiter,
1123 1348 1195 1417 quod
1218 1360 1255 1401 est
1280 1353 1355 1418 apud
1376 1353 1410 1404 (Ji

364 1438 490 1472 ceronem
515 1421 641 1484 tertium,
669 1419 801 1488 reperitur
826 1417 930 1470 Graece
954 1419 1054 1470 dictttm
1082 1419 1153 1488 apud
1181 1418 1361 1474 Plutarchum
1389 1425 1418 1475 d.

332 1519 335 1523 ¹
364 1491 518 1544 Stoicorum
539 1489 663 1560 Repugn,
681 1487 746 1560 μήτε
765 1485 859 1558 σ’ρετήν
879 1485 972 1554 dureris
991 1484 1163 1559 ὑπερέχουσαν
1182 1484 1254 1554 εἶναι,
1273 1491 1342 1559 μήτε
1356 1515 1418 1545 κατ.

365 1561 481 1632 όρθωσιν
510 1560 714 1630 κατορθώσεως,
740 1560 801 1612 aiibi
827 1563 910 1628 μηδ’ὶν
938 1558 1042 1624 οἰγοθδν
1065 1558 1175 1628 μηδονδς
1198 1558 1306 1625 ιῖγωθοῡ
1334 1565 1414 1625 paldo

365 1630 552 1702 iji'turrov‘).
595 1633 710 1684 Secundi
736 1633 821 1684 forma
853 1631 903 1682 alia
930 1641 981 1682 est:
1014 1628 1061 1681 τὸν
1085 1628 1163 1691 noodr
1194 1629 1313 1703 αὐτάρκη
1340 1631 1414 1688 εἶναι

364 1706 450 1755 sexti:
478 1699 587 1764 ὅσοφός
607 1700 637 1754 ou'
654 1699 774 1760 πλούσιος
795 1699 861 1753 titt«)
879 1698 1062 1766 πάμπλουτος,
1093 1714 1119 1755 et
1143 1708 1195 1753 τῶν
1219 1712 1305 1764 σοφῶν
1332 1708 1418 1760 πάντα

364 1771 440 1826 airus:
460 1776 549 1846 quinti
556 1795 564 1824 :
583 1771 660 1836 μόνον
671 1771 900 1842 σοφδνὲλωῖθορον,
919 1771 981 1830 rotie
998 1776 1026 1824 di
1035 1774 1148 1833 φαύλους
1159 1771 1285 1833 dodinae:
1305 1781 1410 1848 quarti

363 1848 464 1904 πάντας
483 1841 546 1902 τούς
565 1842 677 1915 ι’ἰφρονως
695 1851 851 1910 μαίνεσθαι,
876 1841 909 1895 ου’
924 1843 975 1913 γὰρ
997 1851 1136 1912 φρονίμους
1154 1839 1233 1911 εἶναι,
1259 1843 1329 1898 o'ttn'
1350 1871 1418 1900 κατι

363 1916 411 1987 τήν
431 1921 488 1986 ἴσην
506 1920 542 1985 τῇ
561 1913 693 1983 ιῖφροστῖνη
712 1923 805 1977 μανίαν
824 1912 911 1966 πάντα
930 1911 1068 1983 πράττων,
1095 1927 1124 1968 ut
1151 1926 1189 1967 est
1215 1918 1287 1987 apud
1313 1919 1416 1991 Dioge

363 2009 424 2041 nem
444 1989 576 2040 Ladrtium
600 1989 657 2054 VH,
677 1991 737 2040 124.
757 2008 783 2058 p.
801 1991 862 2039 444.
882 1987 1010 2038 Meibom.
1033 1988 1130 2056 primi:
1158 1982 1237 2038 καλόν
1262 1986 1293 2039 td
1321 1995 1415 2043 τέλεια

362 2058 479 2126 ἀγαθόν,
509 2059 572 2111 ibid.
591 2059 680 2129 Segm.
699 2062 759 2111 100.
788 2079 813 2128 p.
832 2061 895 2111 426.
939 2057 1039 2124 Quales
1062 2058 1082 2109 si
1111 2057 1177 2109 aliae
1205 2062 1286 2111 etiam
1316 2062 1418 2116 multa·

363 2142 439 2184 orant
457 2132 601 2195 varietates,
621 2132 676 2182 noli
696 2131 802 2193 mirari,
823 2130 842 2180 si
863 2149 877 2180 a
898 2129 958 2179 viris
976 2128 1080 2181 Graece
1099 2129 1183 2182 doctis
1201 2131 1234 2182 ad
1255 2135 1417 2203 marginem

363 2203 437 2274 quasi
457 2202 604 2270 explicandi
630 2221 723 2266 causa,
748 2201 866 2252 adiectae
893 2211 954 2251 sunt
982 2200 1181 2252 Paradororum
1213 2203 1318 2255 formae
1344 2225 1418 2276 aput

363 2275 428 2326 aiios
440 2273 540 2336 obviae,
559 2273 679 2342 adeoque
698 2289 894 2340 nonnunquam
913 2271 1026 2322 intense
1046 2283 1209 2342 permutatae
1223 2285 1248 2325 et
1261 2277 1418 2344 permixtae*

434 2343 486 2394 Sed
505 2343 557 2394 iam
576 2343 656 2394 finem
677 2343 847 2413 imponamus
865 2341 928 2393 huic
949 2343 1103 2412 prooemio,
1122 2363 1157 2394 ne
1175 2345 1272 2396 atrium
1292 2358 1319 2399 et
1338 2351 1418 2402 resti·

363 2415 456 2466 bulum
476 2414 570 2466 domus
589 2415 673 2466 maius
690 2416 768 2466 etiam
789 2432 868 2483 quam
889 2413 984 2464 domus
1001 2415 1056 2485 ipsa
1075 2434 1130 2466 esse
1148 2415 1327 2484 videatur**).

435 2587 458 2655 ‘)
477 2586 552 2651 Sive,
580 2598 609 2639 ut
639 2598 677 2640 est
702 2585 772 2657 apud
801 2587 880 2658 Diog.
905 2587 992 2640 La‘e'rt.
1012 2586 1070 2639 VH.
1099 2585 1190 2656 Segm.
1216 2592 1279 2640 101.
1307 2609 1334 2658 p.
1349 2591 1405 2642 427.

362 2658 443 2712 Meib.
462 2656 548 2710 πάντα
567 2653 601 2709 τοὶ
619 2655 710 2723 dyada*
730 2663 772 2709 ἰ’σω
799 2653 876 2720 εἶναι,
908 2664 951 2709 καὶ
977 2661 1026 2709 πᾶν
1051 2655 1154 2724 (ἔμαθόν
1180 2655 1219 2709 ἐπ’
1242 2656 1323 2729 ἄκρον
1346 2654 1402 2710 airus

362 2728 478 2801 αἷρετδν,
498 2736 541 2781 καὶ
559 2727 624 2797 μήτε
644 2730 727 2781 ἄνεσιν
745 2726 810 2799 μήτε
829 2735 948 2782 ἐπίτασιν
966 2733 1099 2796 dilaudat.
1135 2728 1169 2783 Et
1187 2731 1222 2783 ib.
1242 2729 1400 2802 Segm.12⁰:

362 2799 461 2871 ω’ρὲσνω
480 2799 570 2859 αὐτοῖς
589 2806 632 2851 ἰ’σω
651 2796 773 2869 ἡγεῖσθαι
798 2798 833 2851 rii
854 2797 1047 2870 ἁμαρτήματα,
1072 2801 1146 2851 καθά
1172 2820 1234 2871 φησι
1256 2802 1397 2871 Χρύσιππος

362 2878 386 2924 ἓν
404 2877 443 2941 τῷ
460 2873 575 2942 τετάρτῳ
595 2878 647 2922 τῶν
664 2869 764 2940 η’θικων
784 2869 953 2940 ζητημάτων,
980 2877 1023 2923 καὶ
1041 2874 1185 2940 Περσαῖος,
1212 2877 1256 2922 καὶ
1274 2874 1395 2941 Ζήνων.ιῖ

360 2940 411 3013 γιῖρ
430 2941 529 3012 α’ληθὶς
548 2943 666 3010 ἀληθοῦς
689 2946 788 3005 μᾶλλον
806 2941 851 2995 οὐκ
871 2946 953 3006 ἔστιν,
982 2940 1042 2994 ου’δὶ
1060 2945 1156 3007 ψεῦδος
1173 2944 1302 3012 ψεύδους·
1327 2942 1392 2997 οὗτος

362 3012 421 3068 adut
440 3010 529 3083 α’τιᾶτη
549 3011 665 3082 ω’πάτης,
685 3011 745 3065 oddt
765 3010 907 3085 ἁμάρτημα
926 3010 1123 3084 ἁμαρτήματος.

420 3087 462 3152 *‘)
480 3085 614 3139 Absolutis
633 3086 684 3137 iam
703 3087 742 3137 his
761 3086 976 3157 prolegomenis,
995 3105 1078 3157 quum
1098 3085 1196 3137 iamin
1216 3105 1249 3138 eo
1268 3105 1356 3153 essem,
1370 3092 1390 3135 ut

360 3176 390 3209 ea
412 3154 521 3209 librario
539 3156 685 3221 traderem,
707 3156 817 3227 contigit
837 3156 898 3210 mibi
917 3156 1005 3227 legere
1026 3156 1044 3208 Ι.
1063 3156 1093 3209 F.
1113 3154 1340 3225 Schroederi,
1357 3152 1389 3225 qui

360 3228 516 3299 nuperrime
533 3227 695 3281 Germanice
715 3228 844 3281 convertit
862 3228 981 3281 libellum
1001 3239 1121 3279 nostrum
1140 3228 1205 3297 (rid.
1223 3229 1324 3301 Appar.
1342 3225 1390 3279 crit

360 3300 447 3368 erin),
466 3300 652 3370 prooemium,
679 3319 709 3351 ex
728 3318 782 3370 quo
802 3298 867 3353 haec
887 3298 1000 3369 paucula
1017 3298 1142 3369 excerpsi.
1186 3297 1217 3350 In
1242 3300 1388 3371 plerisquea

358 3382 448 3424 nostra
466 3372 595 3424 sententia
616 3390 670 3423 nou
690 3370 830 3441 discrepat.
875 3371 1029 3435 Paradoxa,
1054 3389 1086 3421 eo
1112 3389 1205 3436 sensu,
1239 3383 1269 3425 ut
1293 3391 1307 3424 a
1331 3386 1389 3423 corn·

359 3444 432 3494 muni
451 3442 579 3496 sententia
600 3442 678 3513 plane
697 3441 873 3507 abhorreant,
893 3443 1002 3513 proprie
1022 3441 1072 3493 dici
1095 3461 1149 3494 nou
1176 3460 1253 3511 posse
1277 3442 1342 3495 haec
1356 3436 1389 3491 Ci-

359 3514 513 3579 ceroniana,
532 3514 580 3572 ait,
598 3513 711 3583 exceptis
730 3525 824 3585 quarto
843 3524 868 3565 et
888 3514 990 3585 quinto.
1031 3511 1108 3579 [Mihi
1128 3513 1235 3583 quidem
1257 3513 1333 3566 etiam
1350 3522 1389 3564 ter·

359 3584 425 3634 tium
454 3584 582 3636 eiusmodi
620 3584 740 3651 videtur]
800 3583 842 3635 De
874 3595 959 3637 aetate
987 3581 1146 3635 Gernhardo
1181 3584 1287 3655 potius,
1326 3596 1387 3657 quant

360 3653 491 3719 subtituto,
510 3655 630 3707 assentit:
648 3665 721 3707 certo
740 3654 847 3725 quidem
868 3655 1042 3707 demonstrari
1053 3674 1154 3707 annum
1173 3674 1228 3707 non
1249 3675 1332 3727 posse,
1350 3668 1388 3725 qtt⁰

359 3724 412 3777 sint
430 3726 528 3796 scripta
548 3726 699 3789 Psradoxa;
720 3726 830 3779 maxime
850 3746 905 3779 esse
925 3726 976 3778 reri
995 3725 1094 3786 simile,
1113 3746 1142 3778 ea
1162 3728 1220 3796 (sed
1241 3726 1333 3794 simul)
1349 3740 1388 3777 esse

358 3796 455 3865 scripta
474 3817 498 3849 a.
517 3796 551 3849 U.
571 3818 593 3850 c.
612 3800 679 3862 101,
709 3795 846 3850 Ciceronis
873 3797 1033 3868 sexagesimo
1053 3797 1156 3868 primo:
1187 3798 1299 3850 minime
1318 3808 1387 3850 autent

358 3867 382 3918 ei
402 3866 488 3938 placet
505 3868 620 3921 Schiitzii
639 3867 751 3939 suspicio
769 3868 802 3920 de
823 3868 915 3921 decem
934 3888 1067 3921 annorum
1086 3870 1156 3920 inter
1174 3869 1345 3921 scribendum
1358 3866 1389 3918 in·

358 3938 474 3991 tervailo.
511 3939 669 3993 Rationibus
688 3942 720 3991 ab
741 3939 797 3991 aliis
816 3939 900 3993 allatis
918 3938 987 3993 hanc
1006 3939 1093 3993 addit:
1112 3938 1161 4005 „si
1177 3939 1284 3993 dirersis
1302 3952 1390 4009 tempo·

357 4010 446 4076 ribus,
481 4030 531 4064 nec
558 4030 619 4063 vero
648 4031 703 4063 uuo
728 4011 876 4083 eodemque
901 4031 988 4077 anno,
1016 4030 1066 4063 nec
1093 4012 1184 4082 paucis
1213 4012 1281 4064 adeo
1307 4012 1392 4069 diebus,

356 4081 499 4152 scripsisset
517 4082 588 4135 hunc
606 4082 725 4134 libellum
745 4081 855 4147 Cicero,
881 4082 938 4134 sine
957 4082 1039 4134 dubio
1058 4082 1143 4152 ipsum
1163 4082 1189 4134 id
1214 4083 1242 4134 in
1262 4080 1392 4136 Prooemio

356 4153 490 4205 dicturum
510 4153 603 4205 fuisse:
623 4154 698 4206 cuius
718 4173 791 4207 nunc
809 4153 964 4207 diversitatis
980 4153 1018 4205 vel
1037 4153 1164 4206 intervalli
1179 4156 1307 4224 temporis
1324 4153 1393 4226 signi·

357 4223 476 4277 ficaverit
494 4224 592 4277 ibidem
613 4225 776 4277 contrarium
797 4225 895 4277 verbis:
923 4225 1053 4291 „tisiam
1072 4226 1296 4277 contractioribus
1321 4227 1394 4278 nocti-

357 4292 405 4345 bus
423 4295 621 4347 lucubratum.“
664 4296 782 4348 Discedit
808 4297 886 4348 otiam
910 4295 1092 4349 Schroederus
1119 4296 1152 4348 ab
1179 4316 1274 4349 eorum
1299 4296 1397 4359 iudicio,

358 4366 403 4435 qui
423 4369 550 4419 maiorum
571 4366 726 4437 vigiliarum
753 4387 819 4435 opus
847 4386 903 4419 non
928 4366 1058 4432 Brutum,
1088 4368 1132 4419 sed
1160 4367 1329 4423 Tusculanas
1354 4387 1399 4423 esse

358 4436 513 4504 voluerunt,
532 4438 641 4504 iisdem¹
662 4438 758 4508 quibus
777 4458 839 4504 nos,
862 4438 1010 4491 rationibus
1031 4449 1126 4491 motus.

718 4567 1052 4593 ww...-
