3517 5450
666 738 862 787 ratunoxou
885 741 916 787 v.
943 740 1014 789 cir.
1037 741 1073 788 ιι.
1325 718 1400 794 235

352 901 386 954 td
404 910 570 954 structuram
591 896 658 963 loci,
684 897 730 950 ubi
752 898 895 970 pleraeque
912 897 980 952 Edd.
1000 911 1060 971 post
1085 900 1173 971 priora
1202 902 1280 954 rerba
1305 904 1401 971 poscit,

347 999 437 1053 uacat,
457 988 507 1043 rel.
524 986 623 1040 liabent
640 985 822 1056 interrogandi
842 986 963 1057 signum
989 1007 1045 1041 non
1072 986 1170 1041 habent
1194 988 1273 1042 Facc.
1298 987 1401 1041 Gernla.

350 1075 410 1142 Or.‚
431 1076 482 1129 vid.
500 1073 589 1128 Jahnii
609 1073 717 1127 Annall.
737 1073 841 1127 Philoll.
860 1077 940 1129 182².
963 1095 989 1146 p.
1009 1079 1069 1130 265.
1088 1075 1134 1128 ubi
1154 1075 1294 1129 confertur
1311 1075 1402 1130 Horat.

349 1162 429 1234 Epist.
451 1163 484 1229 ll,
504 1164 530 1229 8,
551 1167 598 1217 25:
632 1161 727 1213 Breuis
745 1179 801 1212 esse
819 1160 925 1214 labora:
953 1162 1082 1215 obscurus
1094 1165 1155 1233 fia‚·
1181 1175 1207 1218 et
1230 1164 1265 1218 l).
1283 1163 1403 1218 Stinner.

348 1253 373 1305 iu
392 1250 499 1305 Prolus.
519 1248 655 1302 Vratislav.
673 1268 697 1302 a.
717 1252 796 1304 1840.
815 1254 854 1304 t.:
880 1249 1079 1306 Grammaticae
1098 1251 1276 1322 Zumptianae
1301 1252 1404 1324 aliquot

349 1339 396 1395 loci
418 1338 590 1411 pertractati,
609 1358 636 1409 p.
657 1342 700 1391 ²⁰.
728 1338 773 1391 ubi
792 1337 917 1392 laudatur
945 1338 1023 1394 Auci.
1042 1339 1076 1392 ad
1092 1339 1209 1393 Herenn.
1226 1339 1272 1405 lV,
1291 1342 1335 1406 15,
1354 1343 1402 1392 tt:

348 1428 436 1490 Ades,
454 1426 547 1478 abesse
568 1426 625 1477 eris:
644 1424 721 1488 abes,
742 1427 841 1477 reverti
859 1427 944 1495 cupis.
980 1425 1040 1480 ΜΓ.

417 1516 478 1585 Ego
500 1531 562 1565 vero
580 1513 663 1564 istum
688 1531 740 1565 non
765 1513 840 1565 modo
858 1515 989 1581 seruum,]
1027 1513 1057 1568 ln
1085 1514 1152 1572 Cod.
1177 1514 1235 1568 Cra.
1255 1519 1279 1568 1.
1306 1514 1404 1586 legitur

350 1604 406 1673 Ego
426 1620 487 1654 vero
505 1600 623 1652 iudico
640 1602 741 1661 istums
772 1602 800 1654 in
821 1599 880 1655 Cra.
899 1605 925 1656 3.
944 1621 993 1674 ego
1013 1622 1073 1656 vero
1097 1623 1163 1656 non
1185 1614 1283 1656 tuum
1301 1604 1403 1655 illurn

348 1708 461 1744 servum.
499 1688 572 1744 Gud.
592 1690 623 1741 Α.
641 1689 739 1743 omittit
756 1689 848 1744 istum.
895 1691 985 1744 Verba
1009 1692 1057 1743 scd
1079 1692 1271 1763 nequissimum
1297 1709 1403 1742 serviem

349 1778 502 1832 exciderunt
521 1777 550 1830 iu
568 1774 637 1831 Cod.
664 1777 743 1830 Drsd.
763 1781 788 1833 3.
814 1777 896 1832 oculo
924 1779 1062 1851 scriptoris
1087 1780 1212 1850 apriore
1236 1798 1343 1831 servum
1370 1779 1403 1832 ad

349 1864 463 1918 alterum
481 1865 632 1918 aberrante.
676 1865 730 1917 Pro
754 1866 829 1917 modo
848 1865 899 1919 01.
917 1865 948 1920 Ε.
971 1866 1053 1921 habet
1078 1877 1196 1922 tanturn.
1241 1865 1313 1921 Idem
1341 1862 1404 1921 cuni

349 1950 397 2005 Ox.
414 1970 443 2015 ψ.
464 1951 562 2005 omittit
581 1971 687 2004 servum
706 1963 765 2022 post
784 1952 983 2024 nequissimum.
1027 1955 1084 2006 Vox
1106 1954 1134 2005 in
1160 1954 1232 2008 abest
1257 1955 1291 2006 ab
1311 1953 1361 2007 Os.
1375 1953 1404 2006 E.

350 2038 421 2094 Gud.
440 2032 481 2094 Α.
494 2043 552 2093 en.
571 2044 595 2093 t.
614 2039 655 2110 (in
674 2059 728 2111 quo
747 2039 826 2093 etiam
847 2039 918 2093 deest
937 2040 974 2105 si)
994 2041 1074 2094 Drsd.
1095 2046 1119 2095 1.
1137 2046 1163 2096 5.
1199 2042 1229 2095 ln
1254 2042 1320 2094 cod.
1336 2040 1405 2093 Sue-

350 2130 399 2182 rin.
416 2128 516 2200 legitur
534 2128 699 2199 amplissima
717 2137 801 2181 natus
819 2130 857 2180 sit
871 2128 996 2199 familia.
1032 2128 1085 2182 01.
1102 2129 1121 2182 l.
1147 2129 1337 2200 amplissimam
1350 2132 1405 2197 Ja-

351 2217 451 2269 miliarn
470 2226 570 2269 nactus
587 2217 633 2269 sit.
669 2216 727 2270 Mr.
854 2259 857 2263 .
929 2237 954 2276 ,·

422 2306 518 2376 Atque
536 2313 568 2355 ut
587 2304 614 2354 in
631 2322 731 2374 inagna
743 2304 860 2376 familia
874 2331 908 2344 -
928 2323 994 2376 pesas
1012 2307 1103 2376 signa]
1142 2305 1189 2360 Est
1206 2305 1249 2360 hic
1267 2305 1406 2360 locusPa·

352 2392 513 2445 redoaorum
535 2400 637 2444 lantum
658 2411 713 2445 non
733 2391 916 2449 vexatissimus.
964 2393 1007 2445 Dc
1026 2412 1081 2464 quo
1101 2411 1163 2448 cum
1190 2394 1266 2448 multi
1285 2395 1405 2466 disputa·
1438 2460 1442 2467 ι

353 2478 448 2543 ierint,
474 2496 570 2531 eorum
599 2478 790 2550 disputationes
816 2481 844 2533 in
873 2484 1025 2533 Excursurn
1054 2481 1219 2535 coniecimus
1246 2483 1288 2547 X,
1317 2481 1405 2534 addita

353 2579 441 2620 nostra
460 2560 605 2620 sententiai
632 2566 763 2622 hocloco
783 2568 847 2621 nihil
874 2569 923 2621 nisi
943 2568 1074 2622 librorum
1094 2569 1235 2623 lectionem
1261 2571 1406 2641 posuimus.

353 2655 474 2708 Primum
494 2655 574 2709 Aldi
593 2655 757 2711 Manutii:
786 2656 885 2722 „Hunc
904 2655 995 2709 locum
1014 2657 1121 2729 egregie
1140 2657 1251 2711 restituit
1270 2658 1405 2712 excellenti

354 2743 392 2795 vir
409 2742 534 2814 ingenio,
562 2742 681 2798 Obertus
700 2744 824 2798 Gilanius
850 2744 939 2812 [cuius
963 2746 1120 2813 sententiam
1145 2746 1173 2797 in
1192 2745 1309 2799 Excursu
1334 2746 1416 2798 exhi--

354 2831 457 2898 bemus]
486 2842 513 2885 et
531 2830 558 2884 in
588 2852 620 2886 eo
638 2834 687 2887 sibi
713 2853 792 2905 opem
811 2833 901 2886 tulisse
928 2843 1043 2886 veterem
1060 2832 1158 2886 librum
1178 2822 1314 2887 testatur(
1331 2833 1407 2887 cuius

353 2938 403 2991 ego
427 2918 488 2972 lidei
517 2937 573 2973 nou
602 2921 706 2987 minus,
738 2941 819 2993 quam
844 2922 945 2976 iudicio
971 2922 1163 2996 doctrinaeque
1189 2922 1286 2975 tribuo.
1338 2920 1404 2975 Nam

354 3022 425 3064 certe
444 3009 602 3081 glossemata
621 3013 653 3065 ab
673 3012 802 3083 imperitis
821 3012 955 3067 inculcata
975 3023 1057 3066 totam
1080 3012 1240 3065 sententiam
1265 3014 1407 3084 perturba-

354 3099 427 3153 bant.
464 3098 502 3151 Es
522 3099 587 3152 meis
604 3118 653 3171 pro
673 3119 772 3169 magna
792 3119 860 3153 unus
879 3100 958 3173 habet
977 3102 1109 3165 maxima,
1135 3119 1204 3154 unus
1228 3099 1291 3154 nittt
1320 3100 1406 3155 habat.

353 3188 415 3241 l'ust
434 3188 551 3259 familia
578 3187 671 3246 decem
697 3198 797 3259 septem
825 3188 928 3242 addunt
954 3188 1118 3253 stultarum,
1146 3206 1229 3240 unus:
1264 3206 1408 3240 servarum.

352 3278 413 3329 Alii
438 3287 520 3342 eunt,
544 3276 683 3329 sexdecim.
719 3274 805 3329 Octo:
831 3276 879 3328 sed
903 3286 995 3326 tamen
1019 3285 1084 3326 eunt
1103 3277 1174 3326 servi
1193 3275 1324 3325 atrienses
1343 3287 1407 3346 actu

351 3367 414 3435 pari
432 3365 572 3417 stultitiae
590 3382 671 3431 suue,
688 3384 732 3435 φὶ
752 3364 821 3416 duo:
850 3363 899 3415 sed
922 3372 1012 3413 tamen
1035 3362 1106 3413 servi
1130 3362 1261 3413 atrienses
1286 3371 1352 3412 sunt
1376 3380 1408 3411 ac

353 3454 491 3522 copiarum
509 3452 647 3504 stultitiae
665 3470 747 3517 suae,
768 3471 809 3523 q.,·
836 3469 920 3502 unus:
938 3449 986 3500 sed
1002 3459 1093 3503 tamen
1111 3448 1181 3500 servi
1205 3467 1232 3502 a.
1259 3460 1338 3512 sunt,
1362 3460 1409 3500 at·

354 3560 404 3612 que
419 3542 484 3611 pari
502 3540 641 3593 stultitiae
659 3558 740 3606 suae,
760 3559 803 3611 q.‚·
834 3556 917 3590 unus:
936 3537 984 3589 sed
1000 3546 1021 3589 t.
1039 3536 1110 3588 servi
1129 3554 1156 3591 a.
1175 3546 1240 3587 actu
1255 3538 1319 3605 pari
1336 3536 1410 3587 stul·

353 3630 519 3680 titiaesuue
536 3628 607 3691 illic,
626 3648 671 3699 q.,·
701 3646 783 3681 unus:
812 3626 860 3677 sed
881 3645 930 3678 nec
948 3636 1038 3677 tamen
1067 3625 1139 3677 servi
1164 3642 1191 3678 a.
1215 3633 1297 3688 sunt,
1325 3634 1409 3693 atque

352 3719 414 3787 pari
432 3716 571 3769 stultitiae
589 3733 668 3779 suae,
687 3735 713 3787 q.
722 3736 732 3776 ,·
753 3735 833 3769 unus:
863 3716 911 3767 sed
928 3725 949 3769 t.
968 3715 1083 3767 servia.
1102 3722 1183 3779 aunt,
1202 3722 1272 3770 actu¹
1288 3712 1410 3764 stultitia

351 3808 414 3875 pari
433 3822 513 3869 suae,
532 3823 557 3874 q.
567 3824 576 3864 ‚·
597 3823 676 3857 unus:
696 3806 744 3857 sed
760 3815 780 3858 t.
794 3805 865 3858 servi
883 3824 909 3858 a.
921 3824 954 3855 ac
971 3814 1036 3855 actu
1055 3802 1099 3856 eui
1115 3800 1254 3855 stultitiae
1271 3818 1346 3857 suae,
1364 3819 1389 3870 q.
1399 3820 1408 3859 7·

354 3914 438 3948 unus:
455 3894 504 3945 sed
512 3902 533 3945 t.
543 3893 614 3946 serui
624 3910 650 3947 o.
662 3894 786 3963 occupari
797 3894 936 3945 stultitiae
947 3911 1023 3958 suae,
1040 3911 1083 3962 p.,·
1103 3908 1184 3942 uuus:
1203 3890 1251 3942 sed
1261 3899 1283 3942 t.
1293 3891 1363 3941 servi
1382 3909 1408 3942 a.

353 4002 385 4033 ae
401 3983 467 4051 pari
482 3992 548 4032 actu
567 3981 704 4050 copiarum
721 3981 842 4034 stultitie
858 4000 933 4046 suae,
952 4002 989 4053 q.;
1009 3999 1093 4033 unus:
1112 3978 1161 4030 sed
1177 3988 1200 4029 t.
1217 3976 1288 4030 servi
1305 3988 1409 4029 suntet

353 4070 376 4120 si
393 4069 530 4120 atrienses
548 4078 612 4120 actu
629 4069 693 4137 pari
716 4069 853 4121 stultitiae
872 4089 954 4134 suae,
979 4088 1046 4140 pisos
1064 4071 1188 4136 -“.3-
1207 4066 1308 4119 Mirum
1329 4083 1409 4135 quam

353 4156 396 4209 liic
420 4155 524 4209 variant
550 4155 715 4227 exemplaria.
760 4157 917 4225 Quaedam:
942 4161 1072 4210 atrienses
1097 4166 1162 4207 actu
1185 4156 1249 4225 pari
1272 4153 1410 4206 stultitiae

353 4263 433 4308 suae,
459 4261 528 4315 quos
545 4271 579 4282 -
598 4243 674 4297 alias:
706 4247 836 4300 atrienses
868 4259 932 4299 actu
955 4245 1018 4316 pari
1042 4244 1181 4297 stultitiae
1203 4254 1268 4295 sunt
1290 4260 1357 4314 quos
1376 4269 1408 4279 -

352 4332 431 4386 alias:
459 4330 593 4383 atrienses
611 4342 675 4383 actu
695 4333 757 4401 pari
777 4334 901 4386 stultitia
921 4344 1001 4398 sunt,
1028 4350 1096 4404 quae
1116 4342 1181 4384 sunt
1199 4330 1309 4400 signa.“
1334 4326 1410 4382 Car.

352 4422 453 4492 Lang.
491 4418 554 4472 Car.
572 4416 723 4491 Stephanus
742 4420 769 4473 in
789 4433 875 4475 vetere
895 4440 943 4474 suo
962 4440 990 4475 se
1008 4418 1282 4491 reperissevtestatur:
1300 4416 1347 4466 secl
1364 4427 1411 4467 ta-

353 4530 410 4563 men
428 4511 518 4564 servi:
538 4508 576 4560 sic
594 4510 614 4558 ii
629 4511 692 4579 pari
708 4510 831 4562 stultitia
850 4519 925 4564 sunt.
971 4506 1164 4563 Oxoniensium
1176 4502 1225 4556 hac
1245 4514 1306 4556 sunt
1318 4502 1412 4557 lectio-
