3517 5450
517 752 754 801 ruotedoues't
782 752 823 796 ΔΙ)
852 749 1019 797 ClCERONlS
1047 751 1230 801 PARADOXA·
1283 753 1395 799 xxxin

353 911 435 984 possit,
455 911 547 963 civem.
584 910 649 979 Quo
668 909 781 981 probato
800 908 839 962 vel
859 929 985 964 concesso
1003 911 1099 965 licebat
1109 912 1187 964 etiarn
1201 910 1306 973 addere,
1325 911 1395 980 quod

351 1009 439 1070 sponte
466 998 644 1070 sequebatur,
670 998 842 1069 quintum:
873 998 961 1051 solum
989 999 1134 1067 sapientem
1158 1018 1214 1050 esse
1241 997 1395 1064 liberum,

352 1105 443 1138 omrrenr
463 1086 582 1137 stultum
600 1104 714 1138 servem.
749 1084 820 1136 Tum
841 1104 902 1137 rero
916 1084 980 1137 nihil
992 1085 1154 1156 impediebat
1171 1085 1278 1153 addere,
1297 1097 1326 1138 ut
1339 1104 1398 1140 rere

352 1193 528 1245 consequeus,
552 1184 701 1224 sextum:
735 1171 826 1223 Solem
850 1172 998 1240 sapientem
1023 1192 1079 1225 esse
1105 1172 1257 1227 divitem.
1301 1171 1399 1225 Servus

352 1263 417 1314 enim
436 1280 523 1332 quum
544 1280 598 1313 non
618 1259 699 1330 possit
716 1279 771 1312 esse
790 1259 866 1326 civis,
893 1259 942 1312 nisi
968 1260 1030 1313 citis
1049 1272 1138 1313 autem
1162 1279 1243 1313 nemo
1267 1259 1338 1312 dives
1356 1260 1398 1326 (ex

352 1350 403 1402 iure
423 1349 513 1401 Attico
533 1358 560 1400 et
575 1346 727 1414 Romano),
756 1347 860 1417 sapiens
875 1366 939 1399 vero
957 1347 1029 1400 solus
1049 1348 1081 1399 sit
1101 1348 1176 1410 ciris,
1206 1346 1292 1399 solum
1318 1345 1396 1399 etiam

352 1436 494 1506 sapientem
514 1446 617 1531 et·esse
644 1453 719 1505 posse
739 1445 765 1487 et
794 1453 822 1485 re
844 1452 905 1486 vera
932 1453 986 1487 esse
1012 1434 1117 1487 divitem
1147 1445 1325 1506 non'poterat
1344 1454 1397 1489 non

354 1522 426 1589 ellici,
446 1520 676 1594 quandoquidem
695 1519 766 1573 solus
783 1520 889 1592 sapiens
907 1540 965 1574 vera
986 1522 1119 1592 possidere
1133 1522 1214 1593 possit
1230 1523 1311 1589 bona,
1330 1542 1399 1593 quae

355 1622 436 1663 autem
458 1608 538 1680 vulgo
559 1628 698 1680 perperam
718 1609 843 1663 dicantur
867 1609 956 1675 bona,
984 1600 1089 1663 dirite'nr
1116 1630 1170 1663 non
1195 1610 1308 1679 iaciant,
1337 1611 1398 1682 quia

355 1717 403 1751 non
423 1699 541 1751 beatum.
578 1697 613 1750 Et
632 1698 710 1767 plane
729 1697 757 1749 in
776 1695 845 1750 lranc
863 1698 1019 1751 sententiam
1041 1699 1135 1752 Cicero
1154 1698 1187 1752 de
1206 1699 1284 1752 liinrr.
1296 1699 1400 1767 ltt‚2t:

355 1788 475 1856 Sapiens,
492 1804 576 1857 quum
595 1786 666 1837 ratio
685 1786 818 1842 docuerit,
837 1787 910 1858 quod
927 1787 1068 1839 honestum
1085 1799 1168 1851 esset,
1192 1789 1222 1838 id
1238 1808 1293 1841 esse
1314 1788 1399 1841 solum

356 1871 459 1936 bonum,
477 1891 580 1943 semper
597 1873 633 1923 sit
655 1891 758 1926 necesse
777 1884 818 1926 est
837 1875 949 1939 beatus,
979 1895 1090 1948 vereque
1108 1877 1196 1928 omniu
1219 1876 1274 1928 ista
1293 1877 1400 1928 nentina

352 1962 500 2029 possideat,
519 1980 588 2033 quoe
604 1962 712 2013 irrideri
729 1960 764 2012 nb
782 1962 912 2030 imperitis
931 1962 1026 2017 solent.
1046 1992 1080 2002 -
1107 1963 1178 2016 llaec
1197 1982 1261 2034 ego,
1281 1983 1310 2015 ex
1323 1963 1400 2017 Mor·

354 2048 493 2117 gensternii
523 2048 631 2120 quidem
650 2050 795 2114 sententia,
821 2048 865 2100 sed
886 2050 952 2103 meis
971 2051 1071 2115 verbis,
1096 2062 1123 2105 et
1143 2054 1262 2104 auctiora
1282 2051 1399 2122 exposui,

354 2146 396 2200 ut,
414 2136 643 2206 quemadmodum
661 2136 705 2189 ille
723 2135 840 2201 brevius,
859 2147 982 2190 nectam
1001 2137 1131 2202 dilucide,
1150 2138 1306 2191 sententiam
1325 2156 1399 2190 suam

353 2223 515 2294 significarit,
540 2244 593 2296 qua
611 2226 714 2279 ratione
733 2225 823 2278 omnia
843 2225 1011 2294 cohaereant,
1030 2246 1119 2279 meum
1138 2226 1193 2298 ipse
1211 2227 1339 2280 iudicium
1359 2226 1400 2278 in-

354 2323 512 2384 terponens,
531 2324 717 2367 monstrarem.

421 2398 475 2452 Sed
496 2399 549 2452 iam
571 2399 603 2452 ad
624 2400 743 2453 ultimam
764 2403 963 2474 quaestionem,
995 2423 1063 2475 quae
1084 2415 1121 2456 est
1149 2402 1181 2455 de
1202 2403 1400 2456 Paradoxorum

353 2485 572 2556 inscriptionibus
590 2486 699 2542 Graecis
718 2500 744 2542 et
763 2490 875 2556 Latinis,
895 2491 1121 2561 progrediendum
1141 2502 1195 2556 est,
1213 2491 1246 2544 de
1267 2511 1319 2562 qua
1337 2491 1400 2544 nihil

353 2575 409 2628 sere
427 2586 594 2629 monuerunt
609 2575 722 2630 editores
739 2588 765 2630 et
783 2577 956 2648 interpretes,
976 2597 1045 2631 unus
1058 2589 1148 2630 autern
1165 2578 1401 2648 Morgenster·

351 2663 430 2717 nius
448 2664 476 2716 in
496 2663 587 2717 libello
606 2685 685 2737 supra
704 2664 811 2718 laudato
831 2684 906 2717 suam
924 2664 1001 2717 latius
1018 2664 1143 2737 explicuit
1154 2665 1326 2719 sententiam:
1350 2685 1401 2737 qua

352 2755 489 2822 proposita
507 2771 623 2824 meoque
642 2753 733 2806 addito
751 2753 932 2825 qualicunque
948 2753 1047 2808 iudicio
1065 2753 1129 2806 nibil
1144 2753 1184 2808 his
1201 2754 1402 2826 prolegomenis

352 2839 506 2893 addendum
526 2840 643 2895 restabit.
678 2840 712 2894 Et
730 2840 773 2893 ille
792 2841 901 2911 quidem
921 2842 1037 2912 primum
1055 2842 1089 2895 ad
1106 2861 1230 2913 magnam
1249 2842 1401 2913 inscriptio-

351 2948 419 2982 num
438 2928 511 2982 etin
532 2927 676 2983 Codicibus
695 2928 763 2982 etin
783 2928 952 2982 Editionibus
966 2930 1117 2985 varietatem
1128 2932 1153 2998 ⁸)
1171 2930 1291 2983 animum
1310 2930 1403 2982 adver-

351 3027 408 3071 tere
427 3036 478 3072 nos
495 3016 584 3071 iubet:
611 3017 707 3070 deinde
726 3016 758 3069 ad
778 3016 817 3084 id,
848 3016 920 3087 quod
947 3016 976 3069 in
1002 3027 1102 3088 quarto
1122 3037 1156 3071 ne
1183 3028 1309 3071 tractetur
1336 3014 1402 3068 illud

352 3106 472 3177 quidem,
491 3105 564 3177 quod
579 3115 618 3158 est
628 3106 654 3158 in
668 3105 841 3175 inscriptione
855 3099 906 3174 (liu
920 3107 970 3164 πᾶς
988 3102 1076 3175 ἄφρων
1087 3107 1231 3172 peterem:
1251 3104 1403 3174 inscriptio-

353 3212 415 3247 nem
433 3194 522 3261 enim,
538 3195 560 3247 si
579 3206 767 3264 argumentum
787 3206 903 3265 spectes,
923 3195 1019 3249 debere
1039 3206 1107 3248 esse:
1137 3188 1179 3246 ‘ber
1196 3189 1273 3254 μόνος
1294 3188 1307 3243 i
1326 3191 1403 3253 copie

355 3285 476 3352 πολίτης,
498 3282 534 3334 ita
554 3292 582 3334 ut
600 3282 801 3353 inscriptionem
827 3282 963 3353 vulgarem
988 3282 1115 3335 reihand
1141 3282 1341 3336 accommodate
1359 3300 1403 3332 ex-

356 3370 509 3442 cogitaverit
525 3369 635 3441 aliquis,
654 3371 700 3443 qui
719 3389 777 3424 earn
797 3371 829 3424 ad
848 3370 903 3425 sola
924 3371 1016 3435 rerba,
1045 3370 1142 3440 quibus
1161 3371 1280 3439 incipere
1299 3378 1403 3440 putaret

342 3450 506 3528 'argumenti
524 3462 726 3525 tractationem,
750 3458 976 3514 conformarisset.
1020 3456 1123 3510 Graeca
1150 3457 1250 3508 etiamsi
1270 3453 1404 3515 ἀξιώματα

362 3548 443 3613 posuit
461 3546 574 3613 Cicero,
591 3546 712 3600 Latinam
731 3547 933 3601 conversionem
952 3546 1076 3600 adiecisse
1102 3564 1164 3597 eurn
1194 3564 1247 3597 non
1268 3544 1403 3597 ridebatur

366 3633 494 3699 probabile
512 3644 593 3704 atque
612 3634 664 3686 reri
682 3635 766 3689 simile
785 3634 1015 3707 ltlorgensternio,
1035 3653 1115 3705 qnam
1133 3634 1310 3705 suspicionem
1330 3632 1404 3686 valde

308 3773 310 3778 ,
367 3717 477 3773 firmabat
496 3720 617 3776 Caroli
636 3723 758 3793 Langii
778 3724 968 3789 testimonium,
986 3725 1012 3775 in
1025 3722 1199 3776 annotatione
1217 3723 1336 3787 dicentis,
1351 3722 1403 3773 La·
1442 3732 1444 3735 ⁴

369 3806 423 3861 tinas
439 3808 628 3881 inscriptiones
654 3811 740 3864 nullas
768 3823 867 3865 exstare
895 3812 922 3865 in
951 3811 1081 3864 veteribus
1101 3810 1304 3881 exemplaribus:
1333 3809 1404 3880 quod

371 3898 535 3952 testimonium
555 3898 588 3950 ab
608 3900 732 3952 omnibus
751 3900 807 3953 lere
825 3900 971 3954 editoribus
997 3899 1147 3970 neglectum
1167 3918 1221 3951 esse
1249 3897 1405 3961 mirabatur,

373 4010 564 4027 w

427 4100 450 4167 ⁸)
468 4098 577 4152 Addere
596 4109 712 4168 poterat,
741 4098 768 4149 in
787 4097 876 4150 multis
893 4096 967 4150 libris
985 4117 1039 4148 non
1060 4112 1114 4145 esse
1131 4092 1262 4158 Graecas,
1287 4095 1313 4144 in
1335 4091 1403 4142 mul-

376 4166 397 4217 tis
412 4170 493 4223 deesse
513 4169 634 4233 Latinam
653 4171 802 4223 varietatem
822 4179 910 4222 autem
930 4187 985 4221 esse
1003 4179 1118 4230 tantam,
1144 4177 1247 4217 utnon
1273 4185 1302 4215 en
1321 4163 1403 4214 libra-

308 4279 314 4295 ι
377 4237 459 4293 riorum
478 4260 571 4293 errore
591 4253 647 4293 orta
665 4261 718 4293 esse
739 4242 833 4311 possit,
865 4259 948 4310 quum
968 4256 1164 4308 nonnunquam
1188 4256 1221 4287 ne
1240 4254 1322 4286 unum
1342 4235 1400 4303 qui-

308 4349 310 4370 ,
378 4306 421 4360 dem
433 4311 590 4365 vocabulum
602 4332 662 4364 curn
675 4313 786 4364 aliorum
801 4312 945 4381 scriptione
957 4311 1108 4363 conveniat:
1128 4308 1173 4368 sic,
1193 4306 1264 4387 quo‘d
1285 4304 1402 4374 proxime

378 4376 491 4436 laudatur:
511 4380 553 4433 ire
572 4385 622 4440 πᾶς
641 4382 729 4453 ἄφρων
746 4390 878 4446 μαίνεται,
908 4382 936 4433 in
962 4381 1063 4453 aliquot
1091 4378 1163 4431 libris
1188 4389 1226 4429 cst
1244 4371 1284 4426 ire
1309 4372 1401 4432 nistre

308 4499 313 4504 .
379 4450 394 4496 ti
408 4460 478 4522 μωροὶ
494 4453 686 4505 interimerem.
729 4454 812 4507 Tertii
841 4464 929 4506 autem
949 4453 1077 4507 Paradori
1101 4451 1128 4503 in
1148 4448 1236 4500 multis
1261 4446 1334 4499 libris
1353 4466 1401 4500 ne·
1450 4456 1463 4476 ³

380 4539 418 4590 que
433 4524 531 4581 Graeca
550 4525 689 4597 inscriptio
708 4537 761 4592 est,
781 4544 868 4596 neque
888 4524 990 4579 Latina.
