3517 5450
451 701 526 774 286
782 725 956 772 essenon
984 724 1178 773 erorcontm.

447 889 503 940 Pro
521 896 636 956 exoptas
655 887 751 959 legitur
769 897 848 957 optas
867 888 894 940 in
915 885 1001 940 Codd.
1022 885 1093 939 Gud.
1113 886 1145 941 A.
1165 886 1195 940 Β.
1214 886 1292 941 Suer.
1312 887 1430 942 Drsd.l.
1442 893 1493 944 23.

448 980 474 1029 4.
495 980 520 1029 5.
538 977 596 1028 Cra.
616 980 659 1042 2.;
677 977 705 1028 in
725 974 789 1029 On.
808 975 839 1027 E.
858 995 883 1044 p.
903 995 927 1032 a.
947 993 976 1037 ψ.
996 985 1086 1045 optes,
1115 974 1167 1029 Ox.
1187 976 1206 1027 Ι.
1231 987 1351 1046 exoptes.
1389 977 1494 1049 Elegan-

449 1064 501 1117 tius
519 1063 626 1117 scilicet.
661 1063 719 1119 ΜΓ.

520 1157 620 1223 Itaque
635 1152 718 1204 istam
734 1161 926 1222 paupertatem
936 1161 1129 1223 —egestatem
1138 1181 1172 1190 -
1185 1152 1399 1220 mendicitatem]
1419 1151 1494 1206 Codd.

449 1240 500 1295 Or.
517 1240 536 1294 l.
556 1241 635 1293 Drsd.
654 1244 680 1293 5.
698 1241 780 1292 istam
794 1249 986 1310 paupertatem
1004 1251 1108 1295 tuam.
1135 1242 1192 1292 Cra.
1208 1242 1233 1292 1.
1250 1240 1293 1291 vei
1311 1251 1495 1311 egestatem

445 1330 580 1398 potius.
615 1326 695 1380 Drsd.
714 1330 739 1380 1.
759 1330 785 1381 3.
804 1337 869 1378 aut
889 1326 1095 1380 mendicitatem.
1131 1326 1212 1380 Drsd.
1232 1330 1258 1381 5.
1281 1346 1316 1378 ac
1333 1327 1496 1379 indicito·

448 1429 533 1477 tem,·
552 1415 631 1468 Drsd.
639 1420 665 1469 4.
684 1433 717 1466 ac
726 1415 952 1466 mendacitatem
961 1432 1100 1485 nunquam
1118 1411 1264 1467 obsecro
1283 1416 1387 1468 tulisti.
1421 1414 1496 1487 Egre-

448 1506 500 1576 gie.
535 1503 608 1558 Gud.
626 1504 657 1557 Β.
684 1503 722 1556 ob
740 1520 878 1574 nunquam
910 1502 1011 1558 tulisti.
1030 1501 1060 1553 M
1068 1521 1089 1554 r.
1138 1502 1210 1568 „Vel
1235 1502 1333 1571 potius
1357 1512 1496 1574 egestatem

449 1593 581 1646 correctio
601 1587 802 1661 [ἐπανόρθωσις]
828 1598 873 1642 est.
917 1593 1073 1658 Paupertas
1099 1608 1297 1661 nonnunquam
1323 1591 1436 1646 honesta
1457 1602 1495 1644 est.

448 1691 555 1752 egestas
572 1699 635 1733 vero
654 1698 759 1750 semper
778 1678 871 1750 turpis.
907 1676 988 1748 Apud
1005 1678 1150 1749 Virgilium
1170 1678 1239 1733 libro
1257 1683 1284 1733 fl.
1311 1679 1428 1733 Aeneid.
1445 1691 1496 1732 tur·

447 1770 491 1838 pis
509 1772 626 1840 Egestas
645 1768 672 1820 in
691 1766 819 1821 vestibulo
845 1766 994 1819 inferorum
1021 1766 1149 1821 habitant·
1179 1767 1253 1822 Fre.
1279 1767 1374 1838 Sylv.
1421 1768 1497 1821 Locus

450 1867 490 1910 est
509 1855 575 1908 Aen.
595 1856 639 1921 Vl,
659 1857 897 1922 2'flizet1Metus,
915 1863 942 1904 et
960 1855 1120 1906 malesuada
1139 1859 1250 1921 Fames,
1272 1875 1305 1908 ac
1324 1859 1417 1927 turpis
1435 1862 1497 1928 Ege·

448 1954 516 1996 stas.
553 1941 612 1995 Mr.
656 1947 840 2012 „Paupertas,
868 1942 972 1996 Graece
989 1950 1078 2006 nesta,
1097 1955 1149 2010 est,
1174 1943 1195 1996 si
1215 1942 1275 2015 quis
1299 1956 1349 1997 aut
1375 1945 1439 1998 nihil
1462 1957 1497 1998 aut

450 2051 537 2104 pauca
557 2031 686 2102 possidet:
716 2049 770 2102 quo
796 2030 823 2082 in
849 2041 917 2084 statu
937 2042 1024 2102 potest
1041 2030 1079 2083 rel
1099 2051 1162 2085 suae
1181 2033 1315 2102 paucitate
1336 2033 1497 2104 possessionis

449 2130 591 2174 contentus
609 2139 678 2184 esse,
702 2119 742 2171 rel
762 2137 816 2171 non
842 2138 897 2172 esse
924 2131 1074 2174 contentus.
1123 2123 1232 2190 Egenus
1257 2119 1376 2188 dicitur,
1403 2122 1424 2174 si
1449 2122 1496 2193 quis

448 2209 528 2262 sentit
544 2209 594 2262 sibi
612 2209 701 2261 deesse
719 2219 745 2260 et
763 2206 814 2260 hoc
833 2207 1003 2261 vehementer
1021 2207 1135 2279 appetit:
1155 2208 1201 2279 qui
1221 2208 1336 2261 affectus
1358 2221 1444 2280 potest
1461 2229 1496 2262 ca·

450 2299 514 2350 dere
531 2298 570 2350 vel
591 2299 618 2350 in
638 2315 783 2368 pauperem
803 2294 841 2348 vel
861 2295 890 2348 in
910 2296 1026 2349 divitem.
1069 2295 1173 2349 Graece
1191 2293 1280 2366 ἐνδεής
1300 2308 1328 2349 et
1348 2308 1450 2369 egestas
1467 2299 1497 2348 is-

450 2390 516 2439 dnu.
554 2386 704 2450 Mendicus,
722 2382 825 2449 πτωχός
843 2394 869 2436 et
886 2389 1009 2450 πτωχεία,
1028 2383 1134 2449 dicitur,
1153 2385 1173 2436 si
1193 2384 1253 2455 quis
1272 2384 1383 2456 publice
1403 2385 1437 2438 ab
1451 2384 1496 2438 aliis

449 2476 544 2546 stipem
562 2484 640 2544 rogat
658 2473 710 2525 sire
730 2470 930 2525 munusculum.
975 2472 1017 2523 De
1036 2472 1185 2524 differentia
1211 2471 1261 2525 hac
1279 2471 1392 2544 elegans
1410 2484 1448 2526 est
1464 2473 1495 2525 lo-

450 2582 497 2616 cus
523 2563 549 2614 in
570 2559 755 2633 Aristophanis
783 2560 938 2625 comoedia,
968 2579 1036 2632 quae
1066 2559 1220 2613 inscribitur
1246 2560 1371 2614 Ptutuu‘
1402 2564 1495 2634 Wytt

450 2651 496 2705 Est
514 2650 586 2703 Pluti
604 2648 789 2721 Aristophanei
808 2648 884 2702 locus
901 2669 923 2701 v.
941 2652 1105 2702 549-554.
1131 2646 1172 2701 ed.
1191 2647 1307 2716 llemst,
1340 2653 1494 2705 545-555.

452 2739 528 2794 Both.
567 2738 698 2792 Accurate
723 2738 756 2790 de
784 2757 878 2791 eorum
904 2739 1048 2791 verborum
1073 2738 1224 2791 differentia
1254 2739 1308 2809 egit
1332 2739 1494 2793 Doederlein.

449 2829 505 2882 Lat.
524 2828 628 2899 Synon.
649 2848 674 2879 u.
694 2827 811 2897 Etymol.
830 2825 875 2891 ΙΙΙ,
896 2847 920 2899 p.
940 2831 1106 2881 tlt-tao.
1136 2846 1187 2881 nec
1214 2828 1299 2881 nostri
1325 2829 1379 2881 loci
1404 2829 1496 2882 oblitus.

449 2917 527 2970 Conf.
547 2916 629 2969 eiusd.
655 2915 760 2968 llandb.
785 2914 812 2970 d.
841 2916 898 2968 Lat.
917 2915 1022 2986 Synon.
1049 2935 1075 2987 p.
1096 2919 1147 2969 155
1166 2934 1205 2987 sq.
1248 2914 1426 2970 Schmalfeld.
1451 2916 1494 2969 lat

449 3005 552 3077 Synon.
572 3026 597 3075 p.
612 3009 664 3058 152
682 3025 723 3075 sq.
743 2988 784 3057 ed.
804 3009 829 3057 2.
848 3002 964 3057 Schultz.
983 3004 1040 3059 Lat.
1062 3003 1166 3075 Synon.
1186 3022 1212 3074 p.
1223 3007 1275 3057 259
1287 3024 1330 3076 sq.
1369 3005 1428 3059 Nec
1443 3025 1496 3059 con·

450 3094 609 3147 temnendus
626 3104 665 3145 est
680 3093 813 3145 Ausonius
832 3093 935 3163 Popma
954 3091 997 3144 De
1008 3092 1174 3146 Differentiis
1193 3092 1349 3161 verborum,
1371 3116 1398 3166 p.
1409 3099 1497 3164 seseq.

450 3186 502 3236 293
522 3201 580 3253 sqq.
599 3185 660 3236 417.
678 3181 719 3233 ed.
739 3179 924 3235 Messerscbm.
961 3179 1003 3233 Ad
1023 3180 1101 3232 rerba
1122 3180 1228 3234 confert
1246 3179 1329 3252 Borg.
1355 3181 1435 3236 Orat.
1456 3180 1496 3234 Ca·

451 3271 515 3324 tilin.
536 3272 582 3336 lV,
602 3275 634 3324 5:
653 3280 685 3321 ut
704 3287 792 3321 omnes
810 3270 894 3319 aninu'
912 3270 1052 3319 eruciatus
1070 3277 1097 3318 et
1116 3270 1246 3337 eorporis,
1264 3270 1350 3321 etiarn
1368 3279 1496 3341 egestas

450 3377 481 3411 ac
500 3358 709 3410 mendicitas
727 3366 916 3428 consequatur.
951 3354 1010 3407 ΜΓ.

522 3449 592 3497 Nam
612 3458 643 3498 ut
662 3449 672 3497 i
679 3447 736 3513 is‚]
773 3444 857 3497 Solita
877 3445 1036 3498 confusione
1055 3444 1153 3516 legitur
1168 3445 1210 3495 tte
1228 3445 1255 3496 in
1275 3444 1366 3498 Codd.
1383 3448 1497 3499 (imai.

450 3535 522 3588 Gud.
542 3536 574 3589 Α.
595 3534 675 3587 Drsd.
693 3537 718 3586 1.
739 3538 762 3586 2.
783 3536 809 3587 3.
827 3537 855 3586 4.
875 3537 901 3586 5.
926 3533 993 3585 Edd.
1024 3532 1103 3585 lldlb.
1132 3533 1193 3585 Par.
1223 3535 1305 3585 15⁰7.
1325 3537 1408 3588 1512.
1431 3536 1496 3588 1543.

450 3625 517 3675 Ven.
537 3626 615 3677 1514.
636 3624 701 3693 Arg.
721 3622 804 3692 Lugd.
824 3619 905 3673 Solus
924 3624 982 3674 Cra.
1002 3624 1026 3674 1.
1052 3620 1155 3673 exhibet
1180 3621 1254 3686 illi,
1282 3623 1333 3692 qui
1350 3651 1389 3662 —
1409 3638 1497 3693 quae·

450 3712 509 3766 rit.
547 3710 614 3763 Cod.
643 3710 722 3762 Drsd.
741 3713 767 3763 4.
793 3711 841 3760 uti·
855 3710 889 3760 is.
926 3708 997 3763 Gud.
1017 3708 1048 3762 B.
1077 3711 1120 3760 uti
1140 3710 1191 3760 fris·
1234 3707 1310 3761 ldem
1331 3711 1432 3765 omittit
1453 3708 1496 3780 qui.

451 3798 523 3850 Gud.
544 3804 575 3851 A.
595 3798 693 3852 omittit
710 3817 772 3851 rem.
810 3796 867 3850 ΜΓ.

523 3888 569 3958 qni
589 3888 697 3937 honeste
716 3906 770 3938 rem
795 3889 943 3959 quaerunt]
992 3884 1059 3940 cod.
1079 3887 1156 3940 Suer.
1185 3887 1356 3938 horrestate
1385 3907 1439 3939 rem
1462 3904 1495 3957 qu.

452 3974 537 4029 Codd.
555 3972 613 4025 Cre.
633 3977 658 4026 Ι.
677 3974 756 4027 Drsd.
770 3978 796 4028 4.
817 3975 976 4038 honestam
991 3996 1044 4028 rem
1052 3997 1063 4037 ,·
1083 3976 1161 4029 Drsd.
1172 3979 1198 4030 5.
1217 3975 1413 4050 honestatem
1426 3990 1497 4047 quae·

451 4076 524 4119 runt.
563 4063 629 4116 cot.
650 4065 708 4116 Cre.
729 4068 753 4115 2.
773 4064 881 4115 ltoneste
908 4073 1057 4136 quaerunt,
1081 4063 1179 4116 omisso
1204 4079 1278 4121 rem,·
1309 4062 1356 4115 sed
1385 4063 1454 4115 idem
1475 4061 1495 4109 in

452 4153 637 4225 sequentibus,
658 4163 717 4223 post
736 4152 847 4217 dandis,
867 4153 993 4206 insertam
1012 4152 1092 4206 habet
1111 4170 1201 4205 rocem
1229 4151 1348 4217 victum,
1378 4162 1407 4204 ut
1426 4166 1496 4221 appa·

452 4254 522 4307 reat,
548 4242 691 4307 Codicem,
713 4260 742 4293 ex
768 4261 822 4311 quo
843 4243 901 4293 Cra.
921 4246 945 4294 2.
971 4241 1120 4313 descriptus
1146 4249 1197 4304 est,
1228 4258 1279 4310 pro
1309 4258 1366 4291 rem
1391 4238 1496 4292 habuisse

454 4328 584 4398 glossam,
603 4349 658 4381 non
679 4330 824 4382 admodum
843 4340 948 4399 aptam,
971 4332 1087 4393 victum,
1117 4347 1185 4400 quae
1204 4347 1219 4379 a
1241 4328 1357 4381 librario
1376 4329 1436 4384 loco
1453 4344 1495 4380 non

452 4435 502 4468 suo
522 4418 548 4468 in
575 4427 726 4469 contextum
749 4427 787 4469 est
815 4428 921 4488 recepta
942 4418 981 4470 vel
1010 4418 1098 4489 potius
1124 4418 1236 4469 intrusa.
1286 4421 1354 4469 Rem
1386 4430 1496 4491 quaerere

455 4503 543 4572 wyri.
563 4504 674 4575 explicat
689 4506 881 4574 possessionem
901 4508 1055 4577 acquirere5
1075 4506 1163 4577 aptius
1171 4504 1348 4562 Forcellinus
1366 4509 1393 4562 in
1407 4506 1495 4560 Lerico:
