3517 5450
355 697 428 768 222
680 720 851 767 rimport
880 718 1074 769 srotconuu.

355 900 401 951 gas
419 879 481 934 buic
498 891 644 935 structurae
663 898 707 946 ea,
727 899 795 952 quae
818 878 904 932 statim
923 881 1136 952 subsequamur:
1163 883 1317 955 eoderuque
1333 885 1361 952 (i.
1375 905 1391 936 e.

355 969 392 1018 ad
415 969 609 1040 eundemque)
637 968 813 1039 reseruntur:
845 968 975 1038 itemque:
998 971 1074 1037 apud
1097 988 1158 1021 eum
1183 971 1303 1040 polleat,
1328 971 1391 1025 babes

355 1077 429 1122 eam,
451 1058 484 1109 de
502 1077 554 1129 qua
574 1055 693 1128 loquitur
711 1054 859 1127 Woplrens.
879 1057 961 1136 Lectt.
980 1056 1050 1109 Tull.
1070 1078 1095 1128 p.
1113 1061 1167 1112 tut
1185 1079 1226 1133 sq.
1254 1058 1297 1112 ed,
1324 1059 1391 1112 Haud.

355 1166 380 1216 p.
400 1148 459 1199 144.
479 1145 585 1200 dicens:
612 1145 786 1211 „Pronomen
806 1164 866 1196 eum
885 1145 950 1198 sistit
969 1144 1077 1215 quidem
1096 1144 1162 1199 illud
1182 1144 1327 1206 συντάξεως
1344 1168 1389 1200 cur·

355 1253 429 1299 sum,
448 1234 469 1286 si
488 1243 589 1304 spectes
607 1232 769 1298 Relativum;
797 1233 843 1286 sed
862 1232 954 1305 parilis
983 1243 1022 1286 est
1051 1232 1179 1305 impedita
1198 1237 1391 1289 constructionis

356 1321 464 1374 durities
487 1323 515 1374 in
540 1321 580 1374 bis
607 1322 738 1394 exemplis
766 1320 849 1375 Acad.
867 1318 888 1386 Ι,
908 1323 938 1374 8:
965 1339 1067 1391 quam
1089 1322 1142 1373 vim
1161 1323 1391 1394 —eandemque

354 1430 410 1462 esse
428 1430 477 1474 -;
495 1410 528 1463 de
546 1408 625 1462 Finn.
643 1408 675 1475 ΙΙ,
694 1415 725 1462 2;
745 1409 915 1480 quaomnia
932 1409 1117 1480 referrentur,
1133 1427 1220 1481 neque
1240 1411 1277 1462 id
1294 1409 1305 1458 ι’
1309 1428 1391 1478 psum

356 1515 470 1569 usquam
489 1498 639 1569 referretur
658 1536 665 1550 .
683 1534 689 1548 .
709 1535 717 1550 .
736 1515 825 1567 neque
842 1494 882 1548 bis
898 1494 1082 1567 similibusque
1100 1494 1166 1549 locis
1184 1496 1334 1567 quicquam
1347 1516 1391 1548 no-

356 1586 499 1638 vendum.“
537 1584 590 1638 Sed
611 1585 661 1638 rid.
679 1596 796 1638 nostram
819 1594 911 1637 annot.
927 1583 961 1636 ad
978 1583 1076 1638 Tusce.
1088 1586 1121 1648 V,
1137 1587 1164 1651 8,
1182 1587 1207 1637 8.
1226 1584 1322 1655 iisque,
1338 1602 1390 1654 quse

356 1674 393 1725 ibi
411 1675 494 1744 (plss
507 1693 546 1745 sq.
565 1673 598 1727 Τ.
611 1672 668 1740 ΙΙΙ.)
686 1683 747 1726 sunt
767 1674 860 1745 posita,
879 1672 948 1725 adde
967 1672 1092 1744 Seyffert.
1128 1672 1267 1725 Palaestra
1286 1671 1391 1725 Ciceros.

357 1780 383 1832 p.
395 1763 439 1815 18.
456 1772 483 1815 et
499 1761 601 1833 Teipel.
612 1761 641 1814 in
654 1760 759 1814 Prolus.
778 1761 910 1817 Coesleld.
928 1780 951 1814 a.
961 1764 1041 1815 1841.
1058 1780 1110 1833 qua
1121 1761 1267 1832 probatur:
1287 1759 1390 1832 Scripte

356 1868 399 1900 res
422 1848 541 1902 Graecos
564 1860 591 1903 et
615 1849 723 1902 Latinos
751 1868 766 1902 a
790 1848 914 1914 relativa,
946 1869 999 1921 qua
1024 1849 1137 1917 dicitur,
1167 1850 1312 1906 verborum
1340 1868 1390 1903 rnn-

357 1937 502 1990 structione
520 1956 599 2009 saepe
616 1937 777 2003 discessisse,
796 1958 822 2009 p.
842 1940 884 1990 ta.
922 1936 982 1992 Mr.

428 2028 511 2078 Cuius
529 2026 617 2078 omnio
637 2027 750 2078 consilia
767 2055 803 2066 -
816 2026 982 2097 ferientum]
1019 2025 1083 2092 „Ab
1101 2029 1176 2095 ipso:
1196 2027 1215 2080 i.
1233 2046 1257 2080 e.
1277 2028 1309 2081 ab
1328 2026 1390 2098 ipsius

356 2115 465 2178 animo,
484 2133 539 2166 non
557 2133 572 2166 a
591 2113 806 2185 cupiditatibus.“
825 2113 899 2166 Fre.
919 2111 1008 2185 Sylv.
1046 2113 1111 2181 „Est
1127 2113 1196 2169 haec
1214 2115 1352 2188 descriptio
1365 2113 1390 2165 ti-

358 2202 465 2254 bertatis
496 2201 581 2272 magis
605 2200 776 2274 philosopha:
801 2201 910 2274 quando
935 2202 1066 2269 actiones,
1093 2221 1160 2274 quas
1184 2203 1272 2274 gerit,
1294 2204 1326 2256 ab
1347 2204 1390 2273 ipss

356 2301 503 2358 geruntur,
522 2288 671 2360 eodemque
690 2289 721 2359 (i.
742 2309 764 2342 e.
784 2290 816 2342 ad
836 2290 939 2361 ipsum)
955 2290 1087 2344 feruntur.
1134 2288 1389 2353 conventrense,

358 2396 426 2448 quae
445 2377 542 2430 dicitur
561 2376 671 2430 facultas
689 2378 799 2448 agendi:
819 2398 898 2450 agere
911 2398 980 2432 sero
999 2378 1122 2445 dicimur,
1142 2397 1207 2432 cum
1225 2398 1304 2432 causa
1323 2388 1392 2430 muta-

356 2466 436 2519 tionis
453 2466 481 2518 in
501 2467 592 2529 nobis,
612 2484 662 2518 nec
681 2477 750 2518 extra
772 2486 820 2519 nos
838 2467 884 2519 sita
904 2478 951 2520 est.
998 2467 1082 2538 Igitur
1104 2466 1144 2519 bis
1162 2465 1304 2522 Ciceronis
1327 2464 1391 2518 serbis

357 2553 504 2607 excluditur
527 2554 614 2606 omnis
638 2565 744 2606 externa
770 2554 835 2608 ris.“
867 2554 975 2625 Wytt.
1024 2554 1086 2619 „Ab
1102 2557 1162 2624 ipso
1184 2557 1262 2628 ptos.
1278 2557 1296 2610 i.
1314 2576 1346 2621 e.‚
1370 2564 1392 2605 ut

357 2655 417 2714 post
433 2655 479 2708 est,
498 2643 584 2713 ipsius
597 2642 731 2696 voluntate
745 2653 826 2714 atque
839 2642 946 2696 iudicio.
960 2643 1062 2695 namin
1079 2642 1120 2696 bis
1130 2644 1242 2715 proprie
1253 2656 1291 2698 est
1303 2644 1391 2697 bomo.“

357 2732 435 2785 Ern.
472 2735 503 2785 ln
522 2730 588 2785 Cod.
607 2731 664 2785 Cra
678 2735 703 2784 1.
720 2744 759 2787 est
777 2733 891 2784 consilia
909 2734 1007 2788 omnin.
1045 2730 1116 2786 Gud.
1128 2733 1162 2786 Α.
1180 2752 1225 2785 res
1243 2753 1295 2804 pro
1308 2750 1391 2802 resque.

358 2818 429 2871 Gud.
449 2818 479 2870 B.
505 2838 567 2892 que
590 2820 653 2888 (sic)
675 2822 746 2890 gerit
755 2840 765 2880 ‚·
795 2817 854 2875 Cra.
873 2806 998 2891 1.-'quas¹
1021 2822 1150 2892 egerit,
1180 2825 1241 2874 at.
1269 2841 1305 2876 ru.
1327 2820 1392 2873 altera

360 2906 454 2960 delerit
473 2906 587 2960 litteram
605 2926 619 2958 e
638 2909 825 2979 praemissam
853 2906 914 2961 Cra.
933 2914 958 2961 2.
975 2926 1045 2980 quas
1062 2910 1150 2980 agit.
1194 2908 1268 2961 Turn
1289 2908 1353 2962 Gud.
1368 2908 1391 2959 il.

359 2995 394 3047 ab
412 3015 448 3047 eo
466 3015 517 3067 pro
535 2996 673 3065 abipso.

371 3078 375 3084 ’
429 3085 569 3157 eodemque
587 3105 619 3136 re
620 3086 813 3155 seruntur]
840 3084 930 3155 Vulgo
949 3084 1100 3155 feruntur,
1130 3097 1225 3140 eontra
1253 3081 1391 3137 sententian

363 3171 507 3227 Ciceronis
541 3172 610 3225 Dedi
630 3172 711 3242 igitur
730 3190 791 3225 cum
812 3170 862 3225 Or.
881 3173 1050 3244 referuntur,
1070 3173 1162 3243 quise
1182 3174 1269 3227 rereri
1286 3173 1352 3238 dicit,
1367 3188 1393 3222 ne

358 3263 386 3315 in
406 3263 487 3315 verbo
506 3262 642 3332 feruutur
661 3260 753 3313 falsam
777 3262 940 3331 quaesierint
965 3261 1124 3332 elegantiam
1149 3262 1251 3327 critici,
1277 3261 1393 3329 addisque,

358 3351 436 3403 rerba
455 3350 584 3403 eiusmodi
612 3351 760 3421 composita
781 3361 893 3421 propter
918 3348 1077 3420 compendia
1096 3349 1248 3420 scripturae
1274 3368 1349 3420 saepe
1364 3344 1393 3397 tel

358 3458 420 3492 cum
439 3436 496 3490 aliis
514 3436 668 3508 compositis
687 3423 817 3490 confundi
845 3436 885 3489 vel
903 3437 932 3489 in
958 3428 1087 3507 simplicia
1109 3438 1238 3490 transire:
1265 3436 1341 3489 serbo
1362 3451 1394 3484 re-

352 3527 462 3598 ferendi
480 3536 569 3579 autem
586 3525 737 3596 saepissime
751 3524 789 3578 sic
807 3524 845 3576 uti
864 3522 1035 3577 Ciceronem.
1069 3523 1125 3578 Nec
1139 3544 1244 3578 vernes
1258 3525 1394 3578 coniectura

359 3614 532 3684 corrigendus
551 3612 601 3665 tuit
622 3613 709 3667 locust
738 3612 838 3666 babent
864 3612 937 3664 enim
955 3613 1115 3684 reseruntur
1140 3610 1227 3665 Codd.
1246 3612 1305 3666 Bas.
1322 3604 1394 3662 Guell·

359 3703 427 3755 Edd.
446 3703 518 3753 Crat.
537 3700 628 3771 Magn.
647 3700 721 3753 Man.
739 3701 831 3753 bamb.
850 3700 936 3764 Hub.,
965 3711 1101 3771 praeterea
1128 3719 1156 3752 es
1182 3701 1282 3753 nostris
1299 3693 1394 3752 oreb

360 3788 394 3840 U.
413 3807 439 3855 η.
458 3786 515 3839 Crz.
529 3790 553 3841 1.
572 3787 652 3841 Drsd.
664 3793 688 3840 2.
707 3788 817 3841 Gudtl.
837 3788 905 3841 Edd.
923 3788 1019 3842 Colou.
1035 3785 1112 3858 syth.
1131 3787 1202 3839 And.
1221 3787 1282 3841 Tal.
1301 3784 1394 3840 Lambb.

361 3873 441 3928 Goth.
461 3877 522 3927 Car.
542 3874 632 3946 Steph.
653 3874 829 3943 Boutatttd.
849 3879 928 3930 1517.
948 3879 1027 3930 1548.
1047 3877 1126 3929 1552.
1144 3874 1178 3927 ΙΙ.
1191 3875 1279 3928 Wott.
1297 3868 1394 3927 Fauciol.

361 3951 391 4015 ln
410 3963 477 4014 cod.
496 3962 575 4014 Drsd.
594 3968 620 4017 5.
644 3974 670 4016 et
697 3963 832 4017 EdVen.
852 3965 1050 4018 misfactum
1076 3973 1130 4027 est,
1164 3963 1241 4035 quod
1261 3982 1337 4035 saepe
1351 3957 1394 4012 lieri
1435 3999 1437 4052 Ι

361 4051 422 4104 dirit
441 4049 501 4115 On,
520 4049 646 4104 nimirum
666 4064 695 4104 ut
714 4063 825 4125 propter
840 4053 1001 4126 compendia
1020 4051 1155 4106 scribendi
1175 4053 1257 4105 rerba
1268 4049 1393 4122 composita

362 4138 607 4205 confunderentur,
626 4151 664 4192 est
682 4141 753 4193 euim
773 4141 800 4194 in
819 4140 860 4194 bis
874 4143 1064 4214 proferuntur.
1101 4139 1184 4210 Borg.
1201 4151 1302 4206 autem,
1319 4136 1359 4210 qui
1374 4135 1393 4185 itt

361 4228 485 4281 omnibus
504 4226 571 4278 Edd.
583 4247 637 4279 esse
650 4228 784 4298 feruutur
796 4230 915 4301 putabat,
935 4229 1073 4282 destitutus
1089 4226 1159 4281 Edd.
1171 4228 1311 4291 veteribus,
1329 4221 1393 4276 male·

361 4319 405 4369 bat
425 4328 512 4370 tamen
532 4316 706 4388 referuntur,
734 4316 814 4387 idque
833 4318 1040 4371 commendabat
1058 4315 1098 4367 bis
1115 4314 1195 4368 locist
1224 4314 1293 4367 Phil.
1312 4310 1350 4375 tx,
1364 4312 1392 4361 5:

362 4407 460 4475 Itaque
479 4423 524 4468 ea,
550 4421 619 4475 quae
636 4404 972 4474 proficiscebantur
998 4424 1016 4455 a
1035 4403 1141 4474 legibus
1161 4433 1212 4470 -,,
1232 4404 1271 4454 ud
1287 4398 1392 4473 nequitu·

363 4505 413 4546 tem
432 4490 619 4565 referebat.
650 4491 691 4543 De
705 4490 785 4544 Finn.
797 4491 829 4560 ll,
840 4498 889 4547 18:
904 4490 1210 4564 proficiscantur
1228 4501 1387 4549 anetum(
