3517 5450
460 715 535 789 210
796 738 970 785 ranaooxa
995 736 1189 786 srotconurr.

471 903 515 954 Ius
540 901 612 953 dives
631 899 677 952 sit.
712 895 818 949 Suerin.
838 894 918 947 Drsd.
937 899 962 946 2.
982 905 1008 947 et
1026 893 1098 948 Gud.
1111 895 1158 959 A.;
1176 894 1273 950 (πυόν.
1288 901 1385 950 Omnes
1405 927 1436 938 -
1452 919 1499 965 esse,

468 1002 494 1042 et
513 990 614 1042 stultos
633 1007 720 1040 omnes
737 1004 835 1040 servos,
854 1003 916 1037 curn
936 981 1003 1037 Cod.
1014 982 1108 1037 Duisb.
1123 983 1190 1036 Edd.
1202 1004 1244 1055 ap.
1255 984 1340 1039 Meus.
1361 986 1425 1041 Ven.
1438 991 1498 1042 itta.

469 1079 549 1133 ttdtb.
564 1077 629 1147 Arg.
649 1075 763 1137 Sturm.;
783 1072 862 1126 Drsd.
881 1077 922 1128 4.:
941 1073 1029 1125 homi
1036 1091 1094 1124 nes
1112 1091 1171 1142 sap.
1191 1071 1236 1124 tib.
1256 1092 1313 1126 esse
1331 1085 1361 1125 et
1379 1095 1462 1128 omnes
1474 1086 1499 1128 rt.

474 1185 572 1220 servos.
608 1163 716 1216 Nullam
735 1161 814 1233 plane
832 1160 930 1214 habent
949 1160 1152 1231 inscriptionem
1169 1159 1235 1214 Οτι.
1248 1163 1268 1214 Ι.
1283 1182 1343 1230 po.
1362 1175 1389 1218 et
1405 1164 1498 1220 Πυθώ.

473 1253 503 1306 ln
525 1251 575 1304 Ed.
592 1250 675 1303 Paris.
692 1251 761 1304 1543
781 1240 904 1301 εειειότε
929 1244 1022 1305 πάντες
1050 1248 1073 1298 ολ
1098 1253 1172 1310 σοφοί
1200 1248 1347 1320 ἐλεύθεροι,
1374 1248 1462 1312 πάντες
1479 1255 1496 1304 δ’

473 1342 497 1391 οἶ
514 1343 596 1409 μυροί
614 1339 720 1402 δοῦλοις
738 1338 766 1389 in
783 1337 851 1389 Edd.
870 1338 940 1389 Ven.
959 1339 1038 1390 1514.
1056 1336 1118 1389 Par.
1135 1341 1214 1392 tata.
1246 1338 1338 1392 Herw.
1357 1338 1458 1393 Camer.
1471 1333 1498 1390 ότι

471 1425 548 1492 μόνος
567 1423 580 1479 ό
599 1423 677 1488 σοφός
693 1423 843 1495 ἐλεύθερος,
864 1430 908 1476 καί
927 1420 1021 1482 πάντες
1040 1425 1064 1476 οἱ
1082 1430 1164 1495 μωροί
1182 1428 1286 1492 δοῦλοις
1311 1426 1340 1479 in
1367 1427 1433 1480 Edd.
1455 1426 1497 1480 Car.

465 1514 557 1586 Stepb.
577 1525 602 1568 et
620 1513 696 1585 Sytb.
716 1508 756 1565 ότι
776 1518 850 1574 σοφοί
868 1509 1009 1584 ἐλεύθεροι,
1029 1519 1072 1564 καί
1092 1514 1114 1563 οἶ
1133 1517 1215 1584 μωρόλ
1233 1515 1340 1580 δοῦλοε;
1359 1514 1426 1568 Edd.
1444 1513 1495 1568 Crat

465 1602 544 1656 Boui.
561 1601 632 1655 aud.
650 1601 708 1655 Tai.
727 1602 838 1655 Lanrbb.
857 1601 938 1655 Goth.
956 1601 1108 1656 Atd.1548.
1126 1601 1207 1656 Grut.
1224 1603 1303 1657 Face.
1321 1598 1366 1657 ότι
1383 1600 1496 1662 πάντεςοί

466 1696 541 1752 σοφοί
558 1686 705 1760 ἐλεύθεροι,
723 1690 817 1748 πάντες
834 1693 863 1742 δέ
884 1694 967 1759 μωροί
986 1692 1084 1745 δοῦλοι.
1129 1690 1221 1742 Latina
1246 1690 1347 1744 habent
1370 1691 1496 1754 nobiscum,

467 1780 513 1851 qui
532 1779 673 1833 nobiscum
692 1778 719 1830 in
740 1777 850 1831 Graecis
868 1777 984 1841 faciunt;
1009 1775 1055 1828 sed
1081 1778 1142 1829 Car.
1162 1777 1254 1848 Steph.
1278 1788 1305 1830 et
1324 1775 1400 1848 syth.
1440 1776 1497 1847 Quod

465 1869 601 1938 sopientes
619 1867 695 1919 liberi
712 1877 739 1916 er
756 1865 839 1917 stulti
856 1865 935 1917 servi.
987 1863 1117 1934 Reliquae.
1145 1883 1252 1918 ornnes:
1278 1869 1375 1917 Omnes
1393 1882 1448 1933 sup.
1465 1861 1496 1915 tt.

466 1975 522 2007 esse
540 1966 567 2006 et
589 1955 690 2007 stultos
709 1973 796 2005 omnes
815 1970 919 2014 servos,
947 1963 1054 2024 excepta
1081 1951 1140 2004 Asc.
1160 1955 1238 2006 1511.
1266 1973 1337 2025 quae
1355 1952 1409 2007 sola
1427 1951 1496 2004 habet:

466 2034 507 2092 ότι
524 2037 619 2100 πάντες
637 2042 661 2092 οἱ
679 2035 841 2111 φρόνιμοι
859 2037 999 2108 ἐλεύθεροι,
1018 2035 1112 2096 πάντες
1123 2040 1152 2091 rt
1169 2042 1279 2110 μάρου
1298 2043 1403 2094 doulos:
1426 2044 1496 2092 Onnes

465 2147 524 2200 rap.
543 2158 578 2167 -
597 2148 667 2193 esse,
686 2139 712 2180 et
732 2129 816 2181 omnis
834 2128 936 2180 stultos
954 2145 1044 2178 servos
1061 2145 1126 2181 esse.
1163 2127 1223 2181 Mr.

530 2208 606 2268 Ὅτι
623 2216 750 2273 πάντες
774 2245 808 2255 -
834 2216 974 2280 δοῦλοι]
1017 2213 1075 2267 Hoc
1100 2215 1257 2269 Paradoxon
1285 2216 1437 2271 Stoicorum
1458 2232 1496 2266 esse

467 2303 537 2356 testis
555 2313 592 2356 est
619 2304 698 2357 etiarn
717 2302 853 2374 Diogenes
871 2303 990 2356 Laertius
1005 2302 1075 2356 libro
1094 2303 1157 2357 Vll:
1183 2303 1279 2370 Stoici,
1299 2305 1405 2377 inquit,
1427 2304 1497 2356 dicunt

468 2391 553 2445 solum
572 2392 719 2464 sapientem
743 2391 859 2444 liberum
877 2411 947 2458 esse,
975 2391 1114 2462 improbos
1139 2403 1227 2445 autem
1253 2412 1343 2446 servos
1370 2387 1425 2462 [τόν
1440 2385 1497 2450 σοφόν

467 2476 544 2540 μόνον
562 2476 706 2551 ἐλεύθερον,
724 2474 786 2538 roric
804 2482 833 2532 δέ
846 2481 961 2541 φαύλους
973 2475 1110 2547 rotrone]
1130 2479 1292 2532 Libertatem
1310 2479 1383 2533 enim
1393 2474 1497 2550 operandi

468 2587 523 2621 esse
543 2578 715 2640 potestatem,
742 2587 796 2639 qua
815 2567 888 2621 stulti
914 2579 941 2621 et
958 2568 1074 2639 improbi
1094 2569 1207 2621 omnino
1227 2578 1351 2622 careant:
1378 2561 1496 2636 [εἷιωνάρ

468 2652 517 2724 τήν
546 2658 698 2727 ἐλευθερίαν
720 2658 835 2714 ἐξουσίαν
864 2653 1069 2727 αοῗτοπραγίαςι]
1099 2675 1153 2710 esse
1186 2668 1277 2710 autem
1304 2657 1433 2730 sapientes
1457 2671 1497 2705 non

469 2742 550 2795 ruodo
567 2743 674 2811 liberos,
693 2743 738 2797 sed
758 2744 837 2797 etiam
855 2761 941 2816 reges.
978 2744 1096 2797 Auctore
1115 2745 1245 2799 Cicerone
1264 2746 1335 2801 libro
1355 2747 1388 2800 de
1404 2745 1496 2799 Oratore

404 2840 407 2846 ’
469 2831 548 2883 tertio
566 2829 650 2885 Stoici
669 2832 763 2883 dicunt
781 2852 871 2885 omnes
890 2832 938 2903 qui
955 2833 1091 2901 sopientes
1109 2853 1161 2886 non
1179 2845 1259 2899 sunt,
1278 2854 1370 2889 servos
1389 2853 1451 2897 esse,
1465 2832 1495 2882 ia-

470 2926 571 2981 ίτοτιαο,
596 2918 701 2984 hostes,
726 2920 860 2972 insanos.“
878 2919 952 2973 Frc.
972 2918 1062 2991 Sytv.
1089 2941 1112 2971 v.
1131 2922 1164 2973 de
1190 2920 1240 2974 Or.
1260 2920 1306 2988 ill,
1325 2926 1371 2987 18,
1388 2927 1428 2977 ⁶5.
1468 2915 1496 2971 Ad
1541 2959 1542 2964 ι

470 3023 526 3056 rern
546 3006 618 3057 coni.
644 3005 678 3058 G.
698 3004 728 3059 H.
748 3006 864 3079 Kiippel.
892 3011 1046 3080 comparat.
1065 2997 1211 3063 Doctrinae
1235 3009 1395 3064 Stoicorum
1412 3008 1496 3081 Dthiue
1541 3015 1542 3060 3

470 3102 551 3163 atque
569 3090 735 3146 Christianae
755 3093 983 3166 [Gotting.1823.
1002 3098 1040 3163 8.]
1059 3116 1086 3167 p.
1106 3100 1157 3150 21⁰
1174 3117 1234 3169 sqq.
1271 3098 1333 3153 Mr.

535 3172 611 3230 Ὅτε
628 3176 727 3239 μόνος
747 3203 770 3232 ν.
789 3202 813 3236 τ.
834 3184 870 3249 λ.]
908 3182 1062 3253 „Diogenes
1080 3184 1107 3236 in
1127 3184 1237 3237 Zenone
1257 3185 1328 3253 [Vll¹
1350 3188 1421 3255 121]
1444 3183 1499 3257 ponit

472 3275 496 3315 et
523 3283 630 3317 causam
659 3267 779 3338 exponit:
805 3270 894 3321 Μόνον
918 3266 964 3321 τόν
990 3264 1068 3332 σοφόν
1092 3270 1239 3343 ἐλεάθερον,
1269 3270 1331 3334 toric
1356 3278 1386 3327 dt
1403 3276 1500 3338 φαύλους,

470 3353 596 3412 δούλους·
616 3347 681 3406 εἶναι
697 3353 748 3426 γάρ
767 3358 918 3427 ἐλευθερίαν
935 3361 1050 3417 ἐξουσίαν
1068 3356 1257 3431 αὐτοπραγίας.
1294 3364 1356 3417 Hoc
1374 3366 1456 3435 ipsum
1468 3362 1499 3413 su·

470 3441 523 3493 sius
542 3440 678 3511 Epictetus
697 3445 743 3497 lV.
761 3443 912 3501 Dissertatt.
929 3466 988 3517 cap.
1001 3451 1026 3500 1.
1046 3448 1115 3519 [prc.
1136 3470 1161 3521 p.
1170 3452 1231 3503 ate
1249 3450 1300 3503 Ed.
1309 3448 1501 3505 Cantabetffl·

470 3530 506 3595 8.]
543 3525 697 3600 Ἐλεῦθερός
722 3535 791 3584 ἐστιν
816 3528 830 3584 ό
853 3533 921 3602 ζῶν,
946 3532 980 3595 οἷς
997 3532 1137 3601 βούλεται,
1163 3534 1191 3588 όν
1209 3534 1264 3589 οὔτ’
1283 3536 1429 3606 ἀναγκάσω
1443 3540 1500 3594 ἐστὶν,

470 3613 529 3669 οὔτε
548 3615 663 3670 κωλύσαι
681 3617 740 3672 οὔτε
757 3619 916 3685 βιάσασθαι.
953 3621 974 3676 Ι.
992 3623 1095 3695 Lipsius
1114 3624 1273 3682 Manuduct.
1288 3628 1323 3680 ad
1336 3627 1432 3680 Philos.
1439 3623 1500 3679 Stoio

470 3703 516 3756 lib.
535 3701 578 3755 ΙΙΙ.
598 3724 620 3757 c.
640 3708 683 3757 ta.
703 3707 749 3759 ubi
768 3708 826 3760 vide
845 3710 931 3781 plura.
969 3714 1036 3764 Cato
1054 3732 1081 3765 se
1100 3711 1194 3766 Uticae
1213 3713 1407 3768 interemturus
1423 3713 1452 3765 de
1465 3709 1500 3762 hot

472 3791 609 3844 Paradoao
628 3792 732 3847 sortiter
750 3796 879 3853 disseruit.
916 3800 1077 3855 Plutarchus
1095 3801 1123 3854 in
1143 3802 1200 3854 eius
1220 3802 1281 3855 Vita
1302 3798 1376 3874 [cap.
1395 3802 1457 3868 GU:
1471 3800 1500 3848 ια’

472 3874 539 3937 μετ-ά
558 3876 589 3929 τά
607 3878 742 3932 δείπνονό
769 3885 847 3946 πότος
865 3889 923 3954 ἴσχε
946 3894 1046 3951 μοῦσαν
1073 3887 1171 3957 πολλήν
1198 3895 1242 3941 καὶ
1263 3889 1361 3961 χάριν,
1386 3879 1501 3943 άλλανέπ1

473 3962 561 4022 &truc
579 3964 660 4031 λόγων
679 3969 825 4033 φιλοσόφων
842 3973 1021 4028 κυκλούντων·
1048 3974 1124 4045 άχρις
1152 3962 1182 4029 ori
1207 3981 1352 4048 περιῆλθεν
1378 3976 1394 4049 ἦ
1420 3975 1500 4047 ζὴτρσεί

473 4057 508 4113 tlt
526 4058 611 4106 ταῦτα
636 4054 671 4125 θ’]
701 4057 837 4130 παράδοξα
864 4069 916 4116 τῶν
933 4068 1071 4132 Στωϊκῶν,
1099 4062 1129 4117 τό
1147 4061 1239 4117 Μόνον
1264 4061 1331 4119 εἶναι
1357 4064 1404 4119 τόν
1421 4058 1499 4132 α’ραθόι

471 4142 614 4213 ἐλεύθερον,
633 4145 742 4208 θοίιλους
759 4152 789 4202 rt
805 4150 867 4210 roric
886 4150 1002 4214 φαύλους
1019 4147 1147 4212 ἅπαντας.
1184 4150 1321 4207 Ἐνταῦθα
1336 4155 1381 4225 δὴ,
1400 4150 1431 4212 u‘c
1446 4145 1499 4206 sirit,

470 4228 625 4297 α’ντιβάντος
641 4240 688 4288 τοῦ
707 4240 937 4308 Περιπατητικοῦ,
959 4237 1072 4311 σφοδρός
1090 4236 1233 4303 ἐμπεσάνό
1250 4240 1367 4308 Κάτων,
1390 4245 1432 4296 καί
1445 4234 1498 4289 τόθ’

468 4326 591 4387 προςθείς
612 4343 655 4374 και
675 4326 830 4393 τραχύτητα
849 4330 945 4397 φωνῆς,
965 4326 1079 4383 α’πέτεινε
1097 4328 1260 4399 πορρωτάτω
1281 4328 1328 4381 τόν
1346 4327 1426 4396 λόγον,
1443 4322 1498 4389 α’γῧίί

469 4412 617 4479 θαυμαστῷ
632 4410 809 4482 χρησάμενος,
829 4408 894 4467 ὥστε
912 4420 1011 4485 μηθένα
1031 4420 1139 4481 λαθεῖν,
1166 4411 1208 4468 ότι
1227 4419 1265 4486 τῷ
1283 4423 1334 4486 βίῳ
1352 4422 1429 4487 πέραί
1443 4413 1497 4476 ‘’fl“

471 4512 510 4542 κεν
541 4500 638 4556 ἐπιθείς
664 4497 885 4553 ἀπαλλάττεσθαι
912 4508 964 4555 τῶν
997 4502 1140 4575 παρόντων.
1198 4504 1302 4560 Eadem
1326 4507 1375 4559 fuit
1398 4495 1496 4557 sentenia
