3517 5450
569 726 732 774 excursus
752 726 795 773 vt.
832 728 873 773 so
903 728 1099 775 usnsuoxon
1121 730 1163 791 tv,
1183 725 1208 776 1.
1340 710 1414 784 337

362 889 413 954 nis,
437 905 505 959 quae
526 886 553 938 ia
574 885 650 939 nullo
668 885 778 940 homine
795 907 899 942 summa
918 888 1139 960 deprehenditur,
1160 891 1408 946 abhorrentem.“-

360 975 412 1044 Qui
431 994 513 1047 supra
533 993 547 1026 a
569 974 691 1029 Betuleio
712 975 836 1030 laudatur
855 977 929 1031 iocus
949 977 1077 1049 Diogenis
1096 980 1207 1046 La'e‘rtii,
1235 994 1272 1036 est
1292 982 1336 1036 tib.
1357 985 1412 1041 Vtt.

360 1063 428 1117 Sect.
449 1066 501 1117 12⁰
519 1082 557 1134 sq.
578 1082 603 1134 p.
622 1067 684 1118 stt.
716 1063 766 1117 Ed.
785 1063 913 1118 Meibom.
931 1066 964 1118 ad
984 1084 1065 1138 quem
1085 1067 1174 1122 iocum
1201 1070 1251 1123 rid.
1270 1072 1335 1142 Aeg.
1354 1071 1412 1124 Me-

360 1151 477 1222 nogium.
514 1149 573 1204 ΜΓ.
994 1152 996 1158 '

784 1287 991 1299 *—

742 1421 955 1481 Excuttstts
978 1423 1026 1482 Vl.

587 1556 662 1631 sn
688 1556 1032 1634 nsnsuoxon
1057 1564 1126 1656 tv,
1152 1563 1187 1638 t.

535 1754 574 1764 -
601 1754 638 1764 -
664 1755 703 1765 -
729 1714 830 1781 rebus
852 1717 993 1781 vincam
1015 1724 1231 1789 necessariis.

347 1889 349 1893 ·
426 1860 535 1925 „Rebus
552 1860 677 1912 addicam
695 1861 859 1914 necessariis.
896 1858 986 1912 liebus
1007 1880 1056 1930 pro
1075 1863 1166 1917 causis
1186 1866 1282 1937 posuit.
1319 1867 1410 1919 Addi-

355 1967 414 2001 cam
434 1961 538 2013 autem,
559 1950 620 2021 quia
641 1968 736 2020 parum
755 1949 880 2003 usitatum
901 1948 1012 2001 verbum
1031 1961 1077 2017 est,
1096 1950 1124 2003 in
1143 1971 1196 2023 qua
1216 1952 1408 2023 significatione
1480 1963 1484 1968 “

355 2036 432 2090 hica
454 2035 587 2090 Cicerone
612 2049 771 2109 usurpatur,
804 2048 947 2109 propterea
976 2037 1075 2092 multos
1099 2058 1203 2093 errores
1229 2059 1409 2114 magnamque

354 2124 517 2197 opinionum
545 2125 696 2180 varietatem
729 2124 832 2179 inscitia
860 2124 973 2196 peperit.
1022 2124 1126 2193 Quodsi
1157 2128 1281 2180 addicam
1308 2129 1408 2184 dictum

354 2231 410 2266 esse
430 2211 556 2284 patuisset
573 2231 623 2283 pro
641 2212 773 2282 probabo,
793 2212 916 2283 profecto
934 2211 983 2265 sibi
1002 2232 1017 2267 a
1036 2214 1166 2268 veteribus
1186 2215 1268 2281 libris,
1287 2219 1333 2288 qui
1352 2218 1410 2289 ple·

354 2299 433 2372 rique
451 2299 540 2368 (octo)
559 2299 658 2355 babent
676 2301 829 2363 addictam,
855 2300 1047 2354 discedendum
1065 2321 1121 2355 nou
1141 2315 1282 2376 putassent.
1324 2305 1410 2360 Huius

354 2399 444 2442 autem
463 2387 536 2441 verbi
555 2389 607 2440 rim
625 2388 719 2443 Festus
737 2389 868 2453 ostendit,
895 2388 933 2442 bis
952 2390 1051 2443 verbis:
1076 2392 1208 2445 Addicere
1238 2404 1279 2446 est
1302 2395 1410 2465 proprie

354 2477 425 2528 idem
443 2476 530 2529 dicere
548 2486 576 2527 et
596 2476 744 2547 approbare
762 2478 879 2532 dicendo.
898 2477 970 2530 alias
979 2478 1102 2530 addicere
1115 2479 1242 2532 damnare
1256 2491 1305 2536 eet.
1344 2482 1410 2549 [Mi-

353 2563 421 2616 reris
438 2582 494 2616 aon
515 2563 606 2618 vidisse
627 2564 712 2618 virum
732 2564 856 2632 doctum,
885 2565 948 2618 inde
967 2585 1022 2618 non
1042 2567 1167 2636 probari,
1190 2569 1332 2622 addicendi
1349 2589 1409 2623 rer-

353 2654 419 2707 btsm
439 2669 489 2723 pro
509 2653 708 2705 demonstrandi
725 2654 807 2706 verbo
825 2653 950 2724 usurpari
969 2655 1066 2724 posse]
1104 2653 1156 2707 Atii
1175 2657 1308 2721 arincam,
1334 2659 1407 2729 quod

354 2763 411 2798 non
437 2743 543 2798 reiieio:
580 2743 625 2796 sed
653 2755 752 2797 veteres
778 2742 839 2797 libri
868 2743 1034 2797 dissentiunt.
1084 2742 1137 2797 Atti
1162 2742 1261 2798 babent
1289 2746 1408 2797 vincam.-

353 2831 398 2886 stit
417 2830 568 2884 adriacum.
606 2830 677 2898 Mei,
702 2852 771 2886 unus
790 2833 934 2887 adducam.
979 2833 1089 2898 Dicam,
1115 2832 1178 2886 duo.
1226 2833 1275 2885 Ad
1299 2833 1407 2897 rictam,

354 2937 431 2974 unas.
469 2918 628 2983 Additiam,
648 2930 707 2973 tres.
757 2920 933 2990 Compeliam,
958 2920 1098 2983 addicam,
1116 2923 1213 2972 unus.“
1244 2918 1317 2973 Atd.
1340 2921 1408 2975 Ma·
1491 2946 1496 2955 ¹

354 3020 426 3063 nat.
462 3008 578 3075 „Veneti
598 3020 624 3061 et
642 3008 686 3061 atti
705 3008 761 3061 fere
780 3008 842 3062 libri
861 3008 1001 3073 addicam,
1028 3008 1109 3079 idque
1134 3006 1225 3061 saltem
1252 3006 1332 3061 serbo
1359 3009 1409 3059 ab·

353 3096 442 3148 &cam
461 3095 546 3148 verius
563 3095 673 3149 ridetur.
710 3095 821 3148 Adduci
839 3106 929 3149 autem
947 3095 1026 3148 rebus
1043 3097 1200 3149 necessariis
1218 3096 1328 3150 fortasse
1347 3117 1407 3150 eum

352 3183 446 3248 sentit,
466 3181 509 3237 cui
535 3182 589 3237 dati
607 3194 744 3238 curatores
768 3185 970 3256 suppeditarent
988 3185 1133 3237 necessaria
1154 3185 1280 3241 advitam
1308 3185 1408 3257 degen-

350 3270 432 3338 dam,
454 3271 552 3343 cuique
571 3271 675 3325 ademta
696 3283 763 3325 esset
781 3273 917 3325 bonorum
937 3272 1158 3325 administratio.“
1179 3270 1352 3329 Camerar.

425 3360 603 3432 „inquinatus
621 3359 688 3413 adeo
705 3370 743 3413 est
762 3358 806 3413 hic
823 3358 914 3425 locus,
933 3369 963 3411 ut
981 3359 1208 3429 quemadmodum
1228 3360 1327 3430 corrigi
1346 3382 1408 3431 pos·

351 3449 400 3512 sit,
420 3467 477 3501 nou
497 3447 616 3500 viderim.
663 3446 792 3518 Optimae
810 3448 949 3514 omnium,
975 3464 1041 3517 quos
1067 3446 1188 3510 tractari,
1207 3446 1348 3512 codicum,
1373 3448 1406 3501 ita

354 3536 448 3602 habet,
467 3535 512 3589 sed
531 3536 674 3603 mendose,
693 3547 722 3591 ut
740 3538 853 3609 opinor,
873 3537 986 3608 etipse:
1012 3538 1071 3607 Ego
1089 3552 1151 3586 cero
1169 3544 1196 3585 te
1213 3553 1267 3586 nan
1283 3534 1407 3597 stultum,

354 3637 388 3680 ut
406 3643 503 3695 saepe:
529 3643 582 3675 nan
599 3624 760 3694 improbum,
780 3635 812 3677 ui
839 3643 955 3695 semper:
982 3623 1030 3675 sed
1049 3622 1192 3673 dementem
1214 3620 1347 3674 rebusad
1365 3622 1408 3675 ci-

353 3725 428 3767 ctum
447 3713 614 3767 necessariis.
632 3730 688 3765 esse
705 3713 825 3767 invictus
840 3723 932 3783 potest
948 3710 1079 3781 sapientis
1099 3709 1205 3761 animus
1222 3708 1407 3780 magnitudine

353 3801 474 3866 consilii,
493 3799 643 3852 tolerantia
661 3820 749 3853 rerum
768 3802 965 3865 humanarum,
992 3799 1184 3867 contemptione
1201 3797 1336 3869 fortunae
1357 3808 1407 3852 eto.

351 3890 448 3959 Quare
471 3899 607 3959 receptam
636 3888 780 3942 lectionem
806 3889 957 3956 (addicam)
976 3905 1023 3940 sua
1051 3886 1111 3939 sede
1130 3905 1184 3937 uon
1204 3884 1289 3952 mori,
1313 3896 1339 3939 et
1367 3896 1408 3957 ta-

354 3997 417 4031 men
449 3988 564 4030 veterem
596 3977 771 4048 scripturam,
810 3974 982 4049 qualisqualis
1008 3985 1061 4040 est,
1099 3984 1218 4027 testatam
1256 3972 1407 4042 relinquere

352 4066 451 4120 volui.“
482 4064 679 4118 Victorius.
1356 4118 1359 4123 .

426 4152 519 4219 „Libri
538 4150 618 4205 MSS.
644 4150 687 4205 hic
714 4151 861 4206 admodum
890 4152 1000 4205 variam.
1043 4149 1161 4218 Quidam
1189 4151 1342 4199 Dementem
1365 4149 1409 4198 iu-

350 4240 426 4305 dico,
455 4239 587 4311 siquidem
613 4238 643 4292 in
668 4239 747 4293 rebus
771 4240 809 4292 ad
834 4241 937 4293 rictum
962 4239 1118 4293 necessariis
1145 4236 1275 4288 invictum
1299 4244 1406 4304 potest,·

350 4327 410 4380 atti:
429 4326 478 4378 sed
496 4327 639 4378 dementem
650 4327 770 4380 insanire
781 4328 860 4381 rebus
873 4328 1013 4380 addictum
1031 4324 1195 4380 necessariis,
1213 4323 1408 4375 esseincictum

348 4424 460 4485 potest5
480 4414 534 4481 alii,
555 4415 674 4486 proxime
684 4416 716 4469 ad
732 4436 889 4488 germanam
909 4417 1083 4488 scripturam:
1102 4412 1150 4463 sed
1167 4409 1309 4461 dementem
1326 4420 1352 4460 et
1365 4411 1409 4460 in—

349 4521 464 4566 sanum,
485 4501 562 4554 rebus
581 4503 706 4556 addicam
724 4505 890 4558 necessariis.
937 4504 1016 4559 Unde
1032 4499 1176 4571 aliquando
1195 4496 1336 4551 existimari
1357 4496 1408 4568 legi

1062 4587 1110 4659 22
