3517 5450
458 707 506 781 42
785 732 958 779 ranarum
985 731 1179 781 sroiconuu.

458 890 523 944 dicit
540 909 568 941 re
581 909 614 940 ac
621 891 720 961 suetis,
739 890 764 942 id
783 891 898 961 opponit
911 891 1042 961 superiori
1060 891 1144 955 verbo,
1163 903 1193 945 ut
1207 903 1277 946 recte
1290 892 1397 945 monuit
1408 893 1505 948 Ochsn.

457 979 514 1048 Ecl.
533 977 586 1031 Cic
607 998 634 1049 p.
647 981 708 1033 362.
726 977 870 1049 laudatque
888 976 946 1032 Cic.
964 978 1060 1032 Tusco
1075 980 1095 1045 l,
1113 985 1156 1033 25.
1176 978 1221 1032 uhi
1240 980 1391 1050 opponitur
1408 1000 1460 1031 non
1473 1001 1506 1045 re,

457 1068 505 1118 sed
522 1067 658 1117 vocabulo.
694 1065 747 1118 Sed
766 1084 828 1120 cum
847 1063 872 1117 h.
886 1067 904 1118 l.
923 1065 1100 1136 reprehendat
1118 1066 1215 1119 Cicero
1234 1067 1357 1131 maiores,
1377 1067 1425 1136 qui
1443 1068 1506 1118 bona

457 1153 661 1228 appellaverint,
680 1173 749 1225 quae
766 1163 852 1206 essent
872 1155 1071 1207 commutabilia
1090 1165 1116 1207 et
1135 1155 1253 1220 incerta,
1271 1155 1299 1205 iu
1319 1173 1353 1206 eo
1372 1173 1430 1206 non
1451 1153 1507 1205 illos

457 1242 538 1295 modo
557 1241 698 1312 vituperat,
727 1241 772 1293 sed
792 1241 945 1294 uuiversum
965 1244 1020 1295 lere
1041 1261 1125 1314 genus
1149 1240 1313 1305 humanum,
1342 1252 1367 1293 et
1391 1240 1506 1310 philoso-

457 1330 522 1402 phos
541 1331 607 1383 adeo
626 1328 776 1400 plerosque.
813 1329 875 1397 Qua
895 1329 928 1382 de
948 1348 977 1381 re
1002 1349 1064 1383 cum
1090 1331 1117 1382 in
1143 1328 1339 1382 commentario
1361 1347 1413 1380 suo
1430 1328 1504 1381 ran's·

456 1418 523 1469 simo
542 1416 643 1487 optime
662 1417 834 1487 disputaverit
846 1417 944 1487 Xystus
959 1415 1102 1482 Betuleius,
1121 1403 1178 1469 eius
1195 1416 1400 1470 annotationem
1419 1415 1504 1485 paullo

456 1504 606 1576 longiorem
625 1505 758 1558 coniicere
784 1504 884 1573 placuit
906 1504 934 1556 in
953 1507 1105 1556 Excursum
1123 1503 1282 1560 secundum.
1308 1503 1352 1556 cui
1371 1503 1504 1564 addemus,

457 1612 524 1664 quae
544 1593 665 1644 addenda
685 1591 845 1644 videbuntur
864 1612 893 1644 ex
914 1591 1045 1646 Cicerone
1062 1593 1130 1662 ipso,
1150 1591 1205 1662 qui,
1223 1591 1269 1643 ubi
1288 1610 1344 1642 non
1363 1590 1420 1661 agit
1437 1589 1503 1642 Stoi-

456 1698 528 1744 cum,
548 1680 604 1750 ipse
623 1678 701 1732 huius
720 1679 854 1750 praecepti
874 1679 912 1732 rel
933 1678 1147 1751 reprehensionis
1164 1679 1214 1732 luit
1232 1678 1387 1731 immemor.
1416 1678 1446 1729 M
1452 1698 1472 1730 r.

528 1770 657 1816 Potestne
676 1767 770 1818 bunum
789 1767 916 1838 cuiquam
933 1767 1004 1819 malo
1022 1765 1109 1833 esse?]
1126 1765 1176 1832 „ln
1197 1765 1290 1818 codice
1306 1765 1421 1837 antiquo
1435 1765 1502 1818 aliter

456 1853 586 1924 scriptum
613 1853 735 1919 invenio,
764 1853 810 1906 sed
835 1853 928 1906 eadem
955 1853 1093 1906 sententia.
1137 1852 1175 1905 lta
1203 1853 1274 1904 enim
1299 1852 1432 1923 scriptum
1455 1862 1500 1903 est:

456 1947 584 1992 Potestne
602 1942 729 2012 cuiquam
747 1942 843 1993 benum
861 1942 914 1994 nisi
932 1939 997 1993 bono
1015 1939 1122 1992 inesse?
1163 1937 1204 1991 Ab
1222 1939 1403 1992 efficientibus
1421 1950 1498 1990 autem

456 2028 557 2097 arguit,
583 2026 649 2080 haec
668 2030 737 2081 bona
756 2049 813 2081 non
832 2049 897 2083 esse.
931 2029 978 2082 His
996 2039 1084 2081 autem
1105 2028 1186 2080 rebus
1205 2027 1282 2079 multi
1305 2026 1376 2080 liunt
1393 2027 1498 2080 deterio-

457 2133 506 2168 res.
544 2115 662 2170 Auctore
676 2116 862 2184 Quinctiliano
876 2117 921 2169 lll.
934 2121 960 2183 2,
974 2121 1035 2171 147.
1055 2115 1174 2179 divitiae,
1189 2115 1321 2184 potentia,
1339 2115 1434 2183 gratie
1448 2133 1496 2164 cum

453 2204 601 2273 plurimum
626 2204 723 2255 virium
749 2206 810 2256 dem
836 2206 865 2256 in
891 2217 1033 2276 utramque
1055 2213 1176 2274 partem,
1205 2202 1382 2253 certissimum
1395 2201 1496 2271 fuciunt

459 2309 560 2340 morum
578 2292 801 2358 experimentum:
826 2302 876 2342 aut
894 2293 964 2342 enim
982 2292 1100 2343 meliores
1112 2299 1223 2359 propter
1240 2290 1321 2349 haec,
1340 2299 1392 2339 aut
1409 2291 1496 2358 peiores

458 2382 576 2431 sumus.“
601 2379 623 2430 F
630 2398 673 2432 rc.
694 2378 783 2450 Sylr.
818 2364 911 2445 „llaec
929 2390 991 2431 sunt
1009 2378 1065 2431 lere
1084 2379 1112 2430 in
1135 2376 1266 2448 improbis
1289 2375 1456 2438 homiuibus,
1478 2384 1496 2424 et

459 2477 557 2518 nocent
567 2467 679 2537 probis:
705 2485 761 2520 non
781 2479 892 2538 possunt
914 2467 996 2538 igitur
1015 2466 1067 2519 dici
1085 2467 1186 2519 hona.“
1212 2464 1234 2515 F
1240 2481 1307 2517 acc.
1344 2463 1412 2529 „Est
1428 2479 1496 2530 argu·

458 2563 580 2604 mentum
598 2552 729 2619 Stoicum,
750 2554 851 2607 malum
869 2554 1007 2606 hominem
1027 2553 1064 2606 nil
1084 2571 1159 2624 posse
1177 2551 1276 2604 habere
1294 2551 1375 2604 boni:
1397 2568 1465 2619 ergo,
1480 2548 1494 2599 si

459 2640 545 2699 malus
562 2640 641 2695 habet
659 2642 775 2695 divitias:
795 2643 971 2713 consequitur
986 2640 1088 2695 divitias
1106 2660 1161 2693 non
1180 2659 1236 2691 esse
1254 2639 1387 2691 bonum.“
1407 2637 1495 2706 Wyu

458 2726 489 2780 ln
507 2726 574 2780 Cod.
592 2728 651 2782 Cra.
669 2732 695 2784 3.
715 2741 774 2801 post
789 2741 913 2799 potestne
931 2730 1027 2782 bunum
1046 2748 1131 2782 unum
1149 2729 1222 2781 deest
1243 2727 1356 2793 lolium,
1385 2726 1494 2795 idemque

458 2817 546 2887 pergit
564 2836 622 2887 cap.
643 2821 667 2869 2.
686 2829 744 2888 post
762 2818 890 2871 medium.
909 2847 941 2858 -
973 2815 1040 2869 Cod.
1059 2816 1138 2868 Drsd.
1156 2820 1181 2869 5.
1203 2815 1281 2869 habet
1299 2825 1421 2885 potestne
1438 2809 1495 2862 cui-

459 2922 557 2975 quam
576 2902 697 2954 bonum
715 2906 785 2955 'nalo
802 2924 876 2957 esse
886 2925 895 2965 ‚·
916 2903 983 2957 Cod.
1003 2902 1074 2957 Gud.
1093 2904 1126 2957 Α.
1144 2904 1278 2972 cuipiam
1298 2899 1366 2955 Cod.
1384 2901 1461 2953 Bern.
1478 2906 1495 2948 tl

459 3009 480 3042 v.
496 2987 513 3042 l.
533 2989 664 3061 Magnoli‚
682 2990 763 3045 Drsd.
783 2998 808 3045 2.
826 2992 892 3046 Ou.
909 2991 940 3044 E.
958 2993 991 3046 N.
1010 3012 1034 3062 η.
1053 2993 1177 3063 cuiquem
1196 2990 1266 3042 mulo
1282 2991 1416 3041 inesse:
1435 2984 1495 3058 quod

459 3096 519 3131 rere
535 3078 600 3131 dicit
614 3077 716 3131 Gernh.
734 3080 767 3131 ab
788 3090 910 3145 externae
924 3081 962 3132 rei
979 3079 1142 3151 possessione
1156 3076 1314 3148 discrepare.
1350 3076 1381 3127 lu
1396 3070 1494 3127 Gudtl.

460 3177 498 3218 est
515 3184 572 3217 esse
589 3166 676 3226 malo,·
704 3166 731 3218 in
755 3164 814 3219 Cra.
833 3170 858 3219 1.
879 3167 1006 3220 malum
1028 3186 1093 3221 esse.
1111 3195 1146 3206 -
1175 3164 1225 3219 Or.
1243 3184 1271 3216 ex
1290 3163 1341 3215 Ed.
1362 3181 1419 3232 prc.
1435 3158 1496 3227 Mag.

460 3254 538 3307 1465.
561 3263 587 3305 et
604 3251 708 3305 Manut.
727 3256 805 3308 1559.
824 3256 940 3309 enotavit
958 3256 1101 3310 lectionem
1118 3259 1214 3306 Potest
1231 3252 1319 3303 enim
1338 3270 1390 3322 pro
1404 3257 1495 3318 potest-

459 3359 513 3392 ne:
533 3339 605 3411 quod
625 3341 652 3393 in
672 3353 824 3395 nostrarum
844 3344 917 3397 nulla
937 3355 983 3398 est.
1019 3344 1079 3396 Mr.

530 3430 655 3501 cuiquam
674 3430 744 3482 malo
762 3430 850 3499 essed]
881 3431 923 3483 Ad
942 3431 967 3485 h.
985 3430 1002 3483 l.
1021 3427 1230 3484 Wetaeliust
1259 3423 1394 3491 „Divitiae
1412 3433 1495 3480 autem,

458 3515 588 3585 honores,
608 3518 708 3583 forma,
730 3518 856 3572 nobilitas
873 3518 946 3572 malo
965 3539 1043 3591 saepe
1061 3520 1179 3571 luerunt.
1216 3515 1289 3584 Ergo
1308 3512 1400 3566 omnia
1418 3510 1458 3563 illa
1475 3507 1494 3558 ia

459 3601 537 3655 honis
559 3603 727 3656 numeranda
753 3625 809 3657 non
832 3608 924 3660 sunt.“
967 3607 1017 3661 llic
1034 3608 1115 3678 igitur
1133 3605 1203 3657 mulo
1222 3602 1326 3654 videtur
1344 3600 1441 3653 habere
1458 3612 1494 3667 pro

459 3687 575 3743 Neutro:
591 3711 641 3762 pro
653 3691 804 3746 Masculino
822 3694 921 3747 habent
930 3695 991 3749 Fre.
1003 3694 1108 3766 Sylvius
1121 3704 1147 3746 et
1157 3687 1390 3762 wyttenbachius.
1423 3682 1494 3737 Odis-

460 3795 542 3829 nerus
560 3778 588 3829 in
607 3777 719 3850 Eclogg.
738 3801 764 3851 p.
782 3785 843 3835 362.
865 3782 926 3836 coll.
944 3804 970 3854 p.
989 3786 1049 3837 363.
1067 3781 1185 3845 dubitat,
1210 3778 1245 3830 ita
1264 3788 1372 3841 tamen,
1396 3765 1493 3827 utillud

461 3864 607 3935 praeferat,
627 3866 706 3920 addat
725 3879 829 3935 tamen,
850 3871 869 3923 si
889 3871 941 3924 hoc
959 3871 991 3924 sit
1009 3868 1229 3940 intelligendum,
1247 3865 1276 3917 in
1294 3884 1371 3935 seqq.
1387 3858 1462 3913 malle
1476 3871 1494 3906 tt

459 3952 587 4022 scriptum
606 3953 696 4006 absint
714 3975 764 4026 pro
784 3957 879 4011 obsint.
917 3959 982 4012 Mihi
1011 3957 1120 4030 quidem
1144 3974 1220 4009 secus
1239 3951 1352 4005 videtur.
1385 3940 1494 4001 Masculi·

460 4057 525 4092 num
541 4039 663 4111 intelligo
677 4061 740 4096 cum
753 4045 975 4115 Wyttenbachio:
993 4065 1044 4100 nec
1063 4063 1124 4097 vero
1142 4042 1232 4095 adsint
1248 4036 1418 4101 correxerim,
1436 4027 1493 4105 qutd

461 4145 494 4179 ne
515 4137 587 4179 recte
609 4128 717 4199 quidem
740 4130 874 4184 diceretur
899 4153 950 4203 pro
970 4134 1073 4185 desint:
1081 4172 1089 4197 ,
1118 4150 1207 4203 neque
1230 4129 1309 4182 etiam
1337 4128 1359 4180 si
1382 4143 1441 4180 curn
1457 4116 1493 4172 illis

460 4214 554 4281 saclas,
573 4217 749 4270 necessarium
769 4219 877 4273 videtur.
914 4221 973 4273 Mr.
1381 4200 1385 4208 .

531 4305 593 4355 Aut
607 4315 698 4373 potest
719 4307 860 4377 quisquam
877 4310 923 4375 -—]
943 4310 1045 4362 Vocem
1063 4319 1114 4360 aut
1134 4306 1231 4359 omittit
1248 4303 1327 4356 Drsd.
1347 4307 1373 4356 5.
1410 4302 1492 4353 Vocem
1537 4346 1544 4362 ¹.

462 4391 603 4459 quisquam
622 4403 682 4462 post
697 4394 753 4460 ipse
771 4395 897 4449 reiectam
915 4396 1015 4452 habent
1031 4396 1117 4450 codd.
1134 4394 1214 4447 Drsd.
1235 4395 1259 4444 1.
1276 4402 1303 4444 et
1320 4394 1353 4455 3;
1376 4389 1403 4441 in
1423 4394 1493 4457 poste·

463 4476 533 4528 riore
552 4488 639 4532 autem
659 4497 704 4533 vox
723 4482 779 4550 ipse
798 4483 880 4538 eiecta
900 4486 1018 4552 videtur,
1043 4498 1072 4540 ut
1090 4486 1232 4557 quisquam
1250 4491 1310 4551 post
1328 4478 1449 4532 bonorum
1464 4491 1493 4525 se·
1536 4515 1544 4532 -.
