3517 5450
358 696 408 770 58
708 723 878 772 rrarnoxa
907 723 1101 772 arorcoauu.

358 899 420 935 nem
439 889 490 932 aut
509 881 572 931 auri
589 891 616 932 et
633 889 743 952 argenti
760 883 966 953 praeferendam
986 881 1162 945 existimabat,
1183 899 1246 934 cum
1267 891 1403 953 utrumque

361 970 526 1040 coniungere
546 966 670 1022 Ciceroni
689 969 835 1022 admodum
855 970 886 1022 sit
905 968 1043 1022 familiare.
1079 968 1140 1020 Vid.
1157 967 1190 1020 N.
1203 967 1286 1021 Klein
1305 968 1334 1020 in
1347 967 1404 1020 See-

358 1058 419 1111 bod.
446 1055 506 1111 brit.
531 1054 600 1108 Bibl.
626 1059 749 1109 1822.1.
770 1061 797 1108 2.
817 1077 845 1127 p.
858 1059 920 1110 172.
966 1056 996 1108 ln
1021 1055 1091 1108 banc
1115 1053 1274 1111 sententiam
1300 1054 1405 1107 laudarit

357 1143 459 1197 Gernb.
485 1142 542 1196 Cic.
567 1142 600 1195 de
625 1143 706 1214 Legg.
724 1143 757 1206 11,
775 1146 823 1196 18;
850 1163 975 1195 aurum
1000 1152 1090 1192 autem
1113 1151 1148 1192 et
1173 1151 1362 1212 argentum
1382 1143 1403 1193 in

358 1229 469 1283 urbibus
494 1260 526 1268 —
552 1230 685 1282 invidiosa
711 1250 752 1282 rea
777 1242 827 1285 est.
864 1230 960 1284 Parad.
980 1230 1026 1295 Vl,
1046 1234 1076 1282 2:
1105 1229 1183 1280 nulla
1210 1231 1252 1281 via
1278 1233 1357 1281 auri
1377 1240 1402 1280 et

356 1319 498 1389 argenti
514 1318 603 1387 pluris
624 1337 704 1389 quam
722 1319 811 1369 virtus
829 1318 1001 1369 aestimanda
1019 1327 1074 1368 eet:
1099 1315 1243 1386 additque,
1262 1317 1344 1369 etiam
1362 1316 1401 1368 Tb.

357 1406 506 1460 Bentleium
526 1405 671 1459 defendere
689 1416 740 1456 aut
759 1407 822 1456 auri
841 1416 868 1456 et
886 1405 994 1475 argenti
1014 1403 1076 1456 coll.
1093 1402 1188 1456 Perad.
1210 1402 1231 1469 l,
1251 1407 1277 1469 3,
1298 1406 1347 1457 132
1366 1405 1402 1473 qui

357 1497 461 1548 caelato
479 1515 547 1547 anre
566 1506 592 1546 et
613 1504 725 1564 argento
744 1493 894 1545 abundant.
930 1491 998 1543 Mihi
1024 1510 1132 1562 quoque
1157 1491 1336 1562 praeferenda
1360 1491 1400 1541 visa

356 1596 394 1638 est
412 1584 500 1650 lectio,
522 1601 602 1655 quam
623 1583 772 1653 probarunt
791 1577 1170 1633 Tb.Bent1.Wete.Gernh.
1190 1586 1216 1630 et
1236 1576 1323 1630 Orell.
1357 1577 1400 1628 Ha·

356 1672 421 1724 bent
440 1683 490 1722 aut
509 1672 572 1722 auri
590 1680 642 1722 tres
661 1668 746 1723 Codd.
765 1667 869 1722 Manut.
893 1667 974 1721 Drsd.
991 1671 1017 1721 2.
1036 1670 1062 1720 3.
1080 1666 1130 1719 Ed.
1150 1685 1221 1736 pcc„
1242 1667 1313 1718 Ven.
1331 1669 1398 1719 1461.

356 1763 436 1814 1514.
455 1759 515 1811 Par.
536 1762 614 1811 1501.
634 1760 713 1810 1512.
731 1758 797 1828 Arg.
813 1760 891 1811 1515.
909 1755 987 1808 Hdlb.
1006 1757 1040 1823 (s.
1057 1753 1074 1807 Ι.
1093 1765 1119 1806 et
1136 1752 1174 1822 a.)
1192 1753 1244 1805 Ed.
1261 1772 1307 1823 ap.
1324 1753 1397 1804 Meus.

356 1849 483 1901 Darentr.
504 1849 582 1898 1515.
619 1845 687 1897 Edd.
707 1842 779 1897 Crat.
800 1844 958 1898 Α16.1517.
990 1842 1079 1895 Herw.
1097 1839 1205 1893 Camer.
1224 1841 1296 1892 Rob.
1315 1838 1395 1909 Stepb.

356 1934 437 1987 Paris.
455 1937 534 1988 1543.
572 1933 625 1986 Sed
644 1932 693 1986 bae
712 1951 806 1985 omnes
824 1943 950 2004 pergunt,
973 1941 1002 1983 ut
1020 1930 1099 1983 Grut.
1118 1939 1180 1979 aut
1199 1930 1331 1998 argenti„
1352 1926 1395 1980 Sed

355 2031 460 2091 atque
479 2022 586 2091 argenti
605 2021 704 2073 babent
721 2019 788 2071 Edd.
801 2018 863 2072 Car.
881 2017 973 2089 Stepb.
992 2018 1024 2071 11.
1037 2015 1124 2068 Wott.
1142 2014 1204 2067 Atd.
1215 2019 1298 2070 1552.
1317 2015 1393 2068 Lamb.

355 2111 433 2162 1566.
468 2107 545 2160 Boul.
563 2109 609 2160 sed
628 2108 671 2162 bic
689 2110 716 2160 in
737 2126 822 2179 marg.
841 2106 918 2178 sylb.
938 2106 1035 2159 Colou.
1053 2107 1131 2157 1516.
1166 2103 1229 2156 Una
1248 2103 1310 2155 Atd.
1328 2106 1392 2158 1548,

357 2205 393 2245 ut
412 2196 527 2264 argenti.
563 2195 668 2248 Habent
687 2196 761 2261 auri,
781 2197 878 2248 omisso
897 2195 987 2266 priore
1005 2204 1071 2258 aut,
1094 2191 1180 2244 Codd.
1197 2190 1265 2244 On.
1284 2192 1315 2244 Ε.
1334 2192 1350 2244 Ι.
1366 2191 1392 2243 U.

356 2279 427 2333 Gud.
448 2281 478 2333 Β.
504 2282 586 2334 Drsd.
603 2285 627 2335 1.
647 2286 673 2335 4.
691 2286 717 2336 5.
752 2282 802 2334 Ed.
822 2285 884 2335 Asc.
904 2285 981 2336 1516.
1025 2279 1106 2334 Abest
1123 2291 1173 2331 aut
1193 2282 1257 2331 auri
1282 2299 1297 2333 a
1321 2278 1390 2332 Codd.

357 2366 473 2438 reliquis.
511 2365 578 2420 cod.
597 2367 675 2422 Suer.
692 2370 768 2432 anri,
786 2372 903 2441 argenti.
939 2370 997 2422 Mr.

426 2455 544 2524 argenti]
564 2455 641 2520 „Hoc
659 2467 698 2510 est
713 2458 852 2527 pecuniae.
890 2458 979 2529 Vulgo
999 2458 1157 2528 interpretes
1175 2456 1228 2527 leg.
1243 2458 1306 2508 auri
1323 2467 1389 2528 atque

356 2545 477 2615 argenti:
496 2543 585 2608 veriti,
605 2563 640 2596 ne
658 2565 705 2597 vox
721 2547 832 2615 'argenti
849 2565 905 2598 uon
923 2547 985 2600 satis
1003 2545 1160 2616 significet.“
1178 2544 1221 2595 Fa
1232 2562 1279 2597 cc.

425 2631 464 2680 ad
480 2631 637 2699 avaritiam]
657 2631 764 2685 Rubnlr.
781 2633 815 2686 ad
835 2632 931 2687 Vellei.
950 2631 1007 2686 Pat.
1026 2632 1059 2698 ll,
1076 2635 1111 2685 17
1129 2631 1230 2701 corrigi
1249 2631 1349 2683 volebat
1362 2627 1390 2676 nd

355 2719 428 2770 divi
435 2719 463 2769 ti
470 2738 521 2784 as,
540 2717 633 2772 dicens
650 2719 792 2774 lectionem
812 2721 946 2774 librorum
965 2741 1043 2774 sensu
1062 2738 1167 2773 carere:
1186 2737 1301 2789 eamque
1313 2734 1388 2769 ernen-

354 2807 489 2861 dationem
508 2809 641 2878 probabat
659 2811 747 2880 Wytt.
770 2811 798 2862 in
824 2810 927 2864 sobolis.
966 2809 1019 2863 Sed
1038 2819 1110 2861 recte
1127 2805 1268 2860 Scbiitzius
1285 2806 1318 2858 ad
1334 2821 1388 2854 aaa·

355 2896 447 2947 titiam
465 2893 667 2966 intelligendum
689 2916 743 2950 esse
762 2897 826 2952 dicit
843 2898 1015 2967 explendam,
1041 2896 1113 2969 quod
1136 2895 1198 2947 satis
1221 2907 1283 2966 apte
1308 2910 1387 2947 conve-

356 2981 411 3034 niat
429 2982 550 3052 sequenti
569 2983 607 3032 ad
625 2984 840 3036 delectationem:
869 2997 895 3037 et
920 2985 1060 3038 commode
1084 2984 1162 3036 affert
1180 2982 1263 3055 Borg.
1282 2981 1387 3051 Ctepro

356 3068 433 3122 Roac.
452 3069 515 3122 Am.
535 3074 585 3124 52ι
613 3089 666 3122 non
690 3073 760 3123 eatis
786 3072 866 3123 babet
891 3073 1087 3125 avaritiam
1112 3089 1190 3124 auam
1212 3071 1327 3139 pecunia
1347 3084 1389 3118 ex-

351 3157 448 3227 plere
455 3178 465 3218 ,·
486 3156 661 3211 Gernbardue
679 3177 730 3228 pro
749 3158 971 3230 Leg.Man.11:
997 3160 1149 3229 Pompeium
1168 3170 1221 3209 nan
1241 3153 1388 3210 avaritia

355 3274 390 3284 -
408 3246 447 3295 ad
460 3246 591 3314 praedam
609 3246 764 3311 devocavit,
784 3266 835 3298 non
855 3246 936 3299 libido
954 3247 993 3297 ad
1009 3247 1188 3317 voluptatem,
1216 3264 1270 3297 non
1288 3240 1388 3294 amaeni-
1432 3284 1433 3288 ,

355 3344 400 3386 tae
418 3336 456 3385 ad
473 3336 681 3387 delectationem.
720 3336 777 3387 ΜΓ.

425 3432 477 3475 aut
494 3424 688 3475 amoenitatum
706 3424 744 3474 ad
762 3423 982 3491 delectationem]
1004 3421 1109 3475 Abeunt
1124 3419 1191 3483 baec
1210 3420 1290 3471 verba
1307 3437 1321 3471 a
1336 3411 1388 3467 Cod·
1432 3454 1433 3457 κ

355 3510 434 3564 Drsd.
447 3516 472 3564 2.
498 3510 717 3577 „Amoenitatum
732 3511 873 3582 complura
893 3521 954 3565 sunt
972 3529 1080 3582 genera.
1116 3509 1308 3573 Arnaenitatie‚
1324 3503 1388 3577 quiu-
1430 3525 1433 3584 3

355 3616 415 3668 que.
452 3598 639 3650 Amoenitatee
659 3603 754 3651 unue.“
772 3598 846 3664 Ald.
866 3598 995 3651 Manat.
1031 3598 1116 3650 Habet
1134 3598 1309 3648 amaenitatis
1325 3592 1387 3646 etiam
1429 3633 1433 3669 =2

355 3683 425 3736 Gud.
445 3681 476 3736 C.
513 3682 849 3750 lauantemne.
873 3683 1176 3747 etEd.Su11r.Petri;
1205 3683 1280 3737 deest
1296 3682 1346 3742 ed5
1367 3678 1387 3728 iu
1431 3731 1433 3751 =

356 3769 436 3822 Drsd.
455 3774 480 3821 1.
498 3770 626 3843 scriptum
652 3785 690 3827 est
716 3775 885 3841 dele....es,
912 3786 938 3829 et
957 3776 984 3827 in
1002 3774 1082 3827 Dred.
1102 3775 1127 3826 3.
1143 3776 1171 3824 4.
1190 3773 1224 3822 de
1241 3771 1388 3823 tentationes.
1431 3788 1433 3838 ᾗ

354 3856 436 3925 Quod
456 3857 537 3909 edidit
555 3856 656 3913 Gernb.
675 3863 880 3932 suppellectilis,
909 3863 1009 3935 duplici
1024 3882 1059 3932 p,
1086 3861 1111 3912 id
1130 3859 1236 3913 videtur
1252 3859 1341 3913 deberi
1356 3866 1388 3925 ty·
1430 3896 1434 3928 t

355 3944 486 4016 potbetae.
523 3945 567 3999 Est
592 3959 664 4002 certe
688 3950 759 4003 aliud
785 3952 901 4023 agentis:
928 3952 1014 4023 prima
1034 3950 1105 4004 enim
1123 3947 1225 4019 syllaba
1251 3945 1388 4017 corripitur.

254 4058 259 4073 =
355 4032 509 4085 Notissimus
534 4045 572 4088 est
596 4035 640 4088 ille
659 4038 741 4090 Persii
766 4058 855 4092 versus
878 4039 925 4106 lv,
945 4042 994 4092 52:
1025 4035 1252 4100 annuntiatae,
1276 4047 1305 4087 et
1324 4031 1388 4088 neris,
1429 4091 1431 4098 Ι

356 4139 437 4191 quam
455 4120 491 4171 ait
510 4121 560 4172 tibi
577 4136 656 4175 curta
675 4126 802 4196 supellex.
839 4127 886 4185 Est
905 4128 932 4179 in
951 4126 1002 4179 0¹.
1021 4126 1041 4179 1.
1060 4125 1283 4195 supellectilium,
1307 4123 1333 4175 in
1349 4118 1388 4171 0¹·
1428 4133 1432 4192 ᾗ

356 4224 384 4269 ψ.
401 4207 585 4276 supellectilee.
620 4212 742 4284 Pergunt
760 4214 810 4269 Ox.
829 4232 858 4277 ψ.
877 4226 902 4269 et
919 4214 999 4268 Drsd.
1013 4218 1039 4268 4.
1057 4215 1095 4265 ad
1111 4214 1145 4264 di
1151 4212 1222 4264 viti
1227 4232 1282 4274 ae;
1301 4223 1388 4265 utram·
1428 4195 1433 4286 i

357 4313 408 4364 que
432 4315 523 4349 vocem
549 4297 647 4351 omittit
667 4300 718 4354 01.
737 4301 770 4354 N.
787 4331 821 4341 κ-
853 4302 895 4354 Ad
921 4321 998 4355 voces
1020 4303 1223 4353 delectationem
1248 4312 1275 4354 ct
1299 4296 1390 4375 deliniat

355 4383 494 4451 Wytteub.
511 4384 540 4436 in
560 4384 663 4439 Scbolis
678 4386 766 4442 bace:⁴
777 4392 868 4456 ·„Non
887 4401 950 4443 aunt
967 4389 1076 4455 eadem,
1106 4406 1275 4459 quamquam
1294 4382 1391 4441 suntab
1431 4413 1433 4448 2

357 4468 447 4522 eadent
467 4472 570 4541 origine
588 4471 659 4525 verbi
679 4474 739 4529 licio
760 4478 868 4547 [lacio]‚
894 4468 966 4533 unde
986 4478 1089 4544 alticio,
1117 4496 1173 4529 av.
1193 4478 1286 4544 λείχω,
1314 4472 1392 4530 tanto.
1432 4504 1433 4510 =
