3517 5450
356 708 428 781 242
687 726 858 775 rruluuxa
887 723 1081 773 srorcouuu.

356 895 461 955 llerw.;
486 890 608 943 Aetionis
625 887 719 942 Lamb.
738 887 795 957 (sed
816 905 875 938 vera
894 886 1016 940 Lambini
1037 896 1134 956 puncta
1154 888 1305 956 διαιρέσεως
1323 886 1395 956 babet)

356 981 452 1034 Colnn.
472 975 607 1030 Camerar.
626 976 658 1028 11.
676 975 762 1027 Wolf.
783 974 852 1026 And.
872 974 930 1026 Tal.
968 973 1027 1026 lllr.

428 1079 455 1118 te
473 1066 611 1136 stupidum
631 1065 731 1114 detinet
739 1064 761 1129 i]
783 1062 868 1114 Codd.
889 1062 967 1113 Drsd.
987 1064 1011 1114 1.
1031 1065 1056 1116 3.
1074 1061 1211 1114 eontinet
1232 1081 1282 1133 pro
1303 1063 1394 1114 detinet.

357 1158 398 1210 Ad
417 1155 572 1209 sententium
591 1150 828 1223 wyttenbachius:
850 1148 916 1216 „Sic
936 1149 1061 1202 Horatius
1078 1148 1141 1201 dixit
1161 1148 1246 1227 Epist.
1264 1146 1298 1216 Il,
1317 1152 1393 1214 1,11;

505 1240 650 1310 Suspendit
665 1240 742 1308 picta
764 1248 875 1289 mentem
895 1237 1053 1307 vultumque
1073 1234 1183 1288 tabella.

357 1332 402 1386 Est
421 1342 510 1383 autem
530 1328 659 1392 detinere,
683 1327 703 1378 si
723 1325 853 1378 eiusmodi
873 1322 963 1378 tabula
982 1323 1099 1395 aliquem
1126 1334 1342 1394 praetereuntem
1361 1343 1392 1376 re

358 1422 423 1473 tinet
452 1428 477 1470 et
502 1415 535 1468 ad
554 1435 581 1466 se
600 1413 775 1484 spectandum
795 1412 886 1467 allicit.
923 1416 1021 1482 Stupet
1041 1422 1144 1477 autem,
1172 1411 1194 1464 si
1221 1410 1314 1466 oculos
1331 1412 1392 1464 inea

357 1507 420 1560 snos
439 1516 523 1571 tenet,
548 1515 577 1556 ut
597 1523 629 1555 ne
648 1513 804 1554 moveantur
826 1501 944 1573 quidem.
993 1500 1040 1553 Est
1065 1499 1136 1552 enim
1161 1500 1275 1552 verbum
1302 1510 1391 1570 stupere

357 1593 474 1647 eiusdem
493 1591 604 1661 originis
620 1608 652 1642 ac
671 1588 781 1641 verbum
800 1593 904 1642 stare.“
950 1587 982 1640 ln
1001 1586 1052 1640 alia
1076 1587 1176 1640 abeunt
1195 1587 1255 1651 alii,
1283 1608 1305 1640 r.
1328 1608 1347 1642 c.
1368 1587 1391 1640 C.

357 1681 509 1734 Recmunus
526 1679 554 1731 in
573 1676 729 1730 Manuduct.
749 1676 782 1728 ad
801 1676 830 1728 1..
849 1676 905 1730 Lat.
925 1698 947 1730 r.
962 1680 1077 1745 Stupec,
1096 1695 1122 1746 p.
1132 1677 1212 1729 1033.
1232 1676 1275 1729 ed.
1294 1666 1318 1729 Ξ.
1334 1675 1393 1728 Mar·

358 1764 570 1823 tiniLe1.Pbil.
591 1763 617 1817 b.
635 1785 658 1818 r.
696 1764 784 1816 Vossii
810 1764 926 1836 Etymol.
950 1765 980 1818 L.
999 1764 1028 1816 l..
1055 1762 1079 1815 b.
1099 1783 1122 1816 r.
1142 1762 1161 1816 l.
1191 1763 1227 1816 D.
1251 1783 1266 1816 a
1290 1764 1392 1834 Lennep.

356 1857 386 1910 b.
405 1856 454 1910 Gr.
474 1876 499 1927 p.
518 1853 720 1924 910;denique
740 1853 912 1909 Doederlein.
933 1854 988 1906 Lat.
1008 1852 1114 1924 Synon.
1132 1872 1159 1907 u.
1180 1850 1299 1923 Etymol.
1316 1853 1346 1905 T.
1357 1850 1392 1906 Vl.

508 1983 513 1996 .
550 1941 611 1996 Mr.

356 1966 382 2018 Ρ.
403 1949 602 2102 3⁵‹rietuiignum
628 2029 740 2100 aliquod
764 2028 917 2100 Polycleti]
968 2028 1053 2082 Etiam
1083 2029 1110 2079 in
1138 2028 1274 2097 Polycleti
1301 2028 1393 2080 nomine

355 2120 495 2175 scribendo
522 2117 622 2171 variant
642 2116 710 2169 libri.
756 2116 802 2169 Sic
820 2116 913 2169 Duisb.
932 2114 991 2170 Cre.
1011 2119 1036 2169 1.
1059 2115 1259 2182 2.·1².›ticliri‚
1286 2115 1358 2168 Drsd.
1373 2119 1393 2168 1·

356 2208 497 2273 Polioceti‚
524 2204 574 2260 Ox.
594 2225 619 2273 η.
642 2203 722 2257 Drsd.
740 2207 764 2258 3.
780 2208 806 2257 4.
843 2203 987 2270 Poliereti,
1016 2205 1076 2256 Cra.
1094 2204 1120 2257 3.
1140 2203 1293 2262 allicurt.
1310 2203 1356 2257 Ox.
1371 2202 1394 2254 E.

356 2296 487 2349 Policlrre.
524 2293 583 2345 Mc.

426 2380 572 2451 Polycleti]
607 2377 778 2449 „Polycletus
801 2377 944 2448 Sicyonius
963 2377 1059 2432 nobilis
1076 2378 1124 2431 luit
1142 2378 1298 2443 statuarius,
1322 2378 1346 2429 in
1364 2377 1375 2427 l
1386 2407 1395 2415 ·

357 2468 457 2523 ciendis
474 2467 555 2538 signis
573 2485 633 2519 aere
645 2466 756 2519 Deliaco
773 2485 835 2518 usus
855 2478 901 2518 est.
938 2465 1023 2520 Multa
1038 2466 1093 2519 eius
1104 2485 1187 2538 opera
1198 2465 1303 2519 Plinius
1316 2485 1366 2536 cap.
1376 2468 1397 2517 S.

355 2556 417 2611 libri
437 2559 479 2610 34.
494 2565 642 2607 enumerat.
678 2552 763 2606 Huius
780 2553 854 2624 signa
869 2553 1006 2629 ¹nonnulla
1032 2574 1087 2606 esse
1114 2554 1142 2607 in
1162 2555 1231 2608 atrio
1250 2555 1305 2609 Titi
1321 2555 1395 2624 impe-

357 2644 450 2698 ratoris
468 2642 545 2708 dicit,
565 2661 620 2714 quo
639 2661 721 2712 opere
740 2641 845 2694 nullum
863 2641 1008 2705 absolutius
1027 2641 1149 2714 plerique
1168 2642 1317 2696 iudicant.“
1333 2643 1395 2695 Fre.

356 2731 447 2804 Sylr.
495 2731 597 2784 Laudat
615 2729 716 2784 Gernh.
737 2742 843 2803 praeter
862 2730 979 2784 Plinium
999 2730 1016 2784 l.
1036 2750 1059 2785 c.
1088 2730 1169 2784 etiam
1194 2730 1396 2799 Quinctilianun

357 2819 412 2885 Xll,
432 2822 475 2883 10,
491 2822 523 2876 7..
535 2815 592 2871 Cic.
612 2818 685 2871 Brut.
703 2821 747 2885 18,
765 2822 808 2871 to.
830 2818 862 2870 de
881 2817 958 2873 Orat.
978 2816 1022 2884 lll,
1042 2822 1067 2883 7,
1088 2822 1132 2872 26.
1167 2818 1331 2874 Strabonem
1348 2818 1396 2882 ¹llll,

357 2918 382 2961 et
401 2905 479 2959 Lanzi
498 2906 542 2959 iib.
560 2905 585 2976 d,
604 2904 733 2976 Sculptur
751 2907 776 2960 d.
796 2906 885 2960 Alten.
915 2908 988 2959 ·Aus
1007 2907 1032 2958 d.
1057 2905 1112 2959 ltal.
1141 2925 1177 2957 m.
1202 2905 1285 2963 Anm.
1313 2928 1336 2961 u.
1353 2906 1397 2957 Zu-

356 2998 416 3048 siitz.
436 2994 482 3047 des
499 2993 611 3046 Uebers.
632 2992 693 3063 Lpz.
713 2996 792 3048 1816.
813 3014 839 3065 p.
857 2998 902 3047 41.
940 2993 998 3046 Mr.

428 3084 513 3134 Mitto
533 3081 602 3132 unde
620 3080 775 3147 sustuleris]
814 3082 899 3134 Mitto
919 3079 1025 3157 babent,
1037 3081 1122 3134 codd.
1146 3081 1205 3135 Bas.
1225 3081 1397 3137 Duisb.'.Sue-

358 3172 408 3224 rin.
429 3172 485 3222 en.
507 3172 532 3223 3.
566 3165 659 3219 Verba
683 3167 768 3219 Mitto
786 3198 819 3209 -
839 3169 941 3220 habeus
965 3169 1119 3244 exciderunt¹
1135 3169 1164 3222 in
1193 3168 1281 3225 Codd.
1311 3172 1364 3223 Cre.
1380 3172 1398 3221 1.

357 3256 417 3326 (ubi
437 3256 464 3308 in
484 3272 568 3326 marg.
586 3254 619 3307 ab
639 3254 671 3308 al.
692 3273 727 3307 m.
743 3255 875 3327 adscripta
897 3269 966 3322 sunt,
986 3258 1030 3311 scd
1050 3260 1194 3329 mirorpro
1206 3260 1298 3317 mitto)
1318 3257 1398 3312 Crat.

357 3343 435 3396 Drsd.
453 3347 479 3396 4.
499 3346 524 3396 5.
543 3341 608 3395 On.
629 3341 662 3394 N.
681 3360 710 3404 ψ.
728 3340 799 3398 Gud.
818 3343 849 3396 A.
871 3344 901 3396 Β.
922 3374 956 3385 -
1001 3348 1105 3411 „Mitto
1130 3344 1212 3398 babet
1235 3345 1287 3399 Ed.
1307 3344 1398 3409 Color..

356 3430 436 3502 idque
457 3428 569 3501 praetuli
588 3428 694 3500 vulgato
715 3430 834 3483 omitto.“
863 3431 941 3486 Ern.
985 3434 1072 3485 Miror
1095 3419 1199 3501 babent¹
1222 3434 1309 3488 codd.
1333 3432 1399 3486 Drsd.

356 3522 382 3571 1.
401 3521 426 3572 3.
464 3519 532 3571 Edd.
549 3517 628 3571 lldlb.
657 3516 707 3571 Ed.
728 3536 783 3587 pre.
808 3517 857 3571 Ed.
877 3539 919 3589 ap.
937 3519 1022 3573 Meus.
1044 3520 1107 3573 Par:
1124 3523 1203 3574 1512.
1234 3518 1400 3592 1119111311.

357 3607 620 3659 ventremus.
640 3608 718 3658 1514.
765 3604 818 3657 Sed
846 3605 913 3659 Edd.
938 3606 1007 3659 Vict.
1032 3606 1116 3659 Sullr.
1146 3608 1220 3665 Pete.
1247 3611 1310 3664 Asc.
1334 3599 1400 3663 1511.

355 3692 425 3743 And.
444 3693 502 3745 Tal.
523 3692 591 3744 Rob.
610 3692 701 3763 Stepb.
718 3692 805 3747 llerw.
827 3695 933 3748 Camer.
959 3695 1019 3747 Ald.
1038 3699 1116 3748 1548.
1139 3696 1201 3749 Par.
1223 3701 1305 3753 1543.
1335 3694 1399 3749 Boul.

359 3790 418 3846 post
436 3778 501 3831 Ern.
520 3780 606 3832 Wetz.
624 3779 698 3832 Scbz.
724 3779 825 3834 Gernb.
852 3781 904 3838 Or.
925 3782 996 3837 Tbn.
1023 3782 1129 3853 Reliqui
1155 3784 1260 3839 omitto.
1292 3779 1400 3839 ¹Obser-

358 3883 428 3917 vasse
446 3866 494 3918 sibi
513 3885 539 3919 se
559 3866 640 3918 videri
659 3867 695 3919 ait
713 3867 814 3921 Gernh.
832 3869 911 3923 initio
936 3870 1109 3941 periodorum
1140 3869 1222 3941 longe
1246 3872 1399 3945 frequentius

357 3969 411 4006 esse
430 3953 522 4016 mitto,
541 3972 621 4023 quam
641 3956 748 4020 omitto,
766 3957 847 4029 idque
867 3978 923 4011 non
942 3977 1003 4011 raro
1028 3970 1158 4029 tanquam
1185 3960 1399 4031 interpretamen-

358 4053 415 4094 tum
433 4039 461 4091 in
481 4039 552 4090 verbi
581 4040 707 4111 simplicis
724 4043 816 4097 locum
845 4046 987 4117 irrepsisse.
1034 4045 1064 4097 ln
1083 4044 1224 4099 Addendis
1242 4047 1330 4101 addit:
1354 4043 1398 4112 „Er

358 4120 470 4180 Victorii
499 4125 540 4179 ed.
556 4125 605 4181 Th.
625 4127 710 4182 Bentl.
735 4127 797 4184 item
818 4134 934 4186 scribere
957 4134 1042 4185 mitto.
1086 4131 1213 4186 Eundem
1240 4135 1360 4189 omittere
1379 4138 1399 4180 el

356 4214 437 4266 refert
455 4224 516 4265 ante
535 4216 674 4285 quomodo,
694 4228 718 4270 et
736 4238 798 4272 cum
818 4222 884 4275 cod.
896 4222 989 4276 Duisb.
1000 4238 1153 4292 pronomen
1169 4232 1197 4272 te
1212 4236 1273 4293 post
1283 4223 1398 4275 servum-‘⁴

356 4298 437 4367 Quod
460 4302 594 4373 praecepit
612 4302 651 4355 vel
671 4303 820 4362 observasse
839 4310 888 4363 sibi
908 4312 976 4364 risus
994 4320 1032 4362 est
1051 4308 1155 4363 Gernh.
1169 4310 1203 4363 de
1225 4311 1306 4363 verbo
1325 4312 1399 4372 mitto,

355 4387 470 4440 refutari·
482 4388 651 4443 inumerabili
670 4395 851 4466 exemplorum
873 4398 950 4470 copia
971 4408 1061 4450 monet
1081 4395 1117 4449 0.
1136 4396 1177 4451 M.
1190 4397 1292 4451 M'u'ller
1310 4398 1336 4451 in
1353 4396 1399 4451 Cu-

356 4472 392 4522 ris
408 4492 458 4527 sec.
477 4475 503 4527 in
523 4475 599 4542 Orat.
619 4498 669 4550 pro
687 4478 773 4535 Sestio
792 4503 818 4553 p.
835 4488 879 4539 41.
906 4485 951 4557 qui
970 4484 1092 4538 universe
1112 4485 1146 4539 de
1166 4486 1219 4543 bac
1244 4486 1395 4560 praeteritio·
