<?xml version="1.0" encoding="UTF-8"?>
<!DOCTYPE html PUBLIC "-//W3C//DTD XHTML 1.0 Transitional//EN"
    "http://www.w3.org/TR/xhtml1/DTD/xhtml1-transitional.dtd">
<html xmlns="http://www.w3.org/1999/xhtml" xml:lang="en" lang="en">
 <head>
  <title>
</title>
<meta http-equiv="Content-Type" content="text/html;charset=utf-8" />
  <meta name='ocr-system' content='tesseract 3.04.00' />
  <meta name='ocr-capabilities' content='ocr_page ocr_carea ocr_par ocr_line ocrx_word'/>
</head>
<body>
  <div class='ocr_page' id='page_1' title='image "./mtulliiciceroni15cicegoog_0120.png"; bbox 0 0 3517 5450; ppageno 0'>
   <div class='ocr_carea' id='block_1_1' title="bbox 359 691 1069 763">
    <p class='ocr_par' dir='ltr' id='par_1_1' title="bbox 359 691 1069 763">
     <span class='ocr_line' id='line_1_1' title="bbox 359 691 1069 763; baseline -0.001 0"><span class='ocrx_word' id='word_1_1' title='bbox 359 691 408 763; x_wconf 88' lang='grc'><em>74</em></span> <span class='ocrx_word' id='word_1_2' title='bbox 678 713 849 762; x_wconf 69' lang='lat' dir='ltr'><em>innuosa</em></span> <span class='ocrx_word' id='word_1_3' title='bbox 876 713 1069 762; x_wconf 77' lang='lat' dir='ltr'><em>srorcosuu.</em></span> 
     </span>
    </p>
   </div>
   <div class='ocr_carea' id='block_1_2' title="bbox 289 871 1410 4368">
    <p class='ocr_par' dir='ltr' id='par_1_2' title="bbox 353 871 1410 3391">
     <span class='ocr_line' id='line_1_2' title="bbox 356 871 1410 945; baseline 0.002 -19"><span class='ocrx_word' id='word_1_4' title='bbox 356 873 457 942; x_wconf 81' lang='lat' dir='ltr'><em>lienus,</em></span> <span class='ocrx_word' id='word_1_5' title='bbox 477 875 582 929; x_wconf 87' lang='lat' dir='ltr'><em>etitem</em></span> <span class='ocrx_word' id='word_1_6' title='bbox 602 894 616 928; x_wconf 85' lang='lat' dir='ltr'><em>a</em></span> <span class='ocrx_word' id='word_1_7' title='bbox 637 874 720 928; x_wconf 84' lang='lat' dir='ltr'><em>deleta</em></span> <span class='ocrx_word' id='word_1_8' title='bbox 740 871 903 944; x_wconf 84' lang='lat' dir='ltr'><em>Carthagine</em></span> <span class='ocrx_word' id='word_1_9' title='bbox 922 872 1014 945; x_wconf 83' lang='lat' dir='ltr'><strong>Scipio</strong></span> <span class='ocrx_word' id='word_1_10' title='bbox 1041 872 1185 928; x_wconf 79' lang='lat' dir='ltr'><em>Africanus</em></span> <span class='ocrx_word' id='word_1_11' title='bbox 1209 871 1302 925; x_wconf 86' lang='lat' dir='ltr'><em>minor</em></span> <span class='ocrx_word' id='word_1_12' title='bbox 1328 871 1410 927; x_wconf 83' lang='lat' dir='ltr'><em>dictus</em></span> 
     </span>
     <span class='ocr_line' id='line_1_3' title="bbox 357 959 1409 1034; baseline -0.005 -18"><span class='ocrx_word' id='word_1_13' title='bbox 357 964 423 1020; x_wconf 83' lang='lat' dir='ltr'><em>est.“</em></span> <span class='ocrx_word' id='word_1_14' title='bbox 440 962 616 1034; x_wconf 84' lang='lat' dir='ltr'><em>Wyttenb.</em></span> <span class='ocrx_word' id='word_1_15' title='bbox 651 962 694 1014; x_wconf 80' lang='lat' dir='ltr'><em>Ad</em></span> <span class='ocrx_word' id='word_1_16' title='bbox 710 981 733 1015; x_wconf 78' lang='lat' dir='ltr'><em>e.</em></span> <span class='ocrx_word' id='word_1_17' title='bbox 744 961 952 1030; x_wconf 82' lang='lat' dir='ltr'><em>propugnacula</em></span> <span class='ocrx_word' id='word_1_18' title='bbox 971 961 1076 1016; x_wconf 78' lang='lat' dir='ltr'>confert</span> <span class='ocrx_word' id='word_1_19' title='bbox 1093 961 1176 1032; x_wconf 82' lang='lat' dir='ltr'><em>Borg.</em></span> <span class='ocrx_word' id='word_1_20' title='bbox 1195 959 1256 1014; x_wconf 86' lang='lat' dir='ltr'><strong>Cic.</strong></span> <span class='ocrx_word' id='word_1_21' title='bbox 1266 959 1297 1014; x_wconf 92' lang='lat' dir='ltr'><em>in</em></span> <span class='ocrx_word' id='word_1_22' title='bbox 1312 960 1365 1015; x_wconf 88' lang='lat' dir='ltr'><em>Pis.</em></span> <span class='ocrx_word' id='word_1_23' title='bbox 1380 964 1409 1014; x_wconf 81' lang='lat'><em>4:</em></span> 
     </span>
     <span class='ocr_line' id='line_1_4' title="bbox 357 1047 1410 1122; baseline 0.001 -20"><span class='ocrx_word' id='word_1_24' title='bbox 357 1050 452 1121; x_wconf 84' lang='lat' dir='ltr'><em>[Leges</em></span> <span class='ocrx_word' id='word_1_25' title='bbox 468 1049 542 1103; x_wconf 82' lang='lat' dir='ltr'><em>Aelia</em></span> <span class='ocrx_word' id='word_1_26' title='bbox 562 1061 589 1104; x_wconf 88' lang='lat' dir='ltr'><em>et</em></span> <span class='ocrx_word' id='word_1_27' title='bbox 606 1049 695 1118; x_wconf 79' lang='lat' dir='ltr'><em>Fufia]</em></span> <span class='ocrx_word' id='word_1_28' title='bbox 711 1047 918 1118; x_wconf 86' lang='lat' dir='ltr'><em>propugnacula</em></span> <span class='ocrx_word' id='word_1_29' title='bbox 936 1049 1149 1122; x_wconf 67' lang='lat' dir='ltr'><em>tranquillitatis</em></span> <span class='ocrx_word' id='word_1_30' title='bbox 1166 1060 1194 1101; x_wconf 90' lang='lat' dir='ltr'><em>et</em></span> <span class='ocrx_word' id='word_1_31' title='bbox 1212 1050 1262 1101; x_wconf 85' lang='lat' dir='ltr'><em>otii</em></span> <span class='ocrx_word' id='word_1_32' title='bbox 1277 1049 1410 1103; x_wconf 83' lang='lat' dir='ltr'><em>dicuntur.</em></span> 
     </span>
     <span class='ocr_line' id='line_1_5' title="bbox 357 1135 1409 1209; baseline -0.003 -18"><span class='ocrx_word' id='word_1_33' title='bbox 357 1138 400 1191; x_wconf 77' lang='lat' dir='ltr'><em>Ad</em></span> <span class='ocrx_word' id='word_1_34' title='bbox 418 1157 492 1209; x_wconf 87' lang='lat' dir='ltr'><em>seqq.</em></span> <span class='ocrx_word' id='word_1_35' title='bbox 512 1138 545 1191; x_wconf 90' lang='lat' dir='ltr'><em>de</em></span> <span class='ocrx_word' id='word_1_36' title='bbox 563 1139 628 1191; x_wconf 87' lang='lat' dir='ltr'><em>Sen.</em></span> <span class='ocrx_word' id='word_1_37' title='bbox 645 1142 692 1192; x_wconf 76' lang='grc' dir='ltr'><em>2οε</em></span> <span class='ocrx_word' id='word_1_38' title='bbox 710 1135 853 1205; x_wconf 86' lang='lat' dir='ltr'><em>Scipiones,</em></span> <span class='ocrx_word' id='word_1_39' title='bbox 872 1136 920 1206; x_wconf 88' lang='lat' dir='ltr'><em>qui</em></span> <span class='ocrx_word' id='word_1_40' title='bbox 936 1136 990 1188; x_wconf 87' lang='lat' dir='ltr'><em>iter</em></span> <span class='ocrx_word' id='word_1_41' title='bbox 1008 1137 1106 1190; x_wconf 88' lang='lat' dir='ltr'><em>Poenis</em></span> <span class='ocrx_word' id='word_1_42' title='bbox 1121 1137 1164 1190; x_wconf 79' lang='lat' dir='ltr'><em>vel</em></span> <span class='ocrx_word' id='word_1_43' title='bbox 1182 1135 1337 1206; x_wconf 73' lang='lat' dir='ltr'><em>corporibus</em></span> <span class='ocrx_word' id='word_1_44' title='bbox 1355 1136 1409 1188; x_wconf 86' lang='lat' dir='ltr'><em>suis</em></span> 
     </span>
     <span class='ocr_line' id='line_1_6' title="bbox 357 1222 1407 1295; baseline -0.005 -17"><span class='ocrx_word' id='word_1_45' title='bbox 357 1226 493 1280; x_wconf 86' lang='lat' dir='ltr'><em>obstruere</em></span> <span class='ocrx_word' id='word_1_46' title='bbox 509 1227 669 1279; x_wconf 73' lang='lat' dir='ltr'><em>valuerunt:</em></span> <span class='ocrx_word' id='word_1_47' title='bbox 687 1222 756 1277; x_wconf 85' lang='lat' dir='ltr'><em>Phil.</em></span> <span class='ocrx_word' id='word_1_48' title='bbox 776 1223 822 1290; x_wconf 85' lang='lat' dir='ltr'><em>Vl,</em></span> <span class='ocrx_word' id='word_1_49' title='bbox 841 1225 874 1277; x_wconf 77' lang='lat' dir='ltr'><em>b:</em></span> <span class='ocrx_word' id='word_1_50' title='bbox 893 1234 925 1275; x_wconf 87' lang='lat' dir='ltr'><em>ut</em></span> <span class='ocrx_word' id='word_1_51' title='bbox 940 1242 1027 1294; x_wconf 88' lang='lat' dir='ltr'><em>paene</em></span> <span class='ocrx_word' id='word_1_52' title='bbox 1044 1243 1152 1295; x_wconf 82' lang='lat' dir='ltr'><em>corpore</em></span> <span class='ocrx_word' id='word_1_53' title='bbox 1169 1245 1219 1278; x_wconf 88' lang='lat' dir='ltr'><em>suo</em></span> <span class='ocrx_word' id='word_1_54' title='bbox 1237 1223 1331 1276; x_wconf 87' lang='lat' dir='ltr'><em>Gallia</em></span> <span class='ocrx_word' id='word_1_55' title='bbox 1348 1241 1407 1292; x_wconf 89' lang='lat' dir='ltr'><em>pre·</em></span> 
     </span>
     <span class='ocr_line' id='line_1_7' title="bbox 355 1311 1407 1383; baseline -0.002 -19"><span class='ocrx_word' id='word_1_56' title='bbox 355 1312 455 1366; x_wconf 82' lang='lat' dir='ltr'><em>biberet</em></span> <span class='ocrx_word' id='word_1_57' title='bbox 473 1314 639 1374; x_wconf 66' lang='lat' dir='ltr'><em>Antonium</em></span> <span class='ocrx_word' id='word_1_58' title='bbox 658 1311 763 1383; x_wconf 36' lang='lat' dir='ltr'><em>ib.„xtt‚</em></span> <span class='ocrx_word' id='word_1_59' title='bbox 781 1316 813 1366; x_wconf 84' lang='lat'><em>4:</em></span> <span class='ocrx_word' id='word_1_60' title='bbox 847 1312 941 1365; x_wconf 85' lang='lat' dir='ltr'><em>Gallia</em></span> <span class='ocrx_word' id='word_1_61' title='bbox 960 1313 1118 1366; x_wconf 78' lang='lat' dir='ltr'><em>crudelitati</em></span> <span class='ocrx_word' id='word_1_62' title='bbox 1134 1317 1176 1367; x_wconf 79' lang='lat' dir='ltr'><em>M.</em></span> <span class='ocrx_word' id='word_1_63' title='bbox 1195 1313 1315 1366; x_wconf 83' lang='lat' dir='ltr'><em>Antonii</em></span> <span class='ocrx_word' id='word_1_64' title='bbox 1332 1330 1407 1363; x_wconf 88' lang='lat' dir='ltr'><em>suurn</em></span> 
     </span>
     <span class='ocr_line' id='line_1_8' title="bbox 356 1399 1407 1472; baseline 0.001 -20"><span class='ocrx_word' id='word_1_65' title='bbox 356 1410 442 1453; x_wconf 86' lang='lat' dir='ltr'><em>toturn</em></span> <span class='ocrx_word' id='word_1_66' title='bbox 464 1420 560 1470; x_wconf 87' lang='lat' dir='ltr'><em>corpus</em></span> <span class='ocrx_word' id='word_1_67' title='bbox 584 1399 686 1454; x_wconf 87' lang='lat' dir='ltr'><em>obiecit.</em></span> <span class='ocrx_word' id='word_1_68' title='bbox 728 1399 810 1469; x_wconf 84' lang='lat' dir='ltr'><em>Quod</em></span> <span class='ocrx_word' id='word_1_69' title='bbox 828 1401 859 1454; x_wconf 90' lang='lat'><em>1..</em></span> <span class='ocrx_word' id='word_1_70' title='bbox 886 1399 962 1454; x_wconf 86' lang='lat' dir='ltr'><em>Valla</em></span> <span class='ocrx_word' id='word_1_71' title='bbox 987 1399 1108 1472; x_wconf 83' lang='lat' dir='ltr'><em>Elegant.</em></span> <span class='ocrx_word' id='word_1_72' title='bbox 1127 1400 1157 1455; x_wconf 86' lang='lat' dir='ltr'><em>L.</em></span> <span class='ocrx_word' id='word_1_73' title='bbox 1173 1401 1206 1469; x_wconf 87' lang='lat' dir='ltr'><em>V,</em></span> <span class='ocrx_word' id='word_1_74' title='bbox 1227 1403 1271 1455; x_wconf 79' lang='lat' dir='ltr'><em>ott.</em></span> <span class='ocrx_word' id='word_1_75' title='bbox 1290 1410 1407 1454; x_wconf 85' lang='lat' dir='ltr'><em>nostrum</em></span> 
     </span>
     <span class='ocr_line' id='line_1_9' title="bbox 356 1487 1408 1560; baseline -0.002 -20"><span class='ocrx_word' id='word_1_76' title='bbox 356 1489 448 1543; x_wconf 87' lang='lat' dir='ltr'><em>locum</em></span> <span class='ocrx_word' id='word_1_77' title='bbox 467 1488 578 1542; x_wconf 80' lang='lat' dir='ltr'><em>laudans</em></span> <span class='ocrx_word' id='word_1_78' title='bbox 596 1489 636 1560; x_wconf 91' lang='lat' dir='ltr'><em>(p.</em></span> <span class='ocrx_word' id='word_1_79' title='bbox 655 1487 731 1558; x_wconf 79' lang='lat' dir='ltr'><em>tot.)</em></span> <span class='ocrx_word' id='word_1_80' title='bbox 750 1489 786 1542; x_wconf 86' lang='lat' dir='ltr'><em>ita</em></span> <span class='ocrx_word' id='word_1_81' title='bbox 804 1488 913 1542; x_wconf 76' lang='lat' dir='ltr'><em>scribit:</em></span> <span class='ocrx_word' id='word_1_82' title='bbox 939 1488 993 1559; x_wconf 84' lang='lat' dir='ltr'><em>Qui</em></span> <span class='ocrx_word' id='word_1_83' title='bbox 1016 1491 1069 1542; x_wconf 87' lang='lat' dir='ltr'><em>iter</em></span> <span class='ocrx_word' id='word_1_84' title='bbox 1091 1507 1283 1559; x_wconf 88' lang='lat' dir='ltr'><em>poenorum</em></span> <span class='ocrx_word' id='word_1_85' title='bbox 1309 1489 1408 1540; x_wconf 88' lang='lat' dir='ltr'><em>cada·</em></span> 
     </span>
     <span class='ocr_line' id='line_1_10' title="bbox 355 1574 1405 1647; baseline 0.002 -21"><span class='ocrx_word' id='word_1_86' title='bbox 355 1575 498 1628; x_wconf 83' lang='lat' dir='ltr'><em>veribus</em></span> <span class='ocrx_word' id='word_1_87' title='bbox 517 1595 655 1646; x_wconf 85' lang='lat' dir='ltr'><em>corporum</em></span> <span class='ocrx_word' id='word_1_88' title='bbox 672 1596 782 1630; x_wconf 86' lang='lat' dir='ltr'><em>suorum</em></span> <span class='ocrx_word' id='word_1_89' title='bbox 806 1577 1039 1629; x_wconf 80' lang='lat' dir='ltr'><em>intercludendum</em></span> <span class='ocrx_word' id='word_1_90' title='bbox 1053 1586 1240 1647; x_wconf 81' lang='lat' dir='ltr'><em>putaverunt:</em></span> <span class='ocrx_word' id='word_1_91' title='bbox 1266 1575 1332 1628; x_wconf 83' lang='lat' dir='ltr'><em>inde</em></span> <span class='ocrx_word' id='word_1_92' title='bbox 1356 1574 1405 1628; x_wconf 90' lang='lat' dir='ltr'><em>noli</em></span> 
     </span>
     <span class='ocr_line' id='line_1_11' title="bbox 355 1663 1404 1737; baseline -0.003 -19"><span class='ocrx_word' id='word_1_93' title='bbox 355 1664 484 1736; x_wconf 84' lang='lat' dir='ltr'><em>suspicari</em></span> <span class='ocrx_word' id='word_1_94' title='bbox 504 1683 565 1718; x_wconf 89' lang='lat' dir='ltr'><em>eum</em></span> <span class='ocrx_word' id='word_1_95' title='bbox 585 1664 661 1718; x_wconf 84' lang='lat' dir='ltr'><em>aliter</em></span> <span class='ocrx_word' id='word_1_96' title='bbox 678 1665 744 1719; x_wconf 89' lang='lat' dir='ltr'><em>baec</em></span> <span class='ocrx_word' id='word_1_97' title='bbox 762 1664 855 1736; x_wconf 87' lang='lat' dir='ltr'><em>legisse</em></span> <span class='ocrx_word' id='word_1_98' title='bbox 872 1664 902 1719; x_wconf 92' lang='lat' dir='ltr'><em>in</em></span> <span class='ocrx_word' id='word_1_99' title='bbox 920 1665 1038 1737; x_wconf 90' lang='lat' dir='ltr'><em>quodam</em></span> <span class='ocrx_word' id='word_1_100' title='bbox 1054 1684 1103 1718; x_wconf 85' lang='lat' dir='ltr'><em>suo</em></span> <span class='ocrx_word' id='word_1_101' title='bbox 1121 1663 1200 1717; x_wconf 87' lang='lat' dir='ltr'><em>libro.</em></span> <span class='ocrx_word' id='word_1_102' title='bbox 1248 1663 1288 1715; x_wconf 83' lang='lat' dir='ltr'><em>Er</em></span> <span class='ocrx_word' id='word_1_103' title='bbox 1307 1682 1404 1716; x_wconf 87' lang='lat' dir='ltr'><em>memo·</em></span> 
     </span>
     <span class='ocr_line' id='line_1_12' title="bbox 356 1752 1404 1827; baseline 0.001 -23"><span class='ocrx_word' id='word_1_104' title='bbox 356 1753 396 1805; x_wconf 82' lang='lat' dir='ltr'><em>ria</em></span> <span class='ocrx_word' id='word_1_105' title='bbox 414 1752 486 1804; x_wconf 86' lang='lat' dir='ltr'><em>enim</em></span> <span class='ocrx_word' id='word_1_106' title='bbox 503 1752 594 1806; x_wconf 89' lang='lat' dir='ltr'><em>laudat</em></span> <span class='ocrx_word' id='word_1_107' title='bbox 611 1752 716 1821; x_wconf 89' lang='lat' dir='ltr'><em>locum,</em></span> <span class='ocrx_word' id='word_1_108' title='bbox 742 1772 804 1808; x_wconf 87' lang='lat' dir='ltr'><em>cum</em></span> <span class='ocrx_word' id='word_1_109' title='bbox 822 1754 851 1806; x_wconf 91' lang='lat' dir='ltr'><em>in</em></span> <span class='ocrx_word' id='word_1_110' title='bbox 871 1754 1028 1827; x_wconf 83' lang='lat' dir='ltr'><em>explicando</em></span> <span class='ocrx_word' id='word_1_111' title='bbox 1047 1755 1129 1807; x_wconf 86' lang='lat' dir='ltr'><em>verbo</em></span> <span class='ocrx_word' id='word_1_112' title='bbox 1145 1753 1326 1804; x_wconf 79' lang='lat' dir='ltr'><em>intercludere</em></span> <span class='ocrx_word' id='word_1_113' title='bbox 1349 1771 1404 1805; x_wconf 85' lang='lat' dir='ltr'><em>seu·</em></span> 
     </span>
     <span class='ocr_line' id='line_1_13' title="bbox 357 1839 1403 1914; baseline -0.003 -20"><span class='ocrx_word' id='word_1_114' title='bbox 357 1840 437 1894; x_wconf 84' lang='lat' dir='ltr'><em>tentia</em></span> <span class='ocrx_word' id='word_1_115' title='bbox 456 1841 480 1893; x_wconf 88' lang='lat' dir='ltr'><em>ei</em></span> <span class='ocrx_word' id='word_1_116' title='bbox 499 1841 678 1898; x_wconf 84' lang='lat' dir='ltr'><em>succurrisset.</em></span> <span class='ocrx_word' id='word_1_117' title='bbox 715 1839 841 1896; x_wconf 89' lang='lat' dir='ltr'><em>Ceterum</em></span> <span class='ocrx_word' id='word_1_118' title='bbox 866 1842 1037 1914; x_wconf 84' lang='lat' dir='ltr'><em>Scipionum,</em></span> <span class='ocrx_word' id='word_1_119' title='bbox 1057 1840 1108 1896; x_wconf 90' lang='lat' dir='ltr'><em>Co.</em></span> <span class='ocrx_word' id='word_1_120' title='bbox 1123 1852 1149 1894; x_wconf 88' lang='lat' dir='ltr'><em>et</em></span> <span class='ocrx_word' id='word_1_121' title='bbox 1158 1841 1200 1905; x_wconf 74' lang='lat' dir='ltr'><em>P..</em></span> <span class='ocrx_word' id='word_1_122' title='bbox 1218 1841 1326 1913; x_wconf 86' lang='lat' dir='ltr'><em>saepius</em></span> <span class='ocrx_word' id='word_1_123' title='bbox 1335 1857 1403 1892; x_wconf 83' lang='lat' dir='ltr'><em>rnen·</em></span> 
     </span>
     <span class='ocr_line' id='line_1_14' title="bbox 356 1927 1401 1996; baseline -0.004 -14"><span class='ocrx_word' id='word_1_124' title='bbox 356 1930 456 1982; x_wconf 91' lang='lat' dir='ltr'><em>tionem</em></span> <span class='ocrx_word' id='word_1_125' title='bbox 476 1931 566 1985; x_wconf 88' lang='lat' dir='ltr'><em>iniecit</em></span> <span class='ocrx_word' id='word_1_126' title='bbox 585 1928 694 1983; x_wconf 86' lang='lat' dir='ltr'><em>Cicero:</em></span> <span class='ocrx_word' id='word_1_127' title='bbox 712 1931 750 1986; x_wconf 89' lang='lat' dir='ltr'><em>sic</em></span> <span class='ocrx_word' id='word_1_128' title='bbox 762 1928 818 1985; x_wconf 90' lang='lat' dir='ltr'><em>Cat.</em></span> <span class='ocrx_word' id='word_1_129' title='bbox 837 1930 876 1985; x_wconf 89' lang='lat' dir='ltr'><em>M.</em></span> <span class='ocrx_word' id='word_1_130' title='bbox 885 1933 911 1996; x_wconf 80' lang='lat'><em>9,</em></span> <span class='ocrx_word' id='word_1_131' title='bbox 922 1934 969 1995; x_wconf 80' lang='lat'><em>29;</em></span> <span class='ocrx_word' id='word_1_132' title='bbox 988 1930 1021 1982; x_wconf 89' lang='lat' dir='ltr'><em>de</em></span> <span class='ocrx_word' id='word_1_133' title='bbox 1041 1929 1100 1984; x_wconf 77' lang='lat' dir='ltr'><em>Oli.</em></span> <span class='ocrx_word' id='word_1_134' title='bbox 1111 1927 1157 1996; x_wconf 91' lang='grc' dir='ltr'><strong>ΙΙΙ,</strong></span> <span class='ocrx_word' id='word_1_135' title='bbox 1176 1933 1204 1995; x_wconf 86' lang='lat'><em>4,</em></span> <span class='ocrx_word' id='word_1_136' title='bbox 1222 1931 1275 1992; x_wconf 82' lang='lat' dir='ltr'><em>to;</em></span> <span class='ocrx_word' id='word_1_137' title='bbox 1295 1928 1328 1980; x_wconf 89' lang='lat' dir='ltr'><em>de</em></span> <span class='ocrx_word' id='word_1_138' title='bbox 1345 1927 1401 1996; x_wconf 85' lang='lat' dir='ltr'><em>liep.</em></span> 
     </span>
     <span class='ocr_line' id='line_1_15' title="bbox 355 2016 1400 2090; baseline -0.004 -20"><span class='ocrx_word' id='word_1_139' title='bbox 355 2016 376 2084; x_wconf 95' lang='grc' dir='ltr'><em>Ι,</em></span> <span class='ocrx_word' id='word_1_140' title='bbox 395 2021 421 2085; x_wconf 82' lang='grc'><em>2,</em></span> <span class='ocrx_word' id='word_1_141' title='bbox 441 2023 471 2072; x_wconf 88' lang='lat'><em>1:</em></span> <span class='ocrx_word' id='word_1_142' title='bbox 511 2019 663 2071; x_wconf 84' lang='lat' dir='ltr'><em>incendium</em></span> <span class='ocrx_word' id='word_1_143' title='bbox 686 2018 748 2070; x_wconf 90' lang='lat' dir='ltr'><em>belli</em></span> <span class='ocrx_word' id='word_1_144' title='bbox 772 2019 872 2070; x_wconf 86' lang='lat' dir='ltr'><em>Punici</em></span> <span class='ocrx_word' id='word_1_145' title='bbox 895 2019 1028 2090; x_wconf 78' lang='lat' dir='ltr'><em>sanguine</em></span> <span class='ocrx_word' id='word_1_146' title='bbox 1051 2037 1101 2070; x_wconf 89' lang='lat' dir='ltr'><em>suo</em></span> <span class='ocrx_word' id='word_1_147' title='bbox 1125 2018 1330 2075; x_wconf 77' lang='lat' dir='ltr'><em>restinxerunt5</em></span> <span class='ocrx_word' id='word_1_148' title='bbox 1359 2033 1400 2085; x_wconf 88' lang='lat' dir='ltr'><em>pro</em></span> 
     </span>
     <span class='ocr_line' id='line_1_16' title="bbox 356 2103 1398 2178; baseline -0.004 -21"><span class='ocrx_word' id='word_1_149' title='bbox 356 2105 440 2160; x_wconf 84' lang='lat' dir='ltr'><em>Balbo</em></span> <span class='ocrx_word' id='word_1_150' title='bbox 459 2110 505 2160; x_wconf 77' lang='lat'><em>15:</em></span> <span class='ocrx_word' id='word_1_151' title='bbox 526 2111 572 2162; x_wconf 86' lang='lat' dir='ltr'><em>Cn.</em></span> <span class='ocrx_word' id='word_1_152' title='bbox 591 2117 618 2157; x_wconf 89' lang='lat' dir='ltr'><em>et</em></span> <span class='ocrx_word' id='word_1_153' title='bbox 638 2111 671 2159; x_wconf 97' lang='grc' dir='ltr'><strong>Ρ.</strong></span> <span class='ocrx_word' id='word_1_154' title='bbox 689 2107 839 2176; x_wconf 78' lang='lat' dir='ltr'><em>Scipiones,</em></span> <span class='ocrx_word' id='word_1_155' title='bbox 859 2107 913 2159; x_wconf 89' lang='lat' dir='ltr'><em>duo</em></span> <span class='ocrx_word' id='word_1_156' title='bbox 926 2106 1049 2178; x_wconf 87' lang='lat' dir='ltr'><em>fulmina</em></span> <span class='ocrx_word' id='word_1_157' title='bbox 1067 2105 1154 2157; x_wconf 88' lang='lat' dir='ltr'><em>nostri</em></span> <span class='ocrx_word' id='word_1_158' title='bbox 1171 2104 1277 2172; x_wconf 89' lang='lat' dir='ltr'><em>imperii</em></span> <span class='ocrx_word' id='word_1_159' title='bbox 1284 2124 1294 2163; x_wconf 90' lang='lat'><em>‚·</em></span> <span class='ocrx_word' id='word_1_160' title='bbox 1313 2103 1398 2156; x_wconf 82' lang='lat' dir='ltr'><em>Tusce.</em></span> 
     </span>
     <span class='ocr_line' id='line_1_17' title="bbox 355 2190 1397 2265; baseline -0.001 -22"><span class='ocrx_word' id='word_1_161' title='bbox 355 2191 376 2260; x_wconf 90' lang='grc' dir='ltr'><em>Ι,</em></span> <span class='ocrx_word' id='word_1_162' title='bbox 395 2195 439 2258; x_wconf 72' lang='lat' dir='ltr'><em>il,</em></span> <span class='ocrx_word' id='word_1_163' title='bbox 461 2197 504 2249; x_wconf 79' lang='lat'><em>89.</em></span> <span class='ocrx_word' id='word_1_164' title='bbox 523 2193 588 2264; x_wconf 88' lang='lat' dir='ltr'><em>ibiq.</em></span> <span class='ocrx_word' id='word_1_165' title='bbox 606 2204 689 2247; x_wconf 84' lang='lat' dir='ltr'><em>nostr.</em></span> <span class='ocrx_word' id='word_1_166' title='bbox 708 2213 772 2248; x_wconf 90' lang='lat' dir='ltr'><em>aun.</em></span> <span class='ocrx_word' id='word_1_167' title='bbox 792 2214 817 2265; x_wconf 89' lang='lat' dir='ltr'><em>p.</em></span> <span class='ocrx_word' id='word_1_168' title='bbox 836 2197 898 2249; x_wconf 78' lang='lat' dir='ltr'><em>tuti.</em></span> <span class='ocrx_word' id='word_1_169' title='bbox 918 2193 951 2246; x_wconf 90' lang='lat' dir='ltr'><em>de</em></span> <span class='ocrx_word' id='word_1_170' title='bbox 969 2192 1002 2245; x_wconf 89' lang='lat' dir='ltr'><em>N.</em></span> <span class='ocrx_word' id='word_1_171' title='bbox 1020 2192 1056 2245; x_wconf 91' lang='lat' dir='ltr'><em>D.</em></span> <span class='ocrx_word' id='word_1_172' title='bbox 1074 2190 1121 2257; x_wconf 90' lang='grc' dir='ltr'><strong>ΙΙΙ,</strong></span> <span class='ocrx_word' id='word_1_173' title='bbox 1140 2194 1183 2256; x_wconf 78' lang='grc'><em>32,</em></span> <span class='ocrx_word' id='word_1_174' title='bbox 1204 2195 1247 2246; x_wconf 83' lang='grc'><strong>80.</strong></span> <span class='ocrx_word' id='word_1_175' title='bbox 1286 2191 1350 2244; x_wconf 86' lang='lat' dir='ltr'><em>Eius</em></span> <span class='ocrx_word' id='word_1_176' title='bbox 1365 2190 1397 2243; x_wconf 85' lang='lat' dir='ltr'><em>fa·</em></span> 
     </span>
     <span class='ocr_line' id='line_1_18' title="bbox 357 2278 1398 2352; baseline -0.005 -17"><span class='ocrx_word' id='word_1_177' title='bbox 357 2280 445 2335; x_wconf 85' lang='lat' dir='ltr'><em>miliae</em></span> <span class='ocrx_word' id='word_1_178' title='bbox 462 2291 600 2334; x_wconf 87' lang='lat' dir='ltr'><em>stemmata</em></span> <span class='ocrx_word' id='word_1_179' title='bbox 619 2281 790 2352; x_wconf 81' lang='lat' dir='ltr'><em>genealogica</em></span> <span class='ocrx_word' id='word_1_180' title='bbox 810 2280 932 2333; x_wconf 74' lang='lat' dir='ltr'><em>exhibent</em></span> <span class='ocrx_word' id='word_1_181' title='bbox 950 2279 1047 2334; x_wconf 83' lang='lat' dir='ltr'><em>tabulis</em></span> <span class='ocrx_word' id='word_1_182' title='bbox 1072 2279 1202 2351; x_wconf 85' lang='lat' dir='ltr'><em>descripte</em></span> <span class='ocrx_word' id='word_1_183' title='bbox 1228 2278 1305 2350; x_wconf 86' lang='lat' dir='ltr'><em>Xyst.</em></span> <span class='ocrx_word' id='word_1_184' title='bbox 1329 2278 1398 2330; x_wconf 79' lang='lat' dir='ltr'><em>Retu-</em></span> 
     </span>
     <span class='ocr_line' id='line_1_19' title="bbox 355 2366 1397 2439; baseline 0 -20"><span class='ocrx_word' id='word_1_185' title='bbox 355 2367 422 2420; x_wconf 85' lang='lat' dir='ltr'><em>leius</em></span> <span class='ocrx_word' id='word_1_186' title='bbox 439 2367 467 2420; x_wconf 91' lang='lat' dir='ltr'><em>in</em></span> <span class='ocrx_word' id='word_1_187' title='bbox 485 2367 686 2423; x_wconf 84' lang='lat' dir='ltr'><em>Commentario</em></span> <span class='ocrx_word' id='word_1_188' title='bbox 713 2369 746 2422; x_wconf 91' lang='lat' dir='ltr'><em>ad</em></span> <span class='ocrx_word' id='word_1_189' title='bbox 768 2368 793 2422; x_wconf 89' lang='lat' dir='ltr'><em>b.</em></span> <span class='ocrx_word' id='word_1_190' title='bbox 812 2368 829 2420; x_wconf 90' lang='lat' dir='ltr'><em>l.</em></span> <span class='ocrx_word' id='word_1_191' title='bbox 848 2388 872 2439; x_wconf 83' lang='lat' dir='ltr'><em>p.</em></span> <span class='ocrx_word' id='word_1_192' title='bbox 893 2366 1163 2438; x_wconf 76' lang='lat' dir='ltr'><em>23;10.Gtandorp.</em></span> <span class='ocrx_word' id='word_1_193' title='bbox 1185 2367 1214 2420; x_wconf 92' lang='lat' dir='ltr'><em>iu</em></span> <span class='ocrx_word' id='word_1_194' title='bbox 1234 2366 1397 2420; x_wconf 86' lang='lat' dir='ltr'><em>Onomastico</em></span> 
     </span>
     <span class='ocr_line' id='line_1_20' title="bbox 355 2453 1396 2528; baseline 0.001 -22"><span class='ocrx_word' id='word_1_195' title='bbox 355 2455 419 2510; x_wconf 87' lang='lat' dir='ltr'><em>Hist.</em></span> <span class='ocrx_word' id='word_1_196' title='bbox 438 2457 515 2509; x_wconf 86' lang='lat' dir='ltr'><em>Rom.</em></span> <span class='ocrx_word' id='word_1_197' title='bbox 533 2477 558 2528; x_wconf 88' lang='lat' dir='ltr'><em>p.</em></span> <span class='ocrx_word' id='word_1_198' title='bbox 567 2460 629 2513; x_wconf 79' lang='lat'><em>⁹49.</em></span> <span class='ocrx_word' id='word_1_199' title='bbox 649 2457 709 2511; x_wconf 88' lang='lat' dir='ltr'><em>coll.</em></span> <span class='ocrx_word' id='word_1_200' title='bbox 728 2476 755 2528; x_wconf 90' lang='lat' dir='ltr'><em>p.</em></span> <span class='ocrx_word' id='word_1_201' title='bbox 775 2459 837 2510; x_wconf 78' lang='grc'><strong>252.</strong></span> <span class='ocrx_word' id='word_1_202' title='bbox 856 2466 882 2508; x_wconf 88' lang='lat' dir='ltr'><em>et</em></span> <span class='ocrx_word' id='word_1_203' title='bbox 900 2454 984 2509; x_wconf 86' lang='lat' dir='ltr'><em>Orell.</em></span> <span class='ocrx_word' id='word_1_204' title='bbox 1000 2456 1029 2508; x_wconf 92' lang='lat' dir='ltr'><em>in</em></span> <span class='ocrx_word' id='word_1_205' title='bbox 1038 2454 1179 2508; x_wconf 86' lang='lat' dir='ltr'><em>Onomast.</em></span> <span class='ocrx_word' id='word_1_206' title='bbox 1200 2453 1256 2508; x_wconf 89' lang='lat' dir='ltr'><em>Cic.</em></span> <span class='ocrx_word' id='word_1_207' title='bbox 1277 2457 1396 2526; x_wconf 75' lang='lat' dir='ltr'><em>ptsssq.</em></span> 
     </span>
     <span class='ocr_line' id='line_1_21' title="bbox 355 2542 1396 2614; baseline -0.001 -20"><span class='ocrx_word' id='word_1_208' title='bbox 355 2542 470 2614; x_wconf 83' lang='lat' dir='ltr'><em>Egregie</em></span> <span class='ocrx_word' id='word_1_209' title='bbox 488 2555 592 2610; x_wconf 90' lang='lat' dir='ltr'><em>autem,</em></span> <span class='ocrx_word' id='word_1_210' title='bbox 611 2555 641 2597; x_wconf 96' lang='lat' dir='ltr'><em>ut</em></span> <span class='ocrx_word' id='word_1_211' title='bbox 659 2543 724 2598; x_wconf 86' lang='lat' dir='ltr'><em>nihii</em></span> <span class='ocrx_word' id='word_1_212' title='bbox 744 2542 858 2614; x_wconf 85' lang='lat' dir='ltr'><em>ansplius</em></span> <span class='ocrx_word' id='word_1_213' title='bbox 875 2542 1023 2608; x_wconf 84' lang='lat' dir='ltr'><em>desideres,</em></span> <span class='ocrx_word' id='word_1_214' title='bbox 1050 2543 1083 2596; x_wconf 87' lang='lat' dir='ltr'><em>de</em></span> <span class='ocrx_word' id='word_1_215' title='bbox 1110 2543 1237 2598; x_wconf 83' lang='lat' dir='ltr'><em>fratribus</em></span> <span class='ocrx_word' id='word_1_216' title='bbox 1266 2542 1317 2597; x_wconf 93' lang='lat' dir='ltr'><em>Cn.</em></span> <span class='ocrx_word' id='word_1_217' title='bbox 1336 2554 1360 2596; x_wconf 86' lang='lat' dir='ltr'><em>et</em></span> <span class='ocrx_word' id='word_1_218' title='bbox 1374 2542 1396 2593; x_wconf 87' lang='lat' dir='ltr'><em>P.</em></span> 
     </span>
     <span class='ocr_line' id='line_1_22' title="bbox 355 2629 1395 2704; baseline -0.003 -21"><span class='ocrx_word' id='word_1_219' title='bbox 355 2629 526 2702; x_wconf 81' lang='lat' dir='ltr'><em>Scipionibus</em></span> <span class='ocrx_word' id='word_1_220' title='bbox 537 2632 589 2703; x_wconf 89' lang='lat' dir='ltr'><em>egit</em></span> <span class='ocrx_word' id='word_1_221' title='bbox 598 2631 647 2684; x_wconf 83' lang='grc' dir='ltr'><strong>ΑΙ.</strong></span> <span class='ocrx_word' id='word_1_222' title='bbox 657 2629 747 2704; x_wconf 85' lang='lat' dir='ltr'><em>Cape</em></span> <span class='ocrx_word' id='word_1_223' title='bbox 756 2631 924 2702; x_wconf 72' lang='lat' dir='ltr'><em>[lmannu&#39;s</em></span> <span class='ocrx_word' id='word_1_224' title='bbox 937 2631 965 2684; x_wconf 94' lang='lat' dir='ltr'><em>in</em></span> <span class='ocrx_word' id='word_1_225' title='bbox 975 2630 1177 2703; x_wconf 71' lang='lat' dir='ltr'><em>progr-Gymn.</em></span> <span class='ocrx_word' id='word_1_226' title='bbox 1188 2629 1395 2703; x_wconf 85' lang='lat' dir='ltr'><em>Dusseldorpiaei</em></span> 
     </span>
     <span class='ocr_line' id='line_1_23' title="bbox 355 2715 1394 2792; baseline -0.005 -18"><span class='ocrx_word' id='word_1_227' title='bbox 355 2722 432 2774; x_wconf 79' lang='lat'><em>1841.</em></span> <span class='ocrx_word' id='word_1_228' title='bbox 449 2719 506 2790; x_wconf 88' lang='lat' dir='ltr'><em>(De</em></span> <span class='ocrx_word' id='word_1_229' title='bbox 533 2719 704 2792; x_wconf 85' lang='lat' dir='ltr'><em>Scipionibus</em></span> <span class='ocrx_word' id='word_1_230' title='bbox 730 2717 972 2774; x_wconf 86' lang='lat' dir='ltr'><em>Commentationis</em></span> <span class='ocrx_word' id='word_1_231' title='bbox 996 2719 1140 2791; x_wconf 80' lang='lat' dir='ltr'><em>particula)</em></span> <span class='ocrx_word' id='word_1_232' title='bbox 1164 2723 1312 2791; x_wconf 69' lang='lat' dir='ltr'><em>pti-12.</em></span> <span class='ocrx_word' id='word_1_233' title='bbox 1352 2715 1394 2771; x_wconf 72' lang='lat' dir='ltr'><em>set</em></span> 
     </span>
     <span class='ocr_line' id='line_1_24' title="bbox 355 2807 1393 2872; baseline -0.002 -14"><span class='ocrx_word' id='word_1_234' title='bbox 355 2817 448 2872; x_wconf 89' lang='lat' dir='ltr'><em>restat,</em></span> <span class='ocrx_word' id='word_1_235' title='bbox 476 2819 504 2861; x_wconf 92' lang='lat' dir='ltr'><em>ut</em></span> <span class='ocrx_word' id='word_1_236' title='bbox 531 2807 563 2861; x_wconf 89' lang='lat' dir='ltr'><em>de</em></span> <span class='ocrx_word' id='word_1_237' title='bbox 586 2808 718 2862; x_wconf 85' lang='lat' dir='ltr'><em>librorum</em></span> <span class='ocrx_word' id='word_1_238' title='bbox 737 2809 897 2863; x_wconf 88' lang='lat' dir='ltr'><em>lectionibus</em></span> <span class='ocrx_word' id='word_1_239' title='bbox 921 2807 1023 2862; x_wconf 85' lang='lat' dir='ltr'><em>dicam:</em></span> <span class='ocrx_word' id='word_1_240' title='bbox 1050 2807 1121 2861; x_wconf 92' lang='lat' dir='ltr'><em>Gud.</em></span> <span class='ocrx_word' id='word_1_241' title='bbox 1139 2807 1172 2861; x_wconf 84' lang='grc' dir='ltr'><strong>Α.</strong></span> <span class='ocrx_word' id='word_1_242' title='bbox 1191 2807 1273 2862; x_wconf 84' lang='lat' dir='ltr'><em>hebet</em></span> <span class='ocrx_word' id='word_1_243' title='bbox 1292 2809 1361 2860; x_wconf 81' lang='lat' dir='ltr'><em>Gnei’</em></span> <span class='ocrx_word' id='word_1_244' title='bbox 1375 2816 1393 2856; x_wconf 89' lang='lat' dir='ltr'><em>et</em></span> 
     </span>
     <span class='ocr_line' id='line_1_25' title="bbox 355 2892 1393 2967; baseline -0.001 -22"><span class='ocrx_word' id='word_1_245' title='bbox 355 2893 450 2963; x_wconf 84' lang='lat' dir='ltr'><em>scipio,</em></span> <span class='ocrx_word' id='word_1_246' title='bbox 468 2892 527 2946; x_wconf 81' lang='lat' dir='ltr'><em>Cra.</em></span> <span class='ocrx_word' id='word_1_247' title='bbox 545 2898 570 2949; x_wconf 90' lang='lat'><em>1.</em></span> <span class='ocrx_word' id='word_1_248' title='bbox 589 2896 668 2965; x_wconf 81' lang='lat' dir='ltr'><em>Gneij</em></span> <span class='ocrx_word' id='word_1_249' title='bbox 686 2906 713 2947; x_wconf 93' lang='lat' dir='ltr'><em>et</em></span> <span class='ocrx_word' id='word_1_250' title='bbox 731 2897 826 2965; x_wconf 85' lang='lat' dir='ltr'><em>Publij</em></span> <span class='ocrx_word' id='word_1_251' title='bbox 843 2897 987 2967; x_wconf 85' lang='lat' dir='ltr'><em>Scipiones,</em></span> <span class='ocrx_word' id='word_1_252' title='bbox 1006 2894 1066 2949; x_wconf 78' lang='lat' dir='ltr'><em>Cra.</em></span> <span class='ocrx_word' id='word_1_253' title='bbox 1085 2901 1110 2949; x_wconf 95' lang='grc'><em>2.</em></span> <span class='ocrx_word' id='word_1_254' title='bbox 1138 2896 1205 2947; x_wconf 84' lang='lat' dir='ltr'><em>Gnei</em></span> <span class='ocrx_word' id='word_1_255' title='bbox 1221 2906 1250 2947; x_wconf 84' lang='lat' dir='ltr'><em>et</em></span> <span class='ocrx_word' id='word_1_256' title='bbox 1269 2901 1303 2951; x_wconf 88' lang='grc' dir='ltr'><strong>Ρ.</strong></span> <span class='ocrx_word' id='word_1_257' title='bbox 1323 2895 1393 2963; x_wconf 83' lang='lat' dir='ltr'><em>Cipio·</em></span> 
     </span>
     <span class='ocr_line' id='line_1_26' title="bbox 356 2980 1391 3058; baseline 0.001 -26"><span class='ocrx_word' id='word_1_258' title='bbox 356 2980 411 3044; x_wconf 86' lang='lat' dir='ltr'><em>nis,</em></span> <span class='ocrx_word' id='word_1_259' title='bbox 429 2981 508 3034; x_wconf 84' lang='lat' dir='ltr'><em>Drsd.</em></span> <span class='ocrx_word' id='word_1_260' title='bbox 526 2986 553 3036; x_wconf 84' lang='lat'><em>4.</em></span> <span class='ocrx_word' id='word_1_261' title='bbox 573 2986 613 3035; x_wconf 88' lang='grc' dir='ltr'><em>Μ.</em></span> <span class='ocrx_word' id='word_1_262' title='bbox 632 2994 659 3035; x_wconf 90' lang='lat' dir='ltr'><em>et</em></span> <span class='ocrx_word' id='word_1_263' title='bbox 678 2988 709 3038; x_wconf 89' lang='grc' dir='ltr'><strong>Ρ.</strong></span> <span class='ocrx_word' id='word_1_264' title='bbox 728 2986 817 3055; x_wconf 83' lang='lat' dir='ltr'><em>Scipio</em></span> <span class='ocrx_word' id='word_1_265' title='bbox 835 2984 969 3058; x_wconf 75' lang='lat' dir='ltr'><em>exigebat.</em></span> <span class='ocrx_word' id='word_1_266' title='bbox 986 2984 1068 3037; x_wconf 88' lang='lat' dir='ltr'><em>Drsd.</em></span> <span class='ocrx_word' id='word_1_267' title='bbox 1080 2988 1106 3038; x_wconf 82' lang='lat'><em>5.</em></span> <span class='ocrx_word' id='word_1_268' title='bbox 1136 2988 1164 3037; x_wconf 81' lang='lat'><em>0.</em></span> <span class='ocrx_word' id='word_1_269' title='bbox 1193 2993 1221 3034; x_wconf 87' lang='lat' dir='ltr'><em>et</em></span> <span class='ocrx_word' id='word_1_270' title='bbox 1240 2983 1333 3035; x_wconf 88' lang='lat' dir='ltr'><em>Publii</em></span> <span class='ocrx_word' id='word_1_271' title='bbox 1347 2982 1391 3034; x_wconf 86' lang='lat' dir='ltr'><em>Sci·</em></span> 
     </span>
     <span class='ocr_line' id='line_1_27' title="bbox 353 3067 1391 3146; baseline 0.003 -28"><span class='ocrx_word' id='word_1_272' title='bbox 353 3069 471 3137; x_wconf 86' lang='lat' dir='ltr'><em>pianum.</em></span> <span class='ocrx_word' id='word_1_273' title='bbox 508 3069 579 3122; x_wconf 90' lang='lat' dir='ltr'><em>Tum</em></span> <span class='ocrx_word' id='word_1_274' title='bbox 597 3067 655 3124; x_wconf 85' lang='lat' dir='ltr'><em>Cre.</em></span> <span class='ocrx_word' id='word_1_275' title='bbox 675 3073 701 3125; x_wconf 84' lang='grc'><strong>1.</strong></span> <span class='ocrx_word' id='word_1_276' title='bbox 721 3074 957 3146; x_wconf 83' lang='lat' dir='ltr'><em>Cartaginensium</em></span> <span class='ocrx_word' id='word_1_277' title='bbox 975 3091 1037 3126; x_wconf 89' lang='lat' dir='ltr'><em>cum</em></span> <span class='ocrx_word' id='word_1_278' title='bbox 1054 3072 1135 3125; x_wconf 86' lang='lat' dir='ltr'><em>Drsd.</em></span> <span class='ocrx_word' id='word_1_279' title='bbox 1154 3074 1180 3125; x_wconf 86' lang='lat'><em>1.</em></span> <span class='ocrx_word' id='word_1_280' title='bbox 1199 3070 1274 3125; x_wconf 88' lang='lat' dir='ltr'><em>Gud.</em></span> <span class='ocrx_word' id='word_1_281' title='bbox 1293 3069 1324 3124; x_wconf 88' lang='lat' dir='ltr'><em>C.</em></span> <span class='ocrx_word' id='word_1_282' title='bbox 1346 3088 1391 3121; x_wconf 90' lang='lat' dir='ltr'><em>car-</em></span> 
     </span>
     <span class='ocr_line' id='line_1_28' title="bbox 355 3157 1391 3230; baseline 0 -24"><span class='ocrx_word' id='word_1_283' title='bbox 355 3157 571 3228; x_wconf 65' lang='lat' dir='ltr'><em>thaginensium</em></span> <span class='ocrx_word' id='word_1_284' title='bbox 590 3157 662 3212; x_wconf 83' lang='lat' dir='ltr'><em>Gud.</em></span> <span class='ocrx_word' id='word_1_285' title='bbox 682 3159 712 3211; x_wconf 86' lang='lat' dir='ltr'><em>B.</em></span> <span class='ocrx_word' id='word_1_286' title='bbox 732 3163 780 3214; x_wconf 74' lang='grc' dir='ltr'><strong>Θῆ.</strong></span> <span class='ocrx_word' id='word_1_287' title='bbox 799 3165 840 3216; x_wconf 88' lang='grc' dir='ltr'><strong>Μ.</strong></span> <span class='ocrx_word' id='word_1_288' title='bbox 858 3171 886 3213; x_wconf 91' lang='lat' dir='ltr'><em>et</em></span> <span class='ocrx_word' id='word_1_289' title='bbox 900 3180 930 3230; x_wconf 91' lang='lat' dir='ltr'><em>p.</em></span> <span class='ocrx_word' id='word_1_290' title='bbox 943 3162 1085 3230; x_wconf 69' lang='lat' dir='ltr'><em>Scipioniss</em></span> <span class='ocrx_word' id='word_1_291' title='bbox 1105 3158 1165 3213; x_wconf 80' lang='lat' dir='ltr'><em>Cre.</em></span> <span class='ocrx_word' id='word_1_292' title='bbox 1180 3162 1206 3212; x_wconf 90' lang='lat'><em>1.</em></span> <span class='ocrx_word' id='word_1_293' title='bbox 1225 3158 1325 3212; x_wconf 86' lang='lat' dir='ltr'><em>omittit</em></span> <span class='ocrx_word' id='word_1_294' title='bbox 1342 3157 1391 3209; x_wconf 84' lang='lat' dir='ltr'><em>suis·</em></span> 
     </span>
     <span class='ocr_line' id='line_1_29' title="bbox 354 3242 1391 3316; baseline 0.002 -20"><span class='ocrx_word' id='word_1_295' title='bbox 354 3242 385 3295; x_wconf 91' lang='lat' dir='ltr'><em>ln</em></span> <span class='ocrx_word' id='word_1_296' title='bbox 405 3242 456 3315; x_wconf 84' lang='lat' dir='ltr'><em>Ox.</em></span> <span class='ocrx_word' id='word_1_297' title='bbox 475 3262 505 3307; x_wconf 77' lang='grc' dir='ltr'><strong>ψ.</strong></span> <span class='ocrx_word' id='word_1_298' title='bbox 532 3256 570 3299; x_wconf 84' lang='lat' dir='ltr'><em>est</em></span> <span class='ocrx_word' id='word_1_299' title='bbox 593 3247 647 3299; x_wconf 89' lang='lat' dir='ltr'><em>iter</em></span> <span class='ocrx_word' id='word_1_300' title='bbox 673 3248 863 3314; x_wconf 88' lang='lat' dir='ltr'><em>claudendum,</em></span> <span class='ocrx_word' id='word_1_301' title='bbox 898 3249 927 3301; x_wconf 94' lang='lat' dir='ltr'><em>in</em></span> <span class='ocrx_word' id='word_1_302' title='bbox 955 3248 1035 3302; x_wconf 79' lang='lat' dir='ltr'><em>Drsd.</em></span> <span class='ocrx_word' id='word_1_303' title='bbox 1056 3252 1082 3303; x_wconf 82' lang='lat'><em>5.</em></span> <span class='ocrx_word' id='word_1_304' title='bbox 1107 3246 1350 3316; x_wconf 76' lang='lat' dir='ltr'><em>suis&#39;eorporibus,</em></span> <span class='ocrx_word' id='word_1_305' title='bbox 1372 3244 1391 3294; x_wconf 81' lang='lat' dir='ltr'><em>in</em></span> 
     </span>
     <span class='ocr_line' id='line_1_30' title="bbox 355 3328 770 3391; baseline 0.019 -9"><span class='ocrx_word' id='word_1_306' title='bbox 355 3328 414 3384; x_wconf 82' lang='lat' dir='ltr'><em>Cra.</em></span> <span class='ocrx_word' id='word_1_307' title='bbox 430 3336 455 3385; x_wconf 90' lang='grc'><em>2.</em></span> <span class='ocrx_word' id='word_1_308' title='bbox 473 3332 692 3389; x_wconf 85' lang='lat' dir='ltr'><em>intercluserunt.</em></span> <span class='ocrx_word' id='word_1_309' title='bbox 710 3334 770 3391; x_wconf 65' lang='grc' dir='ltr'><strong>ΜΓ.</strong></span> 
     </span>
    </p>

    <p class='ocr_par' dir='ltr' id='par_1_3' title="bbox 289 3420 1396 4368">
     <span class='ocr_line' id='line_1_31' title="bbox 426 3420 1391 3496; baseline 0.001 -26"><span class='ocrx_word' id='word_1_310' title='bbox 426 3420 500 3489; x_wconf 84' lang='lat' dir='ltr'><em>Quid</em></span> <span class='ocrx_word' id='word_1_311' title='bbox 525 3421 681 3491; x_wconf 81' lang='lat' dir='ltr'><em>Africanus</em></span> <span class='ocrx_word' id='word_1_312' title='bbox 703 3423 817 3488; x_wconf 77' lang='lat' dir='ltr'><em>major?</em></span> <span class='ocrx_word' id='word_1_313' title='bbox 845 3427 912 3496; x_wconf 86' lang='lat' dir='ltr'><em>qnid</em></span> <span class='ocrx_word' id='word_1_314' title='bbox 935 3425 1053 3493; x_wconf 71' lang='lat' dir='ltr'><em>minorl]</em></span> <span class='ocrx_word' id='word_1_315' title='bbox 1078 3422 1136 3477; x_wconf 81' lang='lat' dir='ltr'><em>Cre.</em></span> <span class='ocrx_word' id='word_1_316' title='bbox 1154 3426 1179 3476; x_wconf 88' lang='lat'><em>1.</em></span> <span class='ocrx_word' id='word_1_317' title='bbox 1198 3428 1224 3476; x_wconf 90' lang='grc'><em>2.</em></span> <span class='ocrx_word' id='word_1_318' title='bbox 1249 3423 1391 3493; x_wconf 83' lang='lat' dir='ltr'><em>affricanus,</em></span> 
     </span>
     <span class='ocr_line' id='line_1_32' title="bbox 356 3507 1392 3583; baseline -0.001 -25"><span class='ocrx_word' id='word_1_319' title='bbox 356 3509 433 3562; x_wconf 78' lang='lat' dir='ltr'><em>verbo</em></span> <span class='ocrx_word' id='word_1_320' title='bbox 453 3507 559 3561; x_wconf 85' lang='lat' dir='ltr'><em>maior?</em></span> <span class='ocrx_word' id='word_1_321' title='bbox 577 3510 644 3581; x_wconf 83' lang='lat' dir='ltr'><em>quid</em></span> <span class='ocrx_word' id='word_1_322' title='bbox 666 3512 763 3564; x_wconf 85' lang='lat' dir='ltr'><em>absunt</em></span> <span class='ocrx_word' id='word_1_323' title='bbox 780 3530 795 3565; x_wconf 82' lang='lat' dir='ltr'><em>a</em></span> <span class='ocrx_word' id='word_1_324' title='bbox 814 3511 887 3566; x_wconf 90' lang='lat' dir='ltr'><em>Gud.</em></span> <span class='ocrx_word' id='word_1_325' title='bbox 908 3513 940 3565; x_wconf 82' lang='grc' dir='ltr'><strong>Α.</strong></span> <span class='ocrx_word' id='word_1_326' title='bbox 962 3513 1016 3565; x_wconf 87' lang='lat' dir='ltr'><em>Pro</em></span> <span class='ocrx_word' id='word_1_327' title='bbox 1034 3510 1142 3579; x_wconf 86' lang='lat' dir='ltr'><em>major?</em></span> <span class='ocrx_word' id='word_1_328' title='bbox 1160 3511 1228 3583; x_wconf 86' lang='lat' dir='ltr'><em>quid</em></span> <span class='ocrx_word' id='word_1_329' title='bbox 1245 3509 1349 3563; x_wconf 86' lang='lat' dir='ltr'><em>minor?</em></span> <span class='ocrx_word' id='word_1_330' title='bbox 1366 3515 1392 3559; x_wconf 85' lang='lat' dir='ltr'><em>est</em></span> 
     </span>
     <span class='ocr_line' id='line_1_33' title="bbox 354 3594 1392 3666; baseline 0.003 -22"><span class='ocrx_word' id='word_1_331' title='bbox 354 3594 461 3646; x_wconf 87' lang='lat' dir='ltr'><em>minor?</em></span> <span class='ocrx_word' id='word_1_332' title='bbox 485 3596 552 3666; x_wconf 83' lang='lat' dir='ltr'><em>quid</em></span> <span class='ocrx_word' id='word_1_333' title='bbox 569 3598 653 3649; x_wconf 89' lang='lat' dir='ltr'><em>maior</em></span> <span class='ocrx_word' id='word_1_334' title='bbox 670 3598 698 3650; x_wconf 90' lang='lat' dir='ltr'><em>in</em></span> <span class='ocrx_word' id='word_1_335' title='bbox 718 3597 804 3653; x_wconf 87' lang='lat' dir='ltr'><em>Codd.</em></span> <span class='ocrx_word' id='word_1_336' title='bbox 826 3599 885 3653; x_wconf 82' lang='lat' dir='ltr'><em>Cra.</em></span> <span class='ocrx_word' id='word_1_337' title='bbox 902 3606 928 3653; x_wconf 87' lang='grc'><strong>2.</strong></span> <span class='ocrx_word' id='word_1_338' title='bbox 945 3603 970 3654; x_wconf 76' lang='grc'><strong>3.</strong></span> <span class='ocrx_word' id='word_1_339' title='bbox 988 3600 1068 3653; x_wconf 81' lang='lat' dir='ltr'><em>Rern.</em></span> <span class='ocrx_word' id='word_1_340' title='bbox 1081 3598 1162 3651; x_wconf 89' lang='lat' dir='ltr'><em>Drsd.</em></span> <span class='ocrx_word' id='word_1_341' title='bbox 1181 3602 1207 3653; x_wconf 89' lang='lat'><em>1.</em></span> <span class='ocrx_word' id='word_1_342' title='bbox 1227 3602 1254 3653; x_wconf 78' lang='grc'><strong>3.</strong></span> <span class='ocrx_word' id='word_1_343' title='bbox 1290 3599 1333 3650; x_wconf 87' lang='lat' dir='ltr'><em>De</em></span> <span class='ocrx_word' id='word_1_344' title='bbox 1348 3594 1392 3647; x_wconf 83' lang='lat' dir='ltr'><em>Sei·</em></span> 
     </span>
     <span class='ocr_line' id='line_1_34' title="bbox 352 3682 1392 3759; baseline 0.002 -26"><span class='ocrx_word' id='word_1_345' title='bbox 352 3682 430 3751; x_wconf 87' lang='lat' dir='ltr'><em>piane</em></span> <span class='ocrx_word' id='word_1_346' title='bbox 448 3682 584 3752; x_wconf 85' lang='lat' dir='ltr'><em>Africano</em></span> <span class='ocrx_word' id='word_1_347' title='bbox 602 3687 702 3750; x_wconf 81' lang='lat' dir='ltr'><em>majore</em></span> <span class='ocrx_word' id='word_1_348' title='bbox 720 3686 771 3742; x_wconf 85' lang='lat' dir='ltr'><em>vid.</em></span> <span class='ocrx_word' id='word_1_349' title='bbox 803 3707 870 3759; x_wconf 89' lang='lat' dir='ltr'><em>quos</em></span> <span class='ocrx_word' id='word_1_350' title='bbox 900 3688 1032 3757; x_wconf 82' lang='lat' dir='ltr'><em>congessit</em></span> <span class='ocrx_word' id='word_1_351' title='bbox 1056 3687 1132 3739; x_wconf 91' lang='lat' dir='ltr'><em>locos</em></span> <span class='ocrx_word' id='word_1_352' title='bbox 1159 3684 1281 3738; x_wconf 68' lang='lat' dir='ltr'><em>Orellius</em></span> <span class='ocrx_word' id='word_1_353' title='bbox 1309 3684 1392 3737; x_wconf 83' lang='lat' dir='ltr'><em>Onon·</em></span> 
     </span>
     <span class='ocr_line' id='line_1_35' title="bbox 356 3765 1392 3845; baseline 0.001 -26"><span class='ocrx_word' id='word_1_354' title='bbox 356 3765 442 3821; x_wconf 86' lang='lat' dir='ltr'><em>Cicer.</em></span> <span class='ocrx_word' id='word_1_355' title='bbox 460 3767 489 3821; x_wconf 88' lang='lat' dir='ltr'><em>P.</em></span> <span class='ocrx_word' id='word_1_356' title='bbox 505 3766 538 3822; x_wconf 94' lang='grc' dir='ltr'><strong>ΙΙ.</strong></span> <span class='ocrx_word' id='word_1_357' title='bbox 558 3773 642 3841; x_wconf 69' lang='lat' dir='ltr'><em>pnes</em></span> <span class='ocrx_word' id='word_1_358' title='bbox 656 3792 695 3844; x_wconf 87' lang='lat' dir='ltr'><em>sq.</em></span> <span class='ocrx_word' id='word_1_359' title='bbox 732 3773 774 3827; x_wconf 86' lang='lat' dir='ltr'><em>De</em></span> <span class='ocrx_word' id='word_1_360' title='bbox 794 3775 893 3826; x_wconf 86' lang='lat' dir='ltr'><em>minore</em></span> <span class='ocrx_word' id='word_1_361' title='bbox 911 3775 983 3827; x_wconf 90' lang='lat' dir='ltr'><em>idem</em></span> <span class='ocrx_word' id='word_1_362' title='bbox 1002 3775 1249 3845; x_wconf 57' lang='lat' dir='ltr'><em>inputet—199.</em></span> <span class='ocrx_word' id='word_1_363' title='bbox 1281 3773 1316 3828; x_wconf 84' lang='lat' dir='ltr'><em>Et</em></span> <span class='ocrx_word' id='word_1_364' title='bbox 1333 3772 1392 3825; x_wconf 83' lang='lat' dir='ltr'><em>buius</em></span> 
     </span>
     <span class='ocr_line' id='line_1_36' title="bbox 357 3851 1393 3931; baseline 0.001 -24"><span class='ocrx_word' id='word_1_365' title='bbox 357 3855 464 3926; x_wconf 86' lang='lat' dir='ltr'><em>quidem</em></span> <span class='ocrx_word' id='word_1_366' title='bbox 484 3857 561 3911; x_wconf 86' lang='lat' dir='ltr'><em>vitam</em></span> <span class='ocrx_word' id='word_1_367' title='bbox 580 3860 742 3931; x_wconf 86' lang='lat' dir='ltr'><em>scripserunt</em></span> <span class='ocrx_word' id='word_1_368' title='bbox 767 3860 821 3914; x_wconf 88' lang='lat' dir='ltr'><em>duo</em></span> <span class='ocrx_word' id='word_1_369' title='bbox 838 3861 960 3915; x_wconf 86' lang='lat' dir='ltr'><em>homines</em></span> <span class='ocrx_word' id='word_1_370' title='bbox 977 3851 1052 3927; x_wconf 67' lang='lat' dir='ltr'><em>liuh,</em></span> <span class='ocrx_word' id='word_1_371' title='bbox 1071 3859 1219 3914; x_wconf 83' lang='lat' dir='ltr'><em>Carolus</em></span> <span class='ocrx_word' id='word_1_372' title='bbox 1238 3859 1393 3931; x_wconf 76' lang='lat' dir='ltr'><em>Sigonius</em></span> 
     </span>
     <span class='ocr_line' id='line_1_37' title="bbox 355 3944 1393 4020; baseline 0.002 -25"><span class='ocrx_word' id='word_1_373' title='bbox 355 3945 402 4014; x_wconf 88' lang='lat' dir='ltr'><em>(de</em></span> <span class='ocrx_word' id='word_1_374' title='bbox 422 3945 488 3999; x_wconf 89' lang='lat' dir='ltr'><em>Vita</em></span> <span class='ocrx_word' id='word_1_375' title='bbox 505 3957 533 3998; x_wconf 85' lang='lat' dir='ltr'><em>et</em></span> <span class='ocrx_word' id='word_1_376' title='bbox 551 3946 628 4000; x_wconf 88' lang='lat' dir='ltr'><em>rebus</em></span> <span class='ocrx_word' id='word_1_377' title='bbox 644 3950 730 4020; x_wconf 86' lang='lat' dir='ltr'><em>gestis</em></span> <span class='ocrx_word' id='word_1_378' title='bbox 753 3954 787 4003; x_wconf 85' lang='lat' dir='ltr'><em>P.</em></span> <span class='ocrx_word' id='word_1_379' title='bbox 805 3950 937 4019; x_wconf 85' lang='lat' dir='ltr'><em>Scipionis</em></span> <span class='ocrx_word' id='word_1_380' title='bbox 955 3950 1102 4003; x_wconf 88' lang='lat' dir='ltr'><em>Aemiliani</em></span> <span class='ocrx_word' id='word_1_381' title='bbox 1119 3948 1188 4002; x_wconf 87' lang='lat' dir='ltr'><em>liber</em></span> <span class='ocrx_word' id='word_1_382' title='bbox 1206 3948 1241 4000; x_wconf 85' lang='lat' dir='ltr'><em>ad</em></span> <span class='ocrx_word' id='word_1_383' title='bbox 1260 3948 1327 4001; x_wconf 85' lang='lat' dir='ltr'><em>calc.</em></span> <span class='ocrx_word' id='word_1_384' title='bbox 1344 3944 1393 3997; x_wconf 79' lang='lat' dir='ltr'><em>Edi-</em></span> 
     </span>
     <span class='ocr_line' id='line_1_38' title="bbox 289 4031 1393 4107; baseline 0.006 -22"><span class='ocrx_word' id='word_1_385' title='bbox 289 4097 292 4104; x_wconf 18' lang='lat'>]</span> <span class='ocrx_word' id='word_1_386' title='bbox 356 4032 435 4087; x_wconf 89' lang='lat' dir='ltr'><em>tionis</em></span> <span class='ocrx_word' id='word_1_387' title='bbox 454 4035 647 4090; x_wconf 79' lang='lat' dir='ltr'><em>Arntsenianae</em></span> <span class='ocrx_word' id='word_1_388' title='bbox 665 4036 768 4090; x_wconf 80' lang='lat' dir='ltr'><em>Aurelii</em></span> <span class='ocrx_word' id='word_1_389' title='bbox 786 4037 910 4092; x_wconf 85' lang='lat' dir='ltr'><em>Victoris.</em></span> <span class='ocrx_word' id='word_1_390' title='bbox 937 4037 1022 4090; x_wconf 76' lang='lat' dir='ltr'><em>Amet.</em></span> <span class='ocrx_word' id='word_1_391' title='bbox 1041 4039 1121 4091; x_wconf 80' lang='grc'><strong>1233.</strong></span> <span class='ocrx_word' id='word_1_392' title='bbox 1139 4040 1165 4089; x_wconf 82' lang='grc'><strong>4.</strong></span> <span class='ocrx_word' id='word_1_393' title='bbox 1189 4055 1217 4107; x_wconf 91' lang='lat' dir='ltr'><em>p.</em></span> <span class='ocrx_word' id='word_1_394' title='bbox 1237 4031 1393 4092; x_wconf 64' lang='lat' dir='ltr'><em>tta-tsi)</em></span> 
     </span>
     <span class='ocr_line' id='line_1_39' title="bbox 356 4117 1395 4194; baseline 0 -21"><span class='ocrx_word' id='word_1_395' title='bbox 356 4130 383 4174; x_wconf 86' lang='lat' dir='ltr'><em>et</em></span> <span class='ocrx_word' id='word_1_396' title='bbox 400 4121 522 4177; x_wconf 82' lang='lat' dir='ltr'><em>Antan.</em></span> <span class='ocrx_word' id='word_1_397' title='bbox 541 4124 773 4177; x_wconf 86' lang='lat' dir='ltr'><em>Beudinellus</em></span> <span class='ocrx_word' id='word_1_398' title='bbox 792 4128 836 4190; x_wconf 88' lang='lat' dir='ltr'><em>(P.</em></span> <span class='ocrx_word' id='word_1_399' title='bbox 848 4126 962 4178; x_wconf 84' lang='lat' dir='ltr'><em>Cornelii</em></span> <span class='ocrx_word' id='word_1_400' title='bbox 978 4124 1109 4194; x_wconf 86' lang='lat' dir='ltr'><em>Scipionis</em></span> <span class='ocrx_word' id='word_1_401' title='bbox 1121 4124 1273 4178; x_wconf 85' lang='lat' dir='ltr'><em>Aemiliani</em></span> <span class='ocrx_word' id='word_1_402' title='bbox 1280 4117 1395 4194; x_wconf 69' lang='lat' dir='ltr'><em>Africani</em></span> 
     </span>
     <span class='ocr_line' id='line_1_40' title="bbox 357 4208 1395 4283; baseline 0.005 -22"><span class='ocrx_word' id='word_1_403' title='bbox 357 4210 465 4262; x_wconf 88' lang='lat' dir='ltr'><em>minoris</em></span> <span class='ocrx_word' id='word_1_404' title='bbox 479 4211 547 4263; x_wconf 80' lang='lat' dir='ltr'><em>vita.</em></span> <span class='ocrx_word' id='word_1_405' title='bbox 566 4210 652 4265; x_wconf 67' lang='lat' dir='ltr'><em>EM.</em></span> <span class='ocrx_word' id='word_1_406' title='bbox 671 4232 728 4267; x_wconf 85' lang='lat' dir='ltr'><em>cur.</em></span> <span class='ocrx_word' id='word_1_407' title='bbox 744 4213 964 4268; x_wconf 75' lang='lat' dir='ltr'><em>isidamssisncbi.</em></span> <span class='ocrx_word' id='word_1_408' title='bbox 979 4212 1198 4266; x_wconf 71' lang='lat' dir='ltr'><em>namnetim.</em></span> <span class='ocrx_word' id='word_1_409' title='bbox 1217 4215 1243 4265; x_wconf 88' lang='grc'><strong>8.</strong></span> <span class='ocrx_word' id='word_1_410' title='bbox 1263 4214 1298 4266; x_wconf 78' lang='grc'><em>95</em></span> <span class='ocrx_word' id='word_1_411' title='bbox 1308 4208 1395 4283; x_wconf 80' lang='lat' dir='ltr'><em>pp·)··</em></span> 
     </span>
     <span class='ocr_line' id='line_1_41' title="bbox 358 4295 1396 4368; baseline 0.005 -20"><span class='ocrx_word' id='word_1_412' title='bbox 358 4295 387 4348; x_wconf 88' lang='lat' dir='ltr'><em>ln</em></span> <span class='ocrx_word' id='word_1_413' title='bbox 406 4316 481 4368; x_wconf 82' lang='lat' dir='ltr'><em>seqq.</em></span> <span class='ocrx_word' id='word_1_414' title='bbox 498 4296 566 4352; x_wconf 91' lang='lat' dir='ltr'><em>Cod.</em></span> <span class='ocrx_word' id='word_1_415' title='bbox 585 4297 666 4353; x_wconf 85' lang='lat' dir='ltr'><em>Drsd.</em></span> <span class='ocrx_word' id='word_1_416' title='bbox 685 4304 711 4355; x_wconf 86' lang='lat'><em>1.</em></span> <span class='ocrx_word' id='word_1_417' title='bbox 731 4301 828 4356; x_wconf 87' lang='lat' dir='ltr'><em>omittit</em></span> <span class='ocrx_word' id='word_1_418' title='bbox 845 4304 926 4367; x_wconf 87' lang='lat' dir='ltr'><em>inter,</em></span> <span class='ocrx_word' id='word_1_419' title='bbox 942 4322 958 4356; x_wconf 85' lang='lat' dir='ltr'><em>a</em></span> <span class='ocrx_word' id='word_1_420' title='bbox 977 4301 1050 4355; x_wconf 89' lang='lat' dir='ltr'><em>Gud.</em></span> <span class='ocrx_word' id='word_1_421' title='bbox 1068 4301 1101 4353; x_wconf 86' lang='grc' dir='ltr'><strong>Α.</strong></span> <span class='ocrx_word' id='word_1_422' title='bbox 1119 4300 1195 4354; x_wconf 87' lang='lat' dir='ltr'><em>abest</em></span> <span class='ocrx_word' id='word_1_423' title='bbox 1212 4301 1318 4367; x_wconf 82' lang='lat' dir='ltr'><em>borum,</em></span> <span class='ocrx_word' id='word_1_424' title='bbox 1336 4296 1396 4353; x_wconf 76' lang='lat' dir='ltr'><em>cuits</em></span> 
     </span>
    </p>
   </div>
   <div class='ocr_carea' id='block_1_3' title="bbox 356 4381 1395 4539">
    <p class='ocr_par' dir='ltr' id='par_1_4' title="bbox 356 4381 1395 4539">
     <span class='ocr_line' id='line_1_42' title="bbox 356 4381 1395 4458; baseline 0.007 -25"><span class='ocrx_word' id='word_1_425' title='bbox 356 4382 417 4435; x_wconf 87' lang='lat' dir='ltr'><em>loco</em></span> <span class='ocrx_word' id='word_1_426' title='bbox 439 4381 509 4435; x_wconf 89' lang='lat' dir='ltr'><em>Gud.</em></span> <span class='ocrx_word' id='word_1_427' title='bbox 527 4382 558 4437; x_wconf 92' lang='lat' dir='ltr'><em>C.</em></span> <span class='ocrx_word' id='word_1_428' title='bbox 577 4384 656 4440; x_wconf 82' lang='lat' dir='ltr'><em>babet</em></span> <span class='ocrx_word' id='word_1_429' title='bbox 674 4406 780 4449; x_wconf 86' lang='lat' dir='ltr'><em>eorum,·</em></span> <span class='ocrx_word' id='word_1_430' title='bbox 800 4400 856 4444; x_wconf 90' lang='lat' dir='ltr'><em>tum</em></span> <span class='ocrx_word' id='word_1_431' title='bbox 875 4389 948 4445; x_wconf 88' lang='lat' dir='ltr'><em>Gud.</em></span> <span class='ocrx_word' id='word_1_432' title='bbox 968 4391 1000 4445; x_wconf 86' lang='lat' dir='ltr'><em>B.</em></span> <span class='ocrx_word' id='word_1_433' title='bbox 1016 4391 1108 4449; x_wconf 57' lang='lat' dir='ltr'><em>etate]</em></span> <span class='ocrx_word' id='word_1_434' title='bbox 1128 4387 1179 4441; x_wconf 83' lang='lat' dir='ltr'><em>Os.</em></span> <span class='ocrx_word' id='word_1_435' title='bbox 1197 4388 1230 4442; x_wconf 79' lang='lat' dir='ltr'><em>E.</em></span> <span class='ocrx_word' id='word_1_436' title='bbox 1248 4390 1395 4458; x_wconf 74' lang='lat' dir='ltr'><em>insen-epus</em></span> 
     </span>
     <span class='ocr_line' id='line_1_43' title="bbox 361 4470 671 4539; baseline 0.026 -19"><span class='ocrx_word' id='word_1_437' title='bbox 361 4486 412 4539; x_wconf 88' lang='lat' dir='ltr'><em>pro</em></span> <span class='ocrx_word' id='word_1_438' title='bbox 429 4470 593 4529; x_wconf 86' lang='lat' dir='ltr'><em>interiectus.</em></span> <span class='ocrx_word' id='word_1_439' title='bbox 612 4473 671 4528; x_wconf 62' lang='grc' dir='ltr'><strong>ΜΓ.</strong></span> 
     </span>
    </p>
   </div>
   <div class='ocr_carea' id='block_1_4' title="bbox 0 0 1764 5450">
    <p class='ocr_par' dir='ltr' id='par_1_5' title="bbox 0 0 1764 5450">
     <span class='ocr_line' id='line_1_44' title="bbox 0 0 1764 5450; baseline 0 0"><span class='ocrx_word' id='word_1_440' title='bbox 0 0 1764 5450; x_wconf 95' lang='lat' dir='ltr'><em> </em></span> 
     </span>
    </p>
   </div>
  </div>
 </body>
</html>
