3517 5450
357 693 430 768 184
681 714 853 762 mmmm
881 714 1077 761 srorronnrr.

426 878 456 930 Si
474 877 540 929 milri
557 875 699 945 eripuisses
719 875 848 943 divinam]
880 875 946 942 „sic
964 876 1057 928 decem
1077 885 1188 945 septem.
1228 873 1259 924 Si
1277 871 1400 924 mikilins

355 966 512 1036 eripuisses,
531 982 608 1016 unns.
643 963 715 1016 Alias
734 965 758 1015 si
777 964 842 1015 midi
860 963 910 1014 hoe
930 965 1016 1033 erip.“
1034 961 1075 1029 (?)
1095 960 1170 1014 Md.
1188 959 1280 1014 Man.
1326 959 1403 1013 Grae-

357 1054 412 1105 vius
430 1052 457 1104 in
478 1050 601 1104 lemmate
619 1050 751 1103 variarum
769 1049 935 1116 lectionum,
963 1049 1055 1102 nescio
1080 1048 1152 1102 unde
1169 1047 1278 1120 scripsit
1306 1048 1402 1098 dir-rm:

356 1139 406 1193 nisi
425 1138 468 1192 hic
487 1149 525 1192 est
542 1157 612 1190 unus
637 1156 652 1190 e
676 1137 799 1209 plurimis
823 1157 968 1208 operarum
988 1137 1140 1203 erroribus,
1167 1136 1266 1208 quibus
1294 1135 1403 1189 abundat

356 1227 463 1297 elegans
481 1226 525 1280 iila
543 1239 569 1280 et
587 1226 725 1298 ceteroqui
743 1225 963 1279 commendabilis
981 1225 1070 1278 editio.
1117 1223 1191 1277 Idem
1211 1223 1344 1276 Graevius
1359 1221 1403 1275 ibi-

356 1318 417 1370 dem
435 1326 527 1369 mone!
545 1335 599 1368 esse
625 1316 652 1367 in
672 1314 740 1367 Edd.
760 1313 899 1368 nonnullis
925 1315 1091 1368 diuturnum.
1145 1312 1234 1364 Habet
1256 1311 1325 1363 iliud
1350 1311 1402 1360 ‹iu-

356 1414 465 1455 turnum
485 1402 551 1456 cod.
569 1403 649 1455 Drsd.
662 1407 694 1467 5;
715 1402 814 1455 haben!
831 1401 900 1455 Edd.
919 1401 980 1454 Par.
999 1421 1020 1456 s.
1039 1420 1063 1454 a.
1084 1402 1147 1472 Arg.
1167 1399 1229 1453 Asc.
1249 1401 1331 1452 1511.
1348 1397 1401 1448 Par.

356 1490 557 1545 1543.81υτπι.
583 1489 660 1542 Boni.
689 1489 751 1543 ΑΜ.
779 1492 858 1544 1548.
883 1491 928 1543 sed
957 1492 986 1544 in
1004 1489 1109 1542 duabus
1131 1487 1275 1559 postremis
1294 1486 1402 1538 divinum

356 1590 394 1632 est
411 1579 439 1631 in
459 1578 588 1649 margine.
608 1577 658 1631 Οι.
675 1576 707 1632 E.
733 1577 812 1632 habet
841 1579 865 1630 si
890 1579 955 1630 milri
982 1579 1074 1629 hunc
1099 1576 1259 1645 eripuisses,
1278 1572 1330 1627 Ox.
1349 1571 1359 1626 1
1381 1583 1402 1624 e!

357 1666 464 1719 Suerin.
483 1669 507 1718 si
526 1667 591 1718 midi
609 1667 693 1717 duee
720 1667 872 1736 eripuisses.
917 1665 967 1719 Ox.
986 1685 1009 1719 n.
1040 1666 1065 1717 si
1082 1665 1148 1717 milri
1175 1665 1238 1716 hoe
1255 1662 1400 1732 eripuisse.

357 1754 403 1808 Est
420 1755 499 1809 etiam
518 1755 679 1825 eripuisset
699 1753 727 1806 in
746 1754 795 1808 Ed.
815 1755 943 1808 Darentr.
977 1755 1081 1807 Vocem
1100 1752 1151 1804 mei
1168 1748 1400 1805 minantem.

357 1854 382 1896 el
401 1843 472 1897 Gud.
494 1843 526 1896 A.
563 1841 593 1896 ln
618 1845 676 1894 Cre.
694 1846 718 1894 2.
747 1854 785 1895 est
809 1842 1017 1914 compendium,
1051 1842 1122 1914 quod
1148 1840 1200 1911 legi
1223 1850 1310 1911 polest
1329 1839 1401 1889 animi

357 1950 476 1992 meum5
495 1931 523 1984 in
544 1930 610 1984 cod.
629 1930 724 1984 Duisb.
769 1933 799 1982 Si
826 1931 892 1982 miii
917 1930 1075 2000 eripuisses:
1104 1929 1224 1981 divina
1252 1927 1336 1979 animi
1357 1927 1399 1976 rnei

357 2020 567 2072 constantin
587 2019 669 2069 meis
687 2019 783 2070 curis
807 2018 936 2090 vigiliis
960 2016 1103 2069 consiliis
1121 2025 1240 2069 staret
1259 2025 1286 2065 te
1303 2013 1396 2065 inritis-

356 2108 421 2158 simo
439 2126 481 2160 res
498 2105 617 2176 publicu.
656 2105 722 2158 cod.
736 2105 842 2158 Suerin.
857 2106 1039 2158 constantium
1057 2124 1131 2155 eum
1150 2104 1235 2156 meis
1253 2103 1349 2155 curis
1364 2102 1396 2151 vi-

354 2193 525 2266 giliisque
550 2195 579 2245 si
598 2194 739 2246 consiliis
763 2191 984 2262 reipublicae
1009 2192 1041 2244 si
1068 2191 1161 2244 medo
1179 2201 1281 2243 statu
1307 2188 1394 2242 immi·

357 2281 437 2331 nuti
443 2282 548 2333 ssime
566 2281 590 2333 si
607 2282 689 2333 huius
708 2281 811 2332 aeterni
828 2280 948 2349 beneficii
964 2279 1141 2333 immortalem
1158 2280 1318 2336 memoriam.
1337 2276 1394 2330 Gud.

358 2366 388 2420 Β.
407 2367 487 2422 habet
503 2399 537 2407 -
557 2370 738 2421 constantiam
762 2388 819 2420 mea
845 2370 958 2421 consiliu
983 2388 1042 2420 cum
1071 2367 1134 2419 meis
1159 2367 1224 2418 meis
1250 2367 1315 2437 (sic)
1337 2366 1394 2418 curis

254 2475 256 2481 ·
358 2457 459 2528 vigiliis
477 2459 494 2526 ἧ
510 2456 587 2509 rebus
603 2476 631 2526 p.
648 2458 752 2509 inuicta
769 2468 846 2518 sture
876 2457 950 2512 Gud.
966 2458 999 2512 Α.
1021 2474 1112 2509 meus
1130 2454 1261 2526 vigiliam
1287 2453 1361 2507 Drsd.
1375 2455 1393 2506 5.

359 2545 453 2616 vigilia
479 2546 604 2611 consiliu,
619 2598 621 2603 ⁴
638 2545 663 2596 si
690 2563 793 2603 morem,
808 2546 984 2616 reipublicae,
1012 2546 1037 2597 si
1061 2544 1144 2596 liuius
1170 2542 1255 2594 etium
1283 2539 1394 2608 benefici.

358 2632 431 2687 Gud.
449 2632 482 2686 Λ.
506 2652 578 2685 ruens
598 2633 715 2704 vigilius.
752 2632 827 2688 Idem
846 2654 896 2706 pro
917 2632 1014 2706 quidus
1032 2661 1067 2671 —
1085 2641 1159 2688 sint,
1177 2630 1258 2684 habet
1277 2632 1301 2681 si
1319 2610 1394 2682 nin.

357 2739 384 2789 p.
396 2723 421 2773 si
437 2722 508 2774 dunc
522 2719 642 2791 beneficii
659 2722 746 2774 eterni
764 2723 834 2777 imm.
845 2742 918 2776 mem.
930 2726 989 2778 Cre.
1003 2726 1027 2775 1.
1045 2720 1156 2793 vigilius
1174 2717 1394 2773 consiliarium

359 2826 438 2877 remp.
457 2808 482 2859 si
499 2808 581 2860 buius
605 2808 725 2881 beneficii
747 2810 841 2865 eterni.
885 2809 943 2864 Cre.
963 2815 988 2863 2.
1020 2809 1125 2861 consilii
1149 2808 1174 2860 si
1201 2810 1279 2861 modo
1297 2829 1318 2861 r.
1333 2827 1358 2877 p.
1378 2803 1395 2854 ³5

359 2894 450 2947 duius.
486 2892 544 2946 Cre.
565 2898 589 2951 3.
609 2897 719 2949 consiliu
736 2899 765 2950 in
782 2917 838 2968 rep.
857 2900 881 2950 si
899 2900 990 2953 huius.
1009 2896 1089 2949 Drsd.
1108 2899 1134 2949 1.
1158 2894 1258 2967 quidus
1283 2915 1348 2965 resp.
1364 2894 1394 2945 in·

359 2983 433 3035 viera
452 2993 512 3036 stat
534 2983 559 3035 si
586 2985 661 3036 modo
686 3002 766 3055 remp.
792 2986 817 3038 si
842 2986 1025 3038 huiuscemodi
1046 2985 1129 3051 etium
1155 2982 1278 3051 beneficii
1299 2983 1394 3033 immori.

359 3071 437 3124 Drsd.
456 3077 482 3125 2.
501 3072 613 3123 consilia
629 3083 656 3123 et
675 3074 782 3144 quando
800 3073 844 3124 his
860 3074 964 3125 invicta
981 3090 1050 3142 resp·
1068 3080 1137 3124 stat.
1168 3069 1251 3122 Drsd.
1269 3072 1296 3124 8.
1315 3067 1395 3139 quibus

360 3177 428 3227 resp.
446 3160 549 3210 invicta
576 3170 635 3211 stat
660 3162 684 3212 si
710 3160 894 3227 huiuscemodi
913 3162 1024 3214 aeterni.
1066 3159 1147 3212 Drsd.
1166 3163 1195 3212 4.
1219 3142 1279 3211 mea
1303 3155 1395 3209 consiliu

361 3264 420 3295 cum
438 3248 502 3296 meis
520 3248 592 3299 curis
610 3248 712 3320 vigiliis
731 3278 764 3288 -
784 3266 853 3317 resp.
877 3249 989 3302 inuicta.
1031 3247 1107 3300 Haud
1133 3246 1225 3301 minor
1250 3259 1289 3301 est
1307 3257 1394 3317 periur-

360 3334 431 3386 bario
450 3335 478 3387 in
497 3333 580 3401 Edd.,
601 3355 765 3407 quamquam
785 3356 840 3389 non
859 3348 932 3390 tenta
956 3335 1076 3389 varietas.
1118 3334 1153 3388 Et
1179 3334 1281 3389 habent
1304 3332 1395 3406 quiden

360 3420 428 3474 Ven.
446 3424 524 3476 1492.
544 3425 622 3476 1514.
639 3422 719 3477 Hdlb.
738 3425 804 3477 Dav.
825 3426 885 3478 Par.
897 3428 975 3478 1507.
994 3427 1072 3479 1512.
1107 3423 1194 3495 Lugd.
1207 3425 1294 3474 animi
1303 3421 1396 3492 (omisso

360 3510 422 3573 mei)
448 3521 531 3565 const.
551 3540 584 3549 -
604 3513 716 3563 consilia
742 3513 767 3563 si
792 3514 868 3581 ruodo
893 3532 974 3582 remp.
998 3530 1057 3564 eum
1080 3511 1144 3562 meis
1162 3512 1237 3563 curis
1261 3510 1395 3583 vigiliisque

360 3617 427 3667 resp.
445 3608 522 3659 stum
543 3598 603 3652 Asc.
623 3603 701 3655 1511.
721 3599 834 3655 Aldinae
854 3614 920 3667 tres,
947 3601 1049 3654 Stnrm.
1070 3600 1139 3653 And.
1160 3598 1221 3652 Tai.
1241 3598 1304 3652 Car.
1321 3593 1394 3667 sneph-

360 3684 438 3739 Boui.
464 3686 576 3739 Lambb.
605 3685 685 3740 Goth.
714 3689 775 3741 Par.
802 3693 882 3744 1543.
912 3692 985 3741 Crat.
1013 3687 1102 3740 llerw.
1128 3685 1207 3743 Cam.
1228 3687 1326 3759 quibus
1343 3700 1394 3749 resp·

361 3773 500 3823 inuicta
518 3784 594 3835 παῖ,-
626 3776 676 3828 Ed.
700 3776 764 3848 Arg.
789 3778 872 3829 animi
896 3778 964 3846 (om.
990 3777 1054 3841 mei)
1078 3775 1263 3827 constantium
1288 3791 1356 3828 meas
1370 3794 1394 3807 ⁶

362 3860 471 3910 consiliu
497 3861 524 3912 in
548 3863 730 3931 republica
757 3886 830 3918 rum
858 3868 940 3917 meis
967 3866 1040 3916 curis
1070 3863 1226 3933 vigiliisque
1250 3881 1318 3931 resp.
1344 3864 1393 3911 stri·

362 3946 428 4000 Edd.
453 3948 523 4002 Vier.
539 3949 606 4004 Ros.
631 3951 723 4025 Stepb.
751 3965 776 4007 et
800 3954 911 4007 varietas
933 3952 1026 4023 Magn.
1052 3953 1129 4022 (nam
1155 3950 1206 4004 Ed.
1232 3952 1325 4022 Magn.
1348 3961 1392 4001 sum

362 4034 422 4088 Asc.
442 4036 521 4088 1511.
537 4048 563 4091 ei
581 4039 637 4091 reli.
655 4041 732 4111 sanir)
751 4042 896 4100 exhibend:-
907 4043 970 4093 meis
989 4041 1076 4104 curis,
1094 4041 1160 4111 rig„
1177 4040 1298 4091 consiliis
1314 4048 1392 4089 stare

361 4132 387 4172 te
404 4122 564 4176 invitissimo
583 4146 637 4178 reru
652 4128 798 4197 publicum.
841 4130 949 4183 Sed-ne
968 4130 1033 4201 quid
1052 4127 1119 4188 desit
1142 4128 1176 4181 ed
1197 4123 1391 4199 cognoscendam

361 4220 442 4264 totam
463 4212 515 4266 1οοί
541 4216 784 4284 perturbationem,
812 4219 855 4287 (en
883 4219 1009 4271 omnibus
1038 4217 1111 4269 enim
1139 4215 1212 4269 solae
1232 4215 1304 4269 'Edd.
1328 4212 1390 4274 Lerg·

360 4297 451 4354 Lamb.
479 4298 575 4354 colon.
601 4301 686 4356 Sussr.
714 4305 786 4371 Peir.
813 4304 891 4359 Grur.
917 4306 948 4359 H.
969 4305 1055 4357 Wolf.
1082 4292 1170 4358 Gron.
1198 4304 1282 4356 Veri».
1306 4320 1355 4371 sqq·
1373 4302 1389 4343 ²¹

362 4384 427 4438 On.
443 4408 468 4455 η.
488 4407 511 4442 σ.
532 4389 671 4443 nobiseum
689 4391 819 4461 saeiunu)
847 4394 970 4447 addimus
987 4391 1175 4447 annelariones
1194 4391 1298 4447 criticas
1315 4386 1388 4439 Cam·
1438 4449 1439 4460 γ

363 4473 438 4541 rarii,
459 4474 583 4543 Granni,
603 4477 747 4547 Gronovii,
768 4480 883 4536 Graevii.
920 4480 981 4535 Mr.
1438 4474 1439 4486 ¹
