3517 5450
688 710 881 758 raninoxon
901 713 923 759 r.
965 712 1034 761 car.
1053 715 1088 762 n.
1360 691 1407 765 71

359 862 491 918 exercitui.
535 865 683 921 Conciliari
697 869 780 940 igitur
798 881 870 924 recte
888 868 926 923 sic
945 890 1021 942 posse
1039 869 1198 926 Ciceronem
1218 892 1280 928 cum
1299 874 1404 929 Zonara

357 954 468 1024 putabis,
487 955 509 1008 si
529 956 670 1010 consilium
680 957 765 1013 Decio
781 978 808 1012 se
826 958 970 1012 deserendi
989 959 1069 1013 luisse
1083 971 1188 1028 statuas,
1206 961 1251 1014 aed
1268 978 1358 1032 pugna
1377 963 1404 1015 in

356 1041 458 1096 lelicius
482 1062 572 1110 versa,
597 1044 623 1097 id
642 1064 697 1098 esse
720 1045 916 1100 intermissuma
945 1057 998 1100 tam
1017 1047 1115 1119 cupide
1143 1059 1232 1105 tamen
1259 1048 1334 1102 illum
1354 1070 1406 1121 pu·

357 1147 459 1200 quasso,
477 1140 507 1185 nt
525 1130 554 1184 in
573 1131 676 1202 proelio
692 1133 806 1187 caderet.
843 1133 928 1205 ldque
947 1153 1010 1187 sane
1029 1153 1062 1188 eo
1075 1136 1240 1207 probabilius
1258 1137 1339 1192 rideri
1358 1139 1406 1191 de·

355 1217 411 1280 bet,
442 1236 506 1271 cum
531 1216 627 1274 Cicero
646 1220 709 1275 stibi
735 1222 814 1275 binos
841 1221 923 1274 modo
941 1222 1041 1276 Decios
1069 1235 1272 1278 commemoret.
1294 1226 1404 1295 (Parad.

356 1302 371 1368 l,
390 1308 424 1366 23
444 1304 489 1357 ΙΙΙ.
507 1304 611 1373 0114,
628 1311 679 1373 15;
698 1307 756 1362 Cat.
776 1309 839 1378 maj.
853 1312 967 1376 21115.)
985 1308 1112 1364 Ceterum
1124 1313 1158 1366 de
1171 1331 1262 1385 pugna
1275 1313 1308 1366 ad
1321 1313 1405 1367 Asca-

354 1389 407 1443 lum
426 1410 581 1446 sermonem
600 1414 655 1448 esse
673 1396 793 1451 Zonaras
810 1397 866 1468 ipse
884 1397 902 1450 l.
922 1397 939 1451 l.
958 1401 1096 1451 testatur.“
1132 1399 1219 1454 Locus
1238 1410 1276 1453 est
1294 1400 1364 1466 Vill,
1377 1404 1403 1454 5.

355 1478 399 1532 Ed.
418 1478 453 1533 tl.
471 1479 567 1534 Wolfii
586 1482 619 1538 T.
637 1483 670 1535 ll.
690 1503 715 1554 p.
733 1488 768 1538 41
787 1505 827 1556 sq.
847 1504 927 1556 quem
946 1504 1009 1549 nos,
1037 1486 1125 1540 addita
1143 1486 1204 1540 Frc.
1223 1487 1338 1541 Fabricii
1357 1506 1404 1539 ex·

356 1566 486 1636 positione
495 1569 534 1620 rei
547 1581 644 1639 gestae,
657 1571 835 1644 excerpsimus
845 1573 878 1626 ad
889 1572 946 1627 Cic.
954 1573 1129 1641 tusculam
1143 1577 1186 1629 89.
1195 1595 1221 1646 p.
1229 1578 1280 1629 315
1288 1594 1326 1646 sq.
1344 1574 1404 1626 Mr.

425 1673 496 1726 quoe
512 1667 619 1726 patrem
637 1660 765 1725 Decium,
790 1679 860 1733 quoa
877 1662 971 1731 filium
990 1662 1155 1730 devorante]
1180 1661 1266 1714 Codd.
1285 1660 1317 1714 E.
1335 1661 1355 1714 l.
1371 1660 1404 1714 N.

357 1740 385 1794 U.
404 1745 549 1814 quaevis
565 1756 688 1813 patrem.-
713 1758 740 1801 et
757 1747 794 1803 sic
813 1747 898 1802 Codd.
916 1748 997 1804 Bern.
1014 1747 1074 1802 Bas.
1092 1747 1164 1802 Gud.
1181 1748 1213 1802 Β.
1231 1746 1262 1801 C.
1279 1747 1360 1802 Drsd.
1380 1751 1405 1801 1.

357 1833 443 1886 145.
461 1829 522 1885 Cra.
532 1834 558 1884 1.
568 1836 592 1885 2.
601 1835 625 1887 3.
644 1831 750 1891 Suerin.
758 1834 824 1888 Edd.
835 1836 896 1889 Par.
906 1837 985 1888 1501.
1002 1834 1051 1888 Ed.
1059 1854 1102 1906 ap.
1110 1834 1221 1888 Meusel.
1232 1833 1304 1889 Crat.
1312 1837 1403 1904 Magn.

357 1917 427 1973 llari.
453 1918 541 1989 bugd.
559 1924 640 1974 1515.
665 1922 1016 1978 pontesiensium.
1044 1923 1077 1992 (s.
1095 1922 1112 1975 l.
1132 1934 1158 1975 et
1175 1924 1213 1992 a.)
1239 1923 1305 1994 Arg.
1323 1926 1403 1977 1515.

358 2006 421 2058 Ven.
442 2008 524 2061 14⁹2.
541 2010 622 2062 1514.
642 2008 701 2062 Arc.
719 2012 789 2064 1511
813 2009 873 2079 (sed
896 2008 972 2062 haec:
999 2027 1069 2081 quae
1094 2011 1135 2062 vis
1161 2010 1274 2061 Decium
1296 2020 1403 2079 patrem

358 2095 519 2166 Deciumque
531 2094 639 2166 filium)
657 2095 734 2152 Boul.
751 2097 811 2150 Atd.
828 2101 909 2153 1511.
927 2100 1007 2152 1548.
1027 2094 1103 2150 Cam.
1114 2096 1215 2151 Sturm.
1234 2096 1340 2168 Reliqui
1351 2117 1403 2151 no·

358 2181 455 2235 hiscum
474 2181 593 2249 faciunt,
621 2183 670 2236 nisi
688 2183 761 2255 quod
786 2182 867 2236 Drsd.
887 2186 913 2238 3.
940 2182 1020 2237 babet
1042 2193 1148 2254 putrem
1165 2185 1280 2249 Decii,
1298 2183 1358 2237 Cra.
1378 2189 1403 2238 2.

358 2269 416 2324 baec
434 2271 526 2324 omnia
544 2274 629 2342 (quus
647 2273 687 2324 vis
707 2282 814 2341 putrem
833 2300 867 2312 -
887 2271 1006 2323 hostium
1023 2272 1141 2342 copias),
1166 2271 1195 2325 in
1221 2271 1348 2326 contestis
1372 2289 1404 2322 o-

358 2360 436 2428 nissa,
456 2362 485 2414 in
510 2378 597 2430 marg.
619 2360 724 2431 adpicta
749 2357 845 2426 habet,
870 2358 899 2412 in
924 2357 972 2411 Ed.
997 2358 1058 2411 Par.
1077 2379 1098 2412 s.
1116 2378 1140 2412 a.
1167 2369 1206 2412 est
1222 2359 1283 2430 quis
1299 2357 1402 2427 (ortum

358 2465 470 2520 eaquae
491 2448 544 2518 vis)
564 2447 677 2500 Decium
698 2456 856 2517 putremque
882 2447 1009 2510 Decium,
1039 2446 1119 2499 Drsd.
1136 2452 1161 2500 2.
1181 2449 1206 2500 3.
1243 2446 1356 2498 Decium
1375 2454 1403 2495 et

357 2536 463 2588 Decium
481 2535 540 2586 eius
552 2534 659 2603 filium,
677 2532 728 2587 Ox.
747 2534 767 2590 l.
785 2535 896 2604 eiusque
906 2533 1009 2600 filium.
1056 2532 1207 2605 Repetitum
1233 2535 1275 2586 vis
1300 2534 1402 2604 primus

357 2623 512 2678 auctoritate
530 2622 617 2676 Codd.
634 2641 746 2677 snorum
771 2620 850 2675 eiecit
871 2620 1003 2691 bangius,
1023 2640 1073 2674 nec
1096 2641 1158 2675 vero
1184 2621 1280 2686 edidit,
1308 2633 1338 2674 ut
1362 2632 1400 2674 est

358 2711 418 2765 miro
438 2730 532 2765 errore
550 2710 580 2764 io
599 2709 704 2765 Graevii
730 2729 783 2763 rar.
803 2708 879 2775 lect„
911 2707 941 2762 in
959 2720 1051 2765 annot.
1072 2709 1192 2781 adeoque
1210 2709 1238 2762 in
1257 2709 1315 2781 ipso
1335 2729 1402 2764 con·

357 2808 433 2866 textu,
453 2800 517 2871 qui
525 2799 631 2870 filium.
649 2798 708 2853 Mr.
729 2831 732 2836 ·
1178 2838 1181 2843 -

421 2888 590 2955 evocante]
609 2886 673 2953 „Sic
688 2887 779 2941 octo.“
799 2885 871 2939 Atd.
889 2884 976 2942 Man.
1013 2884 1078 2952 „Sic
1095 2885 1166 2939 solus
1184 2886 1308 2957 bangius.
1351 2884 1403 2938 Alii

359 2994 446 3029 omnes
464 2975 597 3029 <levoudist
613 2974 647 3028 11.
665 2974 769 3028 Wolf.
808 2972 931 3041 „Invenit
948 2974 1086 3027 &votavit
1098 2974 1127 3027 in
1145 2973 1198 3027 suis
1211 2973 1336 3045 bangius,
1355 2993 1403 3025 ne·

359 3081 403 3132 que
423 3062 502 3119 aliter
517 3061 556 3115 M.
573 3062 604 3116 F.
621 3064 655 3115 V.
680 3062 735 3116 imo
753 3063 790 3117 sic
814 3080 925 3134 quoque
950 3061 991 3116 ed.
1017 3080 1074 3132 pre.
1099 3060 1248 3134 Sequentes
1272 3062 1403 3116 devooiee‘

359 3148 447 3204 Grnt.
498 3149 624 3218 „Omnes
640 3150 701 3203 libri
719 3161 817 3205 veteres
841 3150 941 3204 babent
965 3150 1152 3202 devotavit
1171 3160 1254 3222 atque
1278 3150 1402 3203 immisit:

358 3237 442 3311 itaque
460 3238 633 3292 emendatum
653 3249 691 3291 est
708 3238 737 3291 in
746 3235 814 3291 Cod.
831 3237 942 3290 Momm.
955 3254 985 3289 ex
998 3236 1083 3290 tribus
1101 3238 1239 3291 veteribus.
1275 3236 1334 3307 Ego
1345 3256 1403 3308 pu·

359 3328 441 3381 tabam
459 3326 526 3379 olim
545 3326 688 3397 legendum
709 3326 817 3379 devotos
834 3325 944 3377 immisit
965 3335 1029 3390 eto,
1048 3323 1093 3377 sed
1112 3343 1187 3377 nunc
1205 3333 1303 3377 veteres
1319 3322 1403 3376 libros

358 3416 480 3488 sequor.“
497 3413 649 3468 bambin.
690 3412 903 3485 Oudendorpius
926 3411 960 3465 ad
979 3411 1142 3483 Appuleium
1166 3410 1226 3480 (sed
1253 3427 1308 3481 quo
1331 3409 1401 3474 loco,

358 3501 486 3574 inspicere
502 3521 558 3555 noo
576 3500 664 3571 licet):
683 3502 796 3569 „Parad
804 3502 826 3569 l,
834 3506 859 3554 2.
877 3518 933 3554 non
952 3509 1009 3553 tuto
1028 3497 1076 3552 riri
1094 3498 1165 3552 docti
1185 3497 1301 3569 probant
1322 3496 1401 3548 devo·

359 3598 412 3642 tere
442 3590 648 3661 prodevouers.
692 3590 761 3645 Nam
789 3590 817 3642 in
844 3586 1020 3643 bibliothecae
1048 3586 1184 3639 Leidensis
1213 3584 1401 3656 antiquissimis

359 3677 518 3732 membranis
529 3677 631 3749 optime
648 3676 746 3749 legitur
757 3679 854 3732 devota
867 3679 927 3731 vitu
944 3675 1080 3729 immisit.“
1115 3674 1172 3727 Nec
1181 3693 1244 3727 vero
1256 3672 1305 3727 bae
1316 3691 1403 3748 mem·

359 3764 467 3832 branae,
487 3766 521 3819 de
539 3765 637 3837 quibus
654 3765 719 3819 nibil
737 3776 829 3819 monet
845 3765 875 3819 in
895 3762 992 3819 scholis
1009 3764 1111 3835 wyn,
1138 3780 1303 3834 quamquam
1327 3780 1403 3814 com·

359 3854 489 3908 mondavit
507 3864 626 3907 nostram
644 3853 800 3919 lectionem,
830 3843 994 3926 quemquam
1025 3852 1177 3905 babuerunt
1202 3850 1402 3921 obsequentem,

358 3952 377 3997 et
398 3952 473 3996 recte
497 3941 604 3994 monuit
626 3940 678 3995 Or.
700 3943 764 3997 scite
792 3943 942 3997 observasse
971 3941 1001 3993 B.
1024 3937 1187 3993 Kordesium
1213 3938 1252 4005 [in
1277 3936 1401 3992 additam.

358 4042 445 4086 octavo
465 4028 500 4082 ad
519 4027 729 4083 Eberhardti
749 4028 862 4083 librum:
895 4027 979 4081 Ueber
998 4028 1048 4079 den
1067 4025 1193 4078 Zurtand
1218 4025 1264 4077 der
1287 4025 1402 4077 aclidnen

358 4116 519 4171 Wiseenscb.
538 4115 562 4168 b.
580 4117 606 4170 d.
624 4119 755 4176 Rd'mern,
773 4137 800 4189 p.
819 4118 865 4184 63]
884 4116 1053 4185 desumptum
1072 4112 1153 4166 rideri
1172 4110 1257 4165 rarius
1275 4110 1327 4163 boc
1345 4127 1403 4161 rer-

356 4202 415 4259 bum
438 4224 468 4258 ex
487 4205 564 4258 Accii
582 4203 714 4259 Aeneadis
731 4224 751 4257 s.
769 4204 855 4257 Decio
880 4201 952 4275 apud
975 4201 1046 4254 Non.
1071 4220 1098 4272 p.
1111 4203 1160 4254 ⁹8:
1177 4198 1274 4250 Patrio
1284 4194 1402 4262 exemplo

354 4303 376 4343 et
394 4292 549 4344 medicabo
567 4302 649 4364 utque
666 4292 784 4345 onimnm
809 4289 939 4344 devetabo
965 4291 1009 4354 (de
1034 4288 1145 4343 Cauchii
1173 4286 1326 4341 coniectura
1351 4302 1402 4353 pro

354 4378 443 4451 inepto
461 4378 604 4450 devorabo)
622 4378 751 4432 hostibus.
787 4378 848 4431 Vid.
866 4379 898 4431 P.
908 4376 1033 4432 Scriverii
1044 4375 1213 4431 Collectanea
1233 4382 1291 4425 vett.
1301 4371 1401 4442 Tragg.

351 4466 384 4521 in.
403 4468 517 4538 eastigg.
538 4465 572 4522 G.
592 4467 613 4521 l.
632 4466 718 4522 Vossii
737 4486 762 4537 p.
780 4470 823 4521 ⁹0:
842 4476 868 4520 et
887 4464 974 4521 Bothii
997 4465 1134 4535 Fragmm.
1163 4461 1306 4513 Poetarum
1336 4457 1402 4512 Latii
