<?xml version="1.0" encoding="UTF-8"?>
<!DOCTYPE html PUBLIC "-//W3C//DTD XHTML 1.0 Transitional//EN"
    "http://www.w3.org/TR/xhtml1/DTD/xhtml1-transitional.dtd">
<html xmlns="http://www.w3.org/1999/xhtml" xml:lang="en" lang="en">
 <head>
  <title>
</title>
<meta http-equiv="Content-Type" content="text/html;charset=utf-8" />
  <meta name='ocr-system' content='tesseract 3.04.00' />
  <meta name='ocr-capabilities' content='ocr_page ocr_carea ocr_par ocr_line ocrx_word'/>
</head>
<body>
  <div class='ocr_page' id='page_1' title='image "./mtulliiciceroni15cicegoog_0096.png"; bbox 0 0 3517 5450; ppageno 0'>
   <div class='ocr_carea' id='block_1_1' title="bbox 359 726 1080 798">
    <p class='ocr_par' dir='ltr' id='par_1_1' title="bbox 359 726 1080 798">
     <span class='ocr_line' id='line_1_1' title="bbox 359 726 1080 798; baseline -0.008 0"><span class='ocrx_word' id='word_1_1' title='bbox 359 726 409 798; x_wconf 88' lang='lat'>50</span> <span class='ocrx_word' id='word_1_2' title='bbox 638 734 645 744; x_wconf 91' lang='lat'>&#39;</span> <span class='ocrx_word' id='word_1_3' title='bbox 686 744 859 794; x_wconf 73' lang='lat' dir='ltr'>rnnanoxa</span> <span class='ocrx_word' id='word_1_4' title='bbox 887 743 1080 794; x_wconf 78' lang='lat' dir='ltr'>srotcouuu.</span> 
     </span>
    </p>
   </div>
   <div class='ocr_carea' id='block_1_2' title="bbox 285 903 1430 4215">
    <p class='ocr_par' dir='ltr' id='par_1_2' title="bbox 285 903 1406 1756">
     <span class='ocr_line' id='line_1_2' title="bbox 360 903 1406 976; baseline -0.008 -12"><span class='ocrx_word' id='word_1_5' title='bbox 360 928 469 965; x_wconf 89' lang='lat' dir='ltr'>monere</span> <span class='ocrx_word' id='word_1_6' title='bbox 484 909 613 962; x_wconf 86' lang='lat' dir='ltr'>lectorem</span> <span class='ocrx_word' id='word_1_7' title='bbox 625 906 716 959; x_wconf 84' lang='lat' dir='ltr'>minus</span> <span class='ocrx_word' id='word_1_8' title='bbox 728 916 868 973; x_wconf 89' lang='lat' dir='ltr'>attentum,</span> <span class='ocrx_word' id='word_1_9' title='bbox 882 904 1066 960; x_wconf 73' lang='lat' dir='ltr'>duriusculum</span> <span class='ocrx_word' id='word_1_10' title='bbox 1081 922 1135 956; x_wconf 87' lang='lat' dir='ltr'>esse</span> <span class='ocrx_word' id='word_1_11' title='bbox 1149 903 1183 957; x_wconf 92' lang='lat' dir='ltr'>ita</span> <span class='ocrx_word' id='word_1_12' title='bbox 1199 903 1292 976; x_wconf 79' lang='lat' dir='ltr'>loquis</span> <span class='ocrx_word' id='word_1_13' title='bbox 1311 905 1406 957; x_wconf 82' lang='lat' dir='ltr'>malta</span> 
     </span>
     <span class='ocr_line' id='line_1_3' title="bbox 360 991 1406 1068; baseline -0.004 -18"><span class='ocrx_word' id='word_1_14' title='bbox 360 1007 500 1068; x_wconf 87' lang='lat' dir='ltr'>asportare</span> <span class='ocrx_word' id='word_1_15' title='bbox 524 996 555 1046; x_wconf 85' lang='lat' dir='ltr'>de</span> <span class='ocrx_word' id='word_1_16' title='bbox 577 994 634 1047; x_wconf 84' lang='lat' dir='ltr'>suis</span> <span class='ocrx_word' id='word_1_17' title='bbox 658 993 762 1046; x_wconf 83' lang='lat' dir='ltr'>rebus.“</span> <span class='ocrx_word' id='word_1_18' title='bbox 790 993 941 1047; x_wconf 84' lang='lat' dir='ltr'>Lambin.</span> <span class='ocrx_word' id='word_1_19' title='bbox 979 993 1021 1045; x_wconf 82' lang='lat' dir='ltr'>Ad</span> <span class='ocrx_word' id='word_1_20' title='bbox 1047 991 1117 1045; x_wconf 85' lang='lat' dir='ltr'>banc</span> <span class='ocrx_word' id='word_1_21' title='bbox 1142 993 1345 1046; x_wconf 89' lang='lat' dir='ltr'>annotationem</span> <span class='ocrx_word' id='word_1_22' title='bbox 1370 1014 1406 1047; x_wconf 86' lang='lat' dir='ltr'>re·</span> 
     </span>
     <span class='ocr_line' id='line_1_4' title="bbox 315 1077 1405 1155; baseline -0.002 -17"><span class='ocrx_word' id='word_1_23' title='bbox 315 1077 318 1084; x_wconf 47' lang='lat'>¹</span> <span class='ocrx_word' id='word_1_24' title='bbox 360 1084 474 1155; x_wconf 82' lang='lat' dir='ltr'>spondet</span> <span class='ocrx_word' id='word_1_25' title='bbox 484 1082 573 1153; x_wconf 82' lang='lat' dir='ltr'>Wyn.</span> <span class='ocrx_word' id='word_1_26' title='bbox 587 1082 615 1133; x_wconf 93' lang='lat' dir='ltr'>in</span> <span class='ocrx_word' id='word_1_27' title='bbox 630 1091 733 1146; x_wconf 74' lang='lat' dir='ltr'>annot,</span> <span class='ocrx_word' id='word_1_28' title='bbox 753 1099 834 1153; x_wconf 90' lang='lat' dir='ltr'>quam</span> <span class='ocrx_word' id='word_1_29' title='bbox 853 1081 935 1134; x_wconf 90' lang='lat' dir='ltr'>modo</span> <span class='ocrx_word' id='word_1_30' title='bbox 955 1079 1151 1150; x_wconf 73' lang='lat' dir='ltr'>adscripsimus.</span> <span class='ocrx_word' id='word_1_31' title='bbox 1187 1080 1326 1152; x_wconf 84' lang='lat' dir='ltr'>Exempla,</span> <span class='ocrx_word' id='word_1_32' title='bbox 1346 1103 1405 1154; x_wconf 88' lang='lat' dir='ltr'>quae</span> 
     </span>
     <span class='ocr_line' id='line_1_5' title="bbox 360 1166 1406 1240; baseline -0.006 -14"><span class='ocrx_word' id='word_1_33' title='bbox 360 1172 449 1226; x_wconf 87' lang='lat' dir='ltr'>omisit</span> <span class='ocrx_word' id='word_1_34' title='bbox 474 1172 537 1236; x_wconf 67' lang='lat' dir='ltr'>W„</span> <span class='ocrx_word' id='word_1_35' title='bbox 564 1169 683 1222; x_wconf 79' lang='lat' dir='ltr'>afferunt</span> <span class='ocrx_word' id='word_1_36' title='bbox 705 1168 788 1240; x_wconf 81' lang='lat' dir='ltr'>Borg.</span> <span class='ocrx_word' id='word_1_37' title='bbox 813 1180 838 1222; x_wconf 90' lang='lat' dir='ltr'>et</span> <span class='ocrx_word' id='word_1_38' title='bbox 863 1168 966 1223; x_wconf 85' lang='lat' dir='ltr'>Ochsu.</span> <span class='ocrx_word' id='word_1_39' title='bbox 1003 1167 1084 1221; x_wconf 83' lang='lat' dir='ltr'>Conl.</span> <span class='ocrx_word' id='word_1_40' title='bbox 1101 1167 1136 1220; x_wconf 89' lang='lat' dir='ltr'>de</span> <span class='ocrx_word' id='word_1_41' title='bbox 1153 1166 1211 1220; x_wconf 76' lang='lat' dir='ltr'>Oll&#39;.</span> <span class='ocrx_word' id='word_1_42' title='bbox 1230 1170 1267 1220; x_wconf 90' lang='grc' dir='ltr'>ΙΙ.</span> <span class='ocrx_word' id='word_1_43' title='bbox 1284 1174 1317 1222; x_wconf 82' lang='lat'>4:</span> <span class='ocrx_word' id='word_1_44' title='bbox 1347 1189 1406 1240; x_wconf 86' lang='lat' dir='ltr'>quae</span> 
     </span>
     <span class='ocr_line' id='line_1_6' title="bbox 360 1256 1404 1327; baseline -0.004 -15"><span class='ocrx_word' id='word_1_45' title='bbox 360 1261 497 1313; x_wconf 78' lang='lat' dir='ltr'>utilitates</span> <span class='ocrx_word' id='word_1_46' title='bbox 520 1277 552 1309; x_wconf 83' lang='lat' dir='ltr'>ex</span> <span class='ocrx_word' id='word_1_47' title='bbox 577 1256 681 1309; x_wconf 86' lang='lat' dir='ltr'>rebus</span> <span class='ocrx_word' id='word_1_48' title='bbox 705 1258 754 1320; x_wconf 81' lang='lat' dir='ltr'>iis,</span> <span class='ocrx_word' id='word_1_49' title='bbox 781 1267 934 1327; x_wconf 82' lang='lat' dir='ltr'>quaesunt</span> <span class='ocrx_word' id='word_1_50' title='bbox 958 1257 1130 1319; x_wconf 82' lang='lat' dir='ltr'>inanima,</span> <span class='ocrx_word' id='word_1_51' title='bbox 1152 1256 1358 1324; x_wconf 85' lang='lat' dir='ltr'>percipiantur,</span> <span class='ocrx_word' id='word_1_52' title='bbox 1378 1257 1404 1308; x_wconf 89' lang='lat' dir='ltr'>dc</span> 
     </span>
     <span class='ocr_line' id='line_1_7' title="bbox 360 1344 1404 1415; baseline -0.005 -17"><span class='ocrx_word' id='word_1_53' title='bbox 360 1346 439 1398; x_wconf 88' lang='lat' dir='ltr'>Finn.</span> <span class='ocrx_word' id='word_1_54' title='bbox 456 1346 502 1410; x_wconf 91' lang='lat' dir='ltr'>tV‚</span> <span class='ocrx_word' id='word_1_55' title='bbox 522 1348 570 1398; x_wconf 81' lang='lat'>1⁰:</span> <span class='ocrx_word' id='word_1_56' title='bbox 599 1362 692 1395; x_wconf 85' lang='lat' dir='ltr'>earam</span> <span class='ocrx_word' id='word_1_57' title='bbox 710 1362 824 1395; x_wconf 78' lang='lat' dir='ltr'>return</span> <span class='ocrx_word' id='word_1_58' title='bbox 844 1361 925 1414; x_wconf 80' lang='lat' dir='ltr'>quarn</span> <span class='ocrx_word' id='word_1_59' title='bbox 948 1344 1101 1412; x_wconf 85' lang='lat' dir='ltr'>plurima</span> <span class='ocrx_word' id='word_1_60' title='bbox 1119 1353 1146 1394; x_wconf 91' lang='lat' dir='ltr'>et</span> <span class='ocrx_word' id='word_1_61' title='bbox 1167 1362 1250 1415; x_wconf 86' lang='lat' dir='ltr'>quarn</span> <span class='ocrx_word' id='word_1_62' title='bbox 1269 1344 1404 1394; x_wconf 78' lang='lat' dir='ltr'>maxima</span> 
     </span>
     <span class='ocr_line' id='line_1_8' title="bbox 360 1429 1402 1503; baseline -0.002 -19"><span class='ocrx_word' id='word_1_63' title='bbox 360 1434 489 1503; x_wconf 85' lang='lat' dir='ltr'>adipisci,·</span> <span class='ocrx_word' id='word_1_64' title='bbox 510 1431 598 1483; x_wconf 83' lang='lat' dir='ltr'>Dirin.</span> <span class='ocrx_word' id='word_1_65' title='bbox 612 1431 632 1496; x_wconf 94' lang='lat' dir='ltr'>l,</span> <span class='ocrx_word' id='word_1_66' title='bbox 646 1434 695 1484; x_wconf 78' lang='lat'>52:</span> <span class='ocrx_word' id='word_1_67' title='bbox 713 1449 805 1482; x_wconf 86' lang='lat' dir='ltr'>earum</span> <span class='ocrx_word' id='word_1_68' title='bbox 823 1433 892 1482; x_wconf 83' lang='lat' dir='ltr'>enim</span> <span class='ocrx_word' id='word_1_69' title='bbox 911 1448 1024 1483; x_wconf 86' lang='lat' dir='ltr'>rerum</span> <span class='ocrx_word' id='word_1_70' title='bbox 1042 1441 1227 1501; x_wconf 81' lang='lat' dir='ltr'>utramque.</span> <span class='ocrx_word' id='word_1_71' title='bbox 1267 1431 1329 1483; x_wconf 86' lang='lat' dir='ltr'>Vid.</span> <span class='ocrx_word' id='word_1_72' title='bbox 1341 1429 1402 1482; x_wconf 88' lang='lat' dir='ltr'>Cort.</span> 
     </span>
     <span class='ocr_line' id='line_1_9' title="bbox 285 1517 1401 1589; baseline -0.006 -15"><span class='ocrx_word' id='word_1_73' title='bbox 285 1540 287 1543; x_wconf 80' lang='grc'><strong>’</strong></span> <span class='ocrx_word' id='word_1_74' title='bbox 359 1521 392 1574; x_wconf 84' lang='lat' dir='ltr'>ad</span> <span class='ocrx_word' id='word_1_75' title='bbox 411 1518 469 1572; x_wconf 89' lang='lat' dir='ltr'>Cic.</span> <span class='ocrx_word' id='word_1_76' title='bbox 487 1518 569 1589; x_wconf 81' lang='lat' dir='ltr'><strong>Epist.</strong></span> <span class='ocrx_word' id='word_1_77' title='bbox 587 1517 691 1570; x_wconf 81' lang='lat' dir='ltr'>Fatum.</span> <span class='ocrx_word' id='word_1_78' title='bbox 711 1518 781 1583; x_wconf 90' lang='lat' dir='ltr'>XVl,</span> <span class='ocrx_word' id='word_1_79' title='bbox 799 1521 826 1583; x_wconf 78' lang='lat'>4,</span> <span class='ocrx_word' id='word_1_80' title='bbox 844 1522 875 1572; x_wconf 74' lang='grc' dir='ltr'>δι</span> <span class='ocrx_word' id='word_1_81' title='bbox 906 1519 1027 1586; x_wconf 84' lang='lat' dir='ltr'>sumptui</span> <span class='ocrx_word' id='word_1_82' title='bbox 1051 1536 1084 1569; x_wconf 86' lang='lat' dir='ltr'>ne</span> <span class='ocrx_word' id='word_1_83' title='bbox 1106 1536 1206 1585; x_wconf 88' lang='lat' dir='ltr'>parcas</span> <span class='ocrx_word' id='word_1_84' title='bbox 1229 1519 1261 1569; x_wconf 88' lang='lat' dir='ltr'>in</span> <span class='ocrx_word' id='word_1_85' title='bbox 1286 1518 1345 1569; x_wconf 83' lang='lat' dir='ltr'>ulia</span> <span class='ocrx_word' id='word_1_86' title='bbox 1362 1537 1401 1579; x_wconf 86' lang='lat' dir='ltr'>re,</span> 
     </span>
     <span class='ocr_line' id='line_1_10' title="bbox 361 1602 1400 1678; baseline -0.003 -20"><span class='ocrx_word' id='word_1_87' title='bbox 361 1607 450 1678; x_wconf 82' lang='lat' dir='ltr'>qnod</span> <span class='ocrx_word' id='word_1_88' title='bbox 476 1606 516 1656; x_wconf 89' lang='lat' dir='ltr'>ad</span> <span class='ocrx_word' id='word_1_89' title='bbox 540 1606 720 1656; x_wconf 79' lang='lat' dir='ltr'>valetudinem</span> <span class='ocrx_word' id='word_1_90' title='bbox 744 1625 811 1674; x_wconf 87' lang='lat' dir='ltr'>opus</span> <span class='ocrx_word' id='word_1_91' title='bbox 835 1606 881 1656; x_wconf 85' lang='lat' dir='ltr'>sit.</span> <span class='ocrx_word' id='word_1_92' title='bbox 904 1635 938 1644; x_wconf 93' lang='lat'><em>-</em></span> <span class='ocrx_word' id='word_1_93' title='bbox 973 1602 1107 1660; x_wconf 78' lang='lat' dir='ltr'>Delevisse⁰</span> <span class='ocrx_word' id='word_1_94' title='bbox 1130 1603 1196 1657; x_wconf 89' lang='lat' dir='ltr'>illud</span> <span class='ocrx_word' id='word_1_95' title='bbox 1222 1624 1313 1657; x_wconf 84' lang='lat' dir='ltr'>secum</span> <span class='ocrx_word' id='word_1_96' title='bbox 1336 1604 1400 1658; x_wconf 83' lang='lat' dir='ltr'>etiam</span> 
     </span>
     <span class='ocr_line' id='line_1_11' title="bbox 360 1690 1398 1756; baseline -0.001 -10"><span class='ocrx_word' id='word_1_97' title='bbox 360 1692 512 1746; x_wconf 87' lang='lat' dir='ltr'>Bentleium</span> <span class='ocrx_word' id='word_1_98' title='bbox 522 1692 605 1745; x_wconf 73' lang='lat' dir='ltr'>refert</span> <span class='ocrx_word' id='word_1_99' title='bbox 615 1691 715 1745; x_wconf 77' lang='lat' dir='ltr'>Geruli.</span> <span class='ocrx_word' id='word_1_100' title='bbox 725 1693 752 1744; x_wconf 92' lang='lat' dir='ltr'>in</span> <span class='ocrx_word' id='word_1_101' title='bbox 764 1692 910 1745; x_wconf 79' lang='lat' dir='ltr'>Addendis.</span> <span class='ocrx_word' id='word_1_102' title='bbox 946 1691 1036 1743; x_wconf 83' lang='lat' dir='ltr'>Rebus</span> <span class='ocrx_word' id='word_1_103' title='bbox 1049 1693 1176 1745; x_wconf 87' lang='lat' dir='ltr'>omittunt</span> <span class='ocrx_word' id='word_1_104' title='bbox 1187 1690 1255 1746; x_wconf 83' lang='lat' dir='ltr'>Oxx.</span> <span class='ocrx_word' id='word_1_105' title='bbox 1267 1712 1294 1746; x_wconf 87' lang='lat' dir='ltr'>a.</span> <span class='ocrx_word' id='word_1_106' title='bbox 1308 1711 1337 1756; x_wconf 70' lang='lat' dir='ltr'>a.</span> <span class='ocrx_word' id='word_1_107' title='bbox 1353 1693 1398 1745; x_wconf 85' lang='lat' dir='ltr'>Mn</span> 
     </span>
    </p>

    <p class='ocr_par' dir='ltr' id='par_1_3' title="bbox 358 1778 1397 2635">
     <span class='ocr_line' id='line_1_12' title="bbox 431 1778 1397 1851; baseline 0.001 -21"><span class='ocrx_word' id='word_1_108' title='bbox 431 1783 520 1849; x_wconf 84' lang='lat' dir='ltr'>Quum</span> <span class='ocrx_word' id='word_1_109' title='bbox 537 1786 606 1831; x_wconf 82' lang='lat' dir='ltr'>esset</span> <span class='ocrx_word' id='word_1_110' title='bbox 624 1780 777 1831; x_wconf 84' lang='lat' dir='ltr'>admonitus</span> <span class='ocrx_word' id='word_1_111' title='bbox 796 1779 959 1851; x_wconf 80' lang='lat' dir='ltr'>aquodam]</span> <span class='ocrx_word' id='word_1_112' title='bbox 986 1778 1190 1851; x_wconf 74' lang='lat' dir='ltr'>scriptumest</span> <span class='ocrx_word' id='word_1_113' title='bbox 1212 1790 1316 1835; x_wconf 84' lang='lat' dir='ltr'>vetusto</span> <span class='ocrx_word' id='word_1_114' title='bbox 1337 1797 1397 1832; x_wconf 83' lang='lat' dir='ltr'>more</span> 
     </span>
     <span class='ocr_line' id='line_1_13' title="bbox 360 1864 1396 1934; baseline -0.004 -14"><span class='ocrx_word' id='word_1_115' title='bbox 360 1869 522 1921; x_wconf 87' lang='lat' dir='ltr'>ammonitus</span> <span class='ocrx_word' id='word_1_116' title='bbox 539 1867 568 1919; x_wconf 91' lang='lat' dir='ltr'>in</span> <span class='ocrx_word' id='word_1_117' title='bbox 587 1865 729 1930; x_wconf 76' lang='lat' dir='ltr'>Crc1.2;</span> <span class='ocrx_word' id='word_1_118' title='bbox 748 1867 883 1917; x_wconf 66' lang='lat' dir='ltr'>amandus</span> <span class='ocrx_word' id='word_1_119' title='bbox 902 1884 917 1916; x_wconf 94' lang='lat' dir='ltr'>a</span> <span class='ocrx_word' id='word_1_120' title='bbox 935 1864 1043 1918; x_wconf 85' lang='lat' dir='ltr'>Suerin.</span> <span class='ocrx_word' id='word_1_121' title='bbox 1078 1871 1159 1918; x_wconf 85' lang='lat' dir='ltr'>Esset</span> <span class='ocrx_word' id='word_1_122' title='bbox 1176 1869 1251 1920; x_wconf 83' lang='lat' dir='ltr'>abest</span> <span class='ocrx_word' id='word_1_123' title='bbox 1269 1867 1305 1920; x_wconf 81' lang='lat' dir='ltr'>ab</span> <span class='ocrx_word' id='word_1_124' title='bbox 1323 1866 1367 1920; x_wconf 82' lang='lat' dir='ltr'>Or.</span> <span class='ocrx_word' id='word_1_125' title='bbox 1379 1886 1396 1934; x_wconf 75' lang='lat' dir='ltr'>q.</span> 
     </span>
     <span class='ocr_line' id='line_1_14' title="bbox 360 1952 1394 2026; baseline -0.005 -17"><span class='ocrx_word' id='word_1_126' title='bbox 360 1956 452 2009; x_wconf 79' lang='lat' dir='ltr'>Refert</span> <span class='ocrx_word' id='word_1_127' title='bbox 469 1953 550 2007; x_wconf 85' lang='lat' dir='ltr'>Prell.</span> <span class='ocrx_word' id='word_1_128' title='bbox 568 1953 596 2005; x_wconf 90' lang='lat' dir='ltr'>in</span> <span class='ocrx_word' id='word_1_129' title='bbox 616 1953 752 2024; x_wconf 84' lang='lat' dir='ltr'>Excerptis</span> <span class='ocrx_word' id='word_1_130' title='bbox 769 1952 837 2024; x_wconf 88' lang='lat' dir='ltr'><strong>Eyb.</strong></span> <span class='ocrx_word' id='word_1_131' title='bbox 855 1969 911 2006; x_wconf 86' lang='lat' dir='ltr'>esse</span> <span class='ocrx_word' id='word_1_132' title='bbox 933 1966 968 2004; x_wconf 86' lang='lat' dir='ltr'>ut</span> <span class='ocrx_word' id='word_1_133' title='bbox 992 1955 1049 2023; x_wconf 80' lang='lat' dir='ltr'>ipse</span> <span class='ocrx_word' id='word_1_134' title='bbox 1072 1955 1139 2005; x_wconf 82' lang='lat' dir='ltr'>idem</span> <span class='ocrx_word' id='word_1_135' title='bbox 1160 1955 1204 2024; x_wconf 73' lang='lat' dir='ltr'>fi,</span> <span class='ocrx_word' id='word_1_136' title='bbox 1234 1955 1310 2026; x_wconf 86' lang='lat' dir='ltr'>quod</span> <span class='ocrx_word' id='word_1_137' title='bbox 1334 1954 1394 2007; x_wconf 81' lang='lat' dir='ltr'>habet</span> 
     </span>
     <span class='ocr_line' id='line_1_15' title="bbox 363 2039 1395 2113; baseline -0.007 -16"><span class='ocrx_word' id='word_1_138' title='bbox 363 2045 426 2099; x_wconf 86' lang='lat' dir='ltr'>item</span> <span class='ocrx_word' id='word_1_139' title='bbox 446 2042 530 2094; x_wconf 85' lang='lat' dir='ltr'>Paris.</span> <span class='ocrx_word' id='word_1_140' title='bbox 547 2062 567 2094; x_wconf 89' lang='lat' dir='ltr'>s.</span> <span class='ocrx_word' id='word_1_141' title='bbox 587 2059 621 2108; x_wconf 86' lang='lat' dir='ltr'>a.,</span> <span class='ocrx_word' id='word_1_142' title='bbox 640 2041 668 2093; x_wconf 91' lang='lat' dir='ltr'>in</span> <span class='ocrx_word' id='word_1_143' title='bbox 682 2039 769 2094; x_wconf 90' lang='lat' dir='ltr'>Codd.</span> <span class='ocrx_word' id='word_1_144' title='bbox 787 2041 847 2093; x_wconf 86' lang='lat' dir='ltr'>Bas.</span> <span class='ocrx_word' id='word_1_145' title='bbox 865 2040 944 2093; x_wconf 87' lang='lat' dir='ltr'>Drsd.</span> <span class='ocrx_word' id='word_1_146' title='bbox 963 2046 988 2093; x_wconf 81' lang='lat'>2.</span> <span class='ocrx_word' id='word_1_147' title='bbox 1007 2052 1038 2093; x_wconf 86' lang='lat' dir='ltr'>ut</span> <span class='ocrx_word' id='word_1_148' title='bbox 1057 2042 1099 2092; x_wconf 87' lang='lat' dir='ltr'>ita</span> <span class='ocrx_word' id='word_1_149' title='bbox 1111 2042 1183 2112; x_wconf 46' lang='grc' dir='ltr'>[σε.</span> <span class='ocrx_word' id='word_1_150' title='bbox 1199 2042 1228 2094; x_wconf 91' lang='lat' dir='ltr'>in</span> <span class='ocrx_word' id='word_1_151' title='bbox 1247 2040 1358 2113; x_wconf 77' lang='lat' dir='ltr'>Guelplr.</span> <span class='ocrx_word' id='word_1_152' title='bbox 1372 2051 1395 2091; x_wconf 85' lang='lat' dir='ltr'>ut</span> 
     </span>
     <span class='ocr_line' id='line_1_16' title="bbox 360 2127 1393 2201; baseline -0.002 -19"><span class='ocrx_word' id='word_1_153' title='bbox 360 2133 428 2182; x_wconf 88' lang='lat' dir='ltr'>idem</span> <span class='ocrx_word' id='word_1_154' title='bbox 442 2132 504 2201; x_wconf 86' lang='lat' dir='ltr'>sac.</span> <span class='ocrx_word' id='word_1_155' title='bbox 542 2128 576 2182; x_wconf 89' lang='lat' dir='ltr'>Et</span> <span class='ocrx_word' id='word_1_156' title='bbox 593 2130 725 2200; x_wconf 81' lang='lat' dir='ltr'>posterius</span> <span class='ocrx_word' id='word_1_157' title='bbox 743 2129 850 2200; x_wconf 87' lang='lat' dir='ltr'>quidem</span> <span class='ocrx_word' id='word_1_158' title='bbox 869 2127 973 2182; x_wconf 79' lang='lat' dir='ltr'>exhibet</span> <span class='ocrx_word' id='word_1_159' title='bbox 990 2129 1070 2182; x_wconf 88' lang='lat' dir='ltr'>etiam</span> <span class='ocrx_word' id='word_1_160' title='bbox 1088 2127 1148 2183; x_wconf 83' lang='lat' dir='ltr'>Cn.</span> <span class='ocrx_word' id='word_1_161' title='bbox 1166 2134 1276 2184; x_wconf 59' lang='lat' dir='ltr'>tecum</span> <span class='ocrx_word' id='word_1_162' title='bbox 1293 2131 1393 2183; x_wconf 87' lang='lat' dir='ltr'>Drsd.l.</span> 
     </span>
     <span class='ocr_line' id='line_1_17' title="bbox 360 2215 1394 2285; baseline -0.003 -15"><span class='ocrx_word' id='word_1_163' title='bbox 360 2219 389 2270; x_wconf 91' lang='lat' dir='ltr'>in</span> <span class='ocrx_word' id='word_1_164' title='bbox 407 2216 479 2270; x_wconf 90' lang='lat' dir='ltr'>Gud.</span> <span class='ocrx_word' id='word_1_165' title='bbox 499 2215 530 2268; x_wconf 90' lang='lat' dir='ltr'>C.</span> <span class='ocrx_word' id='word_1_166' title='bbox 557 2227 595 2268; x_wconf 85' lang='lat' dir='ltr'>est</span> <span class='ocrx_word' id='word_1_167' title='bbox 620 2228 651 2268; x_wconf 86' lang='lat' dir='ltr'>ut</span> <span class='ocrx_word' id='word_1_168' title='bbox 676 2218 732 2285; x_wconf 87' lang='lat' dir='ltr'>ipse</span> <span class='ocrx_word' id='word_1_169' title='bbox 755 2218 841 2276; x_wconf 86' lang='lat' dir='ltr'>idem‚·</span> <span class='ocrx_word' id='word_1_170' title='bbox 870 2218 899 2270; x_wconf 89' lang='lat' dir='ltr'>in</span> <span class='ocrx_word' id='word_1_171' title='bbox 918 2217 997 2270; x_wconf 83' lang='lat' dir='ltr'>Drsd.</span> <span class='ocrx_word' id='word_1_172' title='bbox 1017 2222 1042 2270; x_wconf 80' lang='lat'>2.</span> <span class='ocrx_word' id='word_1_173' title='bbox 1065 2216 1195 2271; x_wconf 84' lang='lat' dir='ltr'>omittitur</span> <span class='ocrx_word' id='word_1_174' title='bbox 1213 2228 1264 2278; x_wconf 69' lang='grc' dir='ltr'>ηις</span> <span class='ocrx_word' id='word_1_175' title='bbox 1292 2218 1394 2271; x_wconf 72' lang='lat' dir='ltr'>Drsdi.</span> 
     </span>
     <span class='ocr_line' id='line_1_18' title="bbox 361 2302 1393 2375; baseline -0.005 -18"><span class='ocrx_word' id='word_1_176' title='bbox 361 2304 424 2357; x_wconf 85' lang='lat' dir='ltr'>facit</span> <span class='ocrx_word' id='word_1_177' title='bbox 444 2322 506 2356; x_wconf 92' lang='lat' dir='ltr'>cum</span> <span class='ocrx_word' id='word_1_178' title='bbox 525 2302 585 2355; x_wconf 85' lang='lat' dir='ltr'>Bas.</span> <span class='ocrx_word' id='word_1_179' title='bbox 621 2302 691 2354; x_wconf 86' lang='lat' dir='ltr'>Tum</span> <span class='ocrx_word' id='word_1_180' title='bbox 711 2302 827 2356; x_wconf 85' lang='lat' dir='ltr'>Drsd.l.</span> <span class='ocrx_word' id='word_1_181' title='bbox 846 2303 943 2375; x_wconf 85' lang='lat' dir='ltr'>inquid</span> <span class='ocrx_word' id='word_1_182' title='bbox 960 2323 1010 2375; x_wconf 92' lang='lat' dir='ltr'>pro</span> <span class='ocrx_word' id='word_1_183' title='bbox 1028 2304 1127 2375; x_wconf 87' lang='lat' dir='ltr'>inquit.</span> <span class='ocrx_word' id='word_1_184' title='bbox 1162 2305 1337 2358; x_wconf 75' lang='lat' dir='ltr'>Delormula</span> <span class='ocrx_word' id='word_1_185' title='bbox 1349 2307 1393 2372; x_wconf 81' lang='lat' dir='ltr'>Ego</span> 
     </span>
     <span class='ocr_line' id='line_1_19' title="bbox 358 2390 1392 2463; baseline -0.006 -18"><span class='ocrx_word' id='word_1_186' title='bbox 358 2411 422 2446; x_wconf 74' lang='lat' dir='ltr'>vero</span> <span class='ocrx_word' id='word_1_187' title='bbox 443 2390 550 2460; x_wconf 81' lang='lat' dir='ltr'>elegans</span> <span class='ocrx_word' id='word_1_188' title='bbox 568 2400 606 2442; x_wconf 90' lang='lat' dir='ltr'>est</span> <span class='ocrx_word' id='word_1_189' title='bbox 624 2391 813 2443; x_wconf 87' lang='lat' dir='ltr'>commentatio</span> <span class='ocrx_word' id='word_1_190' title='bbox 832 2390 941 2445; x_wconf 85' lang='lat' dir='ltr'>Henrici</span> <span class='ocrx_word' id='word_1_191' title='bbox 959 2390 1105 2463; x_wconf 78' lang='lat' dir='ltr'>Stephani,</span> <span class='ocrx_word' id='word_1_192' title='bbox 1129 2410 1227 2463; x_wconf 85' lang='lat' dir='ltr'>quam,</span> <span class='ocrx_word' id='word_1_193' title='bbox 1253 2411 1316 2445; x_wconf 87' lang='lat' dir='ltr'>curn</span> <span class='ocrx_word' id='word_1_194' title='bbox 1332 2391 1360 2445; x_wconf 88' lang='lat' dir='ltr'>sit</span> <span class='ocrx_word' id='word_1_195' title='bbox 1373 2390 1392 2440; x_wconf 87' lang='lat' dir='ltr'>in</span> 
     </span>
     <span class='ocr_line' id='line_1_20' title="bbox 359 2477 1392 2542; baseline -0.004 -10"><span class='ocrx_word' id='word_1_196' title='bbox 359 2481 430 2533; x_wconf 90' lang='lat' dir='ltr'>libro</span> <span class='ocrx_word' id='word_1_197' title='bbox 448 2479 590 2542; x_wconf 84' lang='lat' dir='ltr'>rarissimo,</span> <span class='ocrx_word' id='word_1_198' title='bbox 609 2478 637 2529; x_wconf 89' lang='lat' dir='ltr'>in</span> <span class='ocrx_word' id='word_1_199' title='bbox 652 2481 776 2530; x_wconf 77' lang='lat' dir='ltr'>Excursu</span> <span class='ocrx_word' id='word_1_200' title='bbox 796 2478 911 2532; x_wconf 89' lang='lat' dir='ltr'>adiicere</span> <span class='ocrx_word' id='word_1_201' title='bbox 929 2480 1013 2531; x_wconf 79' lang='lat' dir='ltr'>visum</span> <span class='ocrx_word' id='word_1_202' title='bbox 1031 2490 1069 2532; x_wconf 86' lang='lat' dir='ltr'>est</span> <span class='ocrx_word' id='word_1_203' title='bbox 1087 2479 1176 2532; x_wconf 85' lang='lat' dir='ltr'>tertia.</span> <span class='ocrx_word' id='word_1_204' title='bbox 1207 2478 1246 2532; x_wconf 84' lang='lat' dir='ltr'>&#39;ln</span> <span class='ocrx_word' id='word_1_205' title='bbox 1260 2477 1327 2533; x_wconf 73' lang='lat' dir='ltr'>cot.</span> <span class='ocrx_word' id='word_1_206' title='bbox 1339 2477 1392 2530; x_wconf 84' lang='lat' dir='ltr'>Sue·</span> 
     </span>
     <span class='ocr_line' id='line_1_21' title="bbox 361 2566 966 2635; baseline 0 -17"><span class='ocrx_word' id='word_1_207' title='bbox 361 2567 412 2620; x_wconf 91' lang='lat' dir='ltr'>rin.</span> <span class='ocrx_word' id='word_1_208' title='bbox 432 2577 470 2620; x_wconf 84' lang='lat' dir='ltr'>est</span> <span class='ocrx_word' id='word_1_209' title='bbox 488 2576 520 2618; x_wconf 87' lang='lat' dir='ltr'>ut</span> <span class='ocrx_word' id='word_1_210' title='bbox 537 2566 664 2616; x_wconf 80' lang='lat' dir='ltr'>ididem</span> <span class='ocrx_word' id='word_1_211' title='bbox 683 2566 739 2634; x_wconf 88' lang='lat' dir='ltr'>ipse</span> <span class='ocrx_word' id='word_1_212' title='bbox 751 2566 869 2635; x_wconf 86' lang='lat' dir='ltr'>faceret.</span> <span class='ocrx_word' id='word_1_213' title='bbox 908 2566 966 2618; x_wconf 63' lang='grc' dir='ltr'>ΜΓ.</span> 
     </span>
    </p>

    <p class='ocr_par' dir='ltr' id='par_1_4' title="bbox 354 2652 1430 4215">
     <span class='ocr_line' id='line_1_22' title="bbox 432 2652 1391 2729; baseline 0.004 -25"><span class='ocrx_word' id='word_1_214' title='bbox 432 2653 526 2704; x_wconf 86' lang='lat' dir='ltr'>Omnia</span> <span class='ocrx_word' id='word_1_215' title='bbox 545 2670 644 2704; x_wconf 87' lang='lat' dir='ltr'>mecum</span> <span class='ocrx_word' id='word_1_216' title='bbox 660 2662 739 2721; x_wconf 91' lang='lat' dir='ltr'>parta</span> <span class='ocrx_word' id='word_1_217' title='bbox 756 2655 835 2720; x_wconf 72' lang='lat' dir='ltr'>mea]</span> <span class='ocrx_word' id='word_1_218' title='bbox 858 2652 895 2705; x_wconf 90' lang='lat' dir='ltr'>lta</span> <span class='ocrx_word' id='word_1_219' title='bbox 912 2653 981 2706; x_wconf 87' lang='lat' dir='ltr'>edidi</span> <span class='ocrx_word' id='word_1_220' title='bbox 995 2673 1058 2708; x_wconf 84' lang='lat' dir='ltr'>curn</span> <span class='ocrx_word' id='word_1_221' title='bbox 1070 2653 1177 2709; x_wconf 53' lang='lat' dir='ltr'>Gernlir</span> <span class='ocrx_word' id='word_1_222' title='bbox 1189 2667 1216 2709; x_wconf 90' lang='lat' dir='ltr'>et</span> <span class='ocrx_word' id='word_1_223' title='bbox 1229 2656 1290 2723; x_wconf 87' lang='lat' dir='ltr'>0r.,</span> <span class='ocrx_word' id='word_1_224' title='bbox 1308 2656 1391 2729; x_wconf 89' lang='lat' dir='ltr'>optimo</span> 
     </span>
     <span class='ocr_line' id='line_1_23' title="bbox 361 2740 1390 2815; baseline 0.001 -20"><span class='ocrx_word' id='word_1_225' title='bbox 361 2752 433 2796; x_wconf 89' lang='lat' dir='ltr'>certe</span> <span class='ocrx_word' id='word_1_226' title='bbox 452 2741 484 2794; x_wconf 89' lang='lat' dir='ltr'>ad</span> <span class='ocrx_word' id='word_1_227' title='bbox 503 2742 661 2793; x_wconf 86' lang='lat' dir='ltr'>sententiam</span> <span class='ocrx_word' id='word_1_228' title='bbox 681 2742 784 2808; x_wconf 87' lang='lat' dir='ltr'>ordine,</span> <span class='ocrx_word' id='word_1_229' title='bbox 802 2740 845 2794; x_wconf 93' lang='lat' dir='ltr'>ille</span> <span class='ocrx_word' id='word_1_230' title='bbox 862 2761 891 2794; x_wconf 80' lang='lat' dir='ltr'>ex</span> <span class='ocrx_word' id='word_1_231' title='bbox 905 2741 955 2795; x_wconf 89' lang='lat' dir='ltr'>Ed.</span> <span class='ocrx_word' id='word_1_232' title='bbox 967 2742 1099 2815; x_wconf 72' lang='lat' dir='ltr'>Herwag,</span> <span class='ocrx_word' id='word_1_233' title='bbox 1118 2742 1161 2798; x_wconf 81' lang='lat' dir='ltr'>hic</span> <span class='ocrx_word' id='word_1_234' title='bbox 1173 2764 1202 2797; x_wconf 87' lang='lat' dir='ltr'>ex</span> <span class='ocrx_word' id='word_1_235' title='bbox 1215 2746 1286 2801; x_wconf 89' lang='lat' dir='ltr'>Vict.</span> <span class='ocrx_word' id='word_1_236' title='bbox 1320 2746 1390 2814; x_wconf 86' lang='lat' dir='ltr'>Quam</span> 
     </span>
     <span class='ocr_line' id='line_1_24' title="bbox 360 2827 1391 2903; baseline -0.001 -20"><span class='ocrx_word' id='word_1_237' title='bbox 360 2841 449 2883; x_wconf 88' lang='lat' dir='ltr'>autem</span> <span class='ocrx_word' id='word_1_238' title='bbox 468 2827 672 2897; x_wconf 81' lang='lat' dir='ltr'>Herwagianam</span> <span class='ocrx_word' id='word_1_239' title='bbox 696 2829 812 2899; x_wconf 89' lang='lat' dir='ltr'>appellat</span> <span class='ocrx_word' id='word_1_240' title='bbox 836 2829 938 2883; x_wconf 80' lang='lat' dir='ltr'>Gernh.</span> <span class='ocrx_word' id='word_1_241' title='bbox 962 2842 1001 2885; x_wconf 89' lang='lat' dir='ltr'>cst</span> <span class='ocrx_word' id='word_1_242' title='bbox 1024 2850 1069 2897; x_wconf 77' lang='lat' dir='ltr'>ea,</span> <span class='ocrx_word' id='word_1_243' title='bbox 1094 2850 1176 2903; x_wconf 86' lang='lat' dir='ltr'>quam</span> <span class='ocrx_word' id='word_1_244' title='bbox 1194 2852 1246 2886; x_wconf 88' lang='lat' dir='ltr'>nas</span> <span class='ocrx_word' id='word_1_245' title='bbox 1265 2831 1391 2888; x_wconf 80' lang='lat' dir='ltr'>Cameratii</span> 
     </span>
     <span class='ocr_line' id='line_1_25' title="bbox 360 2914 1390 2990; baseline 0.002 -21"><span class='ocrx_word' id='word_1_246' title='bbox 360 2914 473 2969; x_wconf 81' lang='lat' dir='ltr'>dicimus</span> <span class='ocrx_word' id='word_1_247' title='bbox 497 2914 570 2983; x_wconf 87' lang='lat' dir='ltr'>(Bas.</span> <span class='ocrx_word' id='word_1_248' title='bbox 587 2918 666 2969; x_wconf 82' lang='lat'><strong>1540.</strong></span> <span class='ocrx_word' id='word_1_249' title='bbox 686 2916 705 2970; x_wconf 83' lang='lat' dir='ltr'>f.</span> <span class='ocrx_word' id='word_1_250' title='bbox 723 2917 787 2985; x_wconf 80' lang='lat' dir='ltr'>rm),</span> <span class='ocrx_word' id='word_1_251' title='bbox 814 2918 843 2969; x_wconf 92' lang='lat' dir='ltr'>iu</span> <span class='ocrx_word' id='word_1_252' title='bbox 869 2938 922 2990; x_wconf 88' lang='lat' dir='ltr'>qua</span> <span class='ocrx_word' id='word_1_253' title='bbox 947 2931 1009 2972; x_wconf 88' lang='lat' dir='ltr'>sunt</span> <span class='ocrx_word' id='word_1_254' title='bbox 1035 2930 1137 2973; x_wconf 90' lang='lat' dir='ltr'>annott.</span> <span class='ocrx_word' id='word_1_255' title='bbox 1164 2932 1190 2974; x_wconf 88' lang='lat' dir='ltr'>et</span> <span class='ocrx_word' id='word_1_256' title='bbox 1214 2923 1355 2976; x_wconf 84' lang='lat' dir='ltr'>Camerarii</span> <span class='ocrx_word' id='word_1_257' title='bbox 1373 2930 1390 2972; x_wconf 89' lang='lat' dir='ltr'>et</span> 
     </span>
     <span class='ocr_line' id='line_1_26' title="bbox 361 3001 1391 3073; baseline 0.001 -18"><span class='ocrx_word' id='word_1_258' title='bbox 361 3002 481 3056; x_wconf 89' lang='lat' dir='ltr'>Victorii.</span> <span class='ocrx_word' id='word_1_259' title='bbox 501 3001 564 3055; x_wconf 72' lang='lat' dir='ltr'>‚Est</span> <span class='ocrx_word' id='word_1_260' title='bbox 583 3015 718 3073; x_wconf 82' lang='lat' dir='ltr'>praeterea</span> <span class='ocrx_word' id='word_1_261' title='bbox 742 3004 787 3058; x_wconf 86' lang='lat' dir='ltr'>hic</span> <span class='ocrx_word' id='word_1_262' title='bbox 811 3005 955 3057; x_wconf 86' lang='lat' dir='ltr'>verborum</span> <span class='ocrx_word' id='word_1_263' title='bbox 980 3006 1048 3058; x_wconf 93' lang='lat' dir='ltr'>ordo</span> <span class='ocrx_word' id='word_1_264' title='bbox 1074 3008 1111 3058; x_wconf 34' lang='lat' dir='ltr'>in&gt;</span> <span class='ocrx_word' id='word_1_265' title='bbox 1126 3007 1195 3060; x_wconf 83' lang='lat' dir='ltr'>Edd.</span> <span class='ocrx_word' id='word_1_266' title='bbox 1220 3009 1292 3063; x_wconf 83' lang='lat' dir='ltr'>Aud.</span> <span class='ocrx_word' id='word_1_267' title='bbox 1310 3007 1391 3070; x_wconf 85' lang='lat' dir='ltr'>Talaei,</span> 
     </span>
     <span class='ocr_line' id='line_1_27' title="bbox 359 3087 1392 3163; baseline 0.002 -20"><span class='ocrx_word' id='word_1_268' title='bbox 359 3090 428 3146; x_wconf 85' lang='lat' dir='ltr'>Rob.</span> <span class='ocrx_word' id='word_1_269' title='bbox 445 3087 545 3159; x_wconf 80' lang='lat' dir='ltr'>Steph,</span> <span class='ocrx_word' id='word_1_270' title='bbox 564 3109 633 3160; x_wconf 83' lang='lat' dir='ltr'>quae</span> <span class='ocrx_word' id='word_1_271' title='bbox 651 3090 730 3145; x_wconf 88' lang='lat' dir='ltr'>habet</span> <span class='ocrx_word' id='word_1_272' title='bbox 748 3093 811 3146; x_wconf 87' lang='lat' dir='ltr'>item</span> <span class='ocrx_word' id='word_1_273' title='bbox 831 3094 955 3147; x_wconf 88' lang='lat' dir='ltr'>emendd.</span> <span class='ocrx_word' id='word_1_274' title='bbox 973 3094 1150 3161; x_wconf 78' lang='lat' dir='ltr'>Victorianus,</span> <span class='ocrx_word' id='word_1_275' title='bbox 1173 3107 1208 3163; x_wconf 89' lang='lat' dir='ltr'>et,</span> <span class='ocrx_word' id='word_1_276' title='bbox 1233 3097 1336 3161; x_wconf 80' lang='lat' dir='ltr'>sifides</span> <span class='ocrx_word' id='word_1_277' title='bbox 1350 3094 1392 3149; x_wconf 89' lang='lat' dir='ltr'>col-</span> 
     </span>
     <span class='ocr_line' id='line_1_28' title="bbox 360 3174 1391 3254; baseline 0.004 -25"><span class='ocrx_word' id='word_1_278' title='bbox 360 3176 462 3243; x_wconf 89' lang='lat' dir='ltr'>lationi,</span> <span class='ocrx_word' id='word_1_279' title='bbox 481 3174 549 3229; x_wconf 90' lang='lat' dir='ltr'>Cod.</span> <span class='ocrx_word' id='word_1_280' title='bbox 563 3176 676 3231; x_wconf 81' lang='lat' dir='ltr'>Gudll.</span> <span class='ocrx_word' id='word_1_281' title='bbox 713 3179 743 3232; x_wconf 92' lang='lat' dir='ltr'>ln</span> <span class='ocrx_word' id='word_1_282' title='bbox 762 3179 877 3233; x_wconf 81' lang='lat' dir='ltr'>GudA.</span> <span class='ocrx_word' id='word_1_283' title='bbox 897 3192 935 3234; x_wconf 80' lang='lat' dir='ltr'>est</span> <span class='ocrx_word' id='word_1_284' title='bbox 955 3183 1043 3233; x_wconf 87' lang='lat' dir='ltr'>amnia</span> <span class='ocrx_word' id='word_1_285' title='bbox 1060 3202 1117 3233; x_wconf 86' lang='lat' dir='ltr'>mea</span> <span class='ocrx_word' id='word_1_286' title='bbox 1136 3200 1237 3235; x_wconf 79' lang='lat' dir='ltr'>mecum</span> <span class='ocrx_word' id='word_1_287' title='bbox 1255 3193 1391 3254; x_wconf 83' lang='lat' dir='ltr'>asporta,</span> 
     </span>
     <span class='ocr_line' id='line_1_29' title="bbox 361 3263 1391 3339; baseline -0.001 -21"><span class='ocrx_word' id='word_1_288' title='bbox 361 3265 434 3339; x_wconf 87' lang='lat' dir='ltr'>quod</span> <span class='ocrx_word' id='word_1_289' title='bbox 459 3265 571 3319; x_wconf 84' lang='lat' dir='ltr'>correxit</span> <span class='ocrx_word' id='word_1_290' title='bbox 598 3265 694 3337; x_wconf 86' lang='lat' dir='ltr'>aliquis</span> <span class='ocrx_word' id='word_1_291' title='bbox 719 3286 747 3319; x_wconf 80' lang='lat' dir='ltr'>ex</span> <span class='ocrx_word' id='word_1_292' title='bbox 776 3267 949 3322; x_wconf 76' lang='lat' dir='ltr'>antecedente</span> <span class='ocrx_word' id='word_1_293' title='bbox 976 3263 1167 3337; x_wconf 87' lang='lat' dir='ltr'>asportarent,·</span> <span class='ocrx_word' id='word_1_294' title='bbox 1198 3270 1282 3324; x_wconf 79' lang='lat' dir='ltr'>idem&#39;</span> <span class='ocrx_word' id='word_1_295' title='bbox 1296 3267 1391 3324; x_wconf 74' lang='lat' dir='ltr'>enonrit</span> 
     </span>
     <span class='ocr_line' id='line_1_30' title="bbox 361 3351 1390 3427; baseline 0.005 -22"><span class='ocrx_word' id='word_1_296' title='bbox 361 3352 439 3406; x_wconf 90' lang='lat' dir='ltr'>etiam</span> <span class='ocrx_word' id='word_1_297' title='bbox 459 3351 509 3405; x_wconf 87' lang='lat' dir='ltr'>Or.</span> <span class='ocrx_word' id='word_1_298' title='bbox 529 3372 558 3405; x_wconf 79' lang='lat' dir='ltr'>ex</span> <span class='ocrx_word' id='word_1_299' title='bbox 577 3351 693 3424; x_wconf 87' lang='lat' dir='ltr'>Guelph.</span> <span class='ocrx_word' id='word_1_300' title='bbox 736 3355 862 3427; x_wconf 82' lang='lat' dir='ltr'>Plerique</span> <span class='ocrx_word' id='word_1_301' title='bbox 889 3368 916 3411; x_wconf 89' lang='lat' dir='ltr'>et</span> <span class='ocrx_word' id='word_1_302' title='bbox 940 3357 1030 3427; x_wconf 89' lang='lat' dir='ltr'>scripti</span> <span class='ocrx_word' id='word_1_303' title='bbox 1057 3366 1083 3409; x_wconf 90' lang='lat' dir='ltr'>et</span> <span class='ocrx_word' id='word_1_304' title='bbox 1108 3356 1171 3410; x_wconf 85' lang='lat' dir='ltr'>editi</span> <span class='ocrx_word' id='word_1_305' title='bbox 1195 3355 1297 3412; x_wconf 84' lang='lat' dir='ltr'>habeut</span> <span class='ocrx_word' id='word_1_306' title='bbox 1323 3358 1390 3411; x_wconf 78' lang='lat' dir='ltr'>amnia</span> 
     </span>
     <span class='ocr_line' id='line_1_31' title="bbox 359 3442 1390 3515; baseline 0.002 -23"><span class='ocrx_word' id='word_1_307' title='bbox 359 3458 418 3492; x_wconf 92' lang='lat' dir='ltr'>mea</span> <span class='ocrx_word' id='word_1_308' title='bbox 436 3459 534 3492; x_wconf 85' lang='lat' dir='ltr'>mecum</span> <span class='ocrx_word' id='word_1_309' title='bbox 550 3451 637 3509; x_wconf 88' lang='lat' dir='ltr'>parto,</span> <span class='ocrx_word' id='word_1_310' title='bbox 655 3460 717 3495; x_wconf 90' lang='lat' dir='ltr'>cum</span> <span class='ocrx_word' id='word_1_311' title='bbox 737 3442 845 3496; x_wconf 89' lang='lat' dir='ltr'>Valerio</span> <span class='ocrx_word' id='word_1_312' title='bbox 863 3443 933 3496; x_wconf 82' lang='lat' dir='ltr'>Max.</span> <span class='ocrx_word' id='word_1_313' title='bbox 956 3443 1014 3495; x_wconf 89' lang='lat' dir='ltr'>Vll.</span> <span class='ocrx_word' id='word_1_314' title='bbox 1033 3448 1058 3496; x_wconf 82' lang='lat'>2.</span> <span class='ocrx_word' id='word_1_315' title='bbox 1076 3446 1103 3511; x_wconf 79' lang='lat'>3,</span> <span class='ocrx_word' id='word_1_316' title='bbox 1124 3443 1171 3515; x_wconf 90' lang='lat' dir='ltr'>qui</span> <span class='ocrx_word' id='word_1_317' title='bbox 1188 3445 1277 3499; x_wconf 81' lang='lat' dir='ltr'>addit:</span> <span class='ocrx_word' id='word_1_318' title='bbox 1300 3449 1390 3498; x_wconf 83' lang='lat' dir='ltr'>Pectore</span> 
     </span>
     <span class='ocr_line' id='line_1_32' title="bbox 354 3525 1389 3598; baseline 0.002 -19"><span class='ocrx_word' id='word_1_319' title='bbox 354 3529 428 3579; x_wconf 74' lang='lat' dir='ltr'>‘enim</span> <span class='ocrx_word' id='word_1_320' title='bbox 447 3528 497 3578; x_wconf 87' lang='lat' dir='ltr'>illa</span> <span class='ocrx_word' id='word_1_321' title='bbox 513 3525 656 3598; x_wconf 82' lang='lat' dir='ltr'>gestabat,</span> <span class='ocrx_word' id='word_1_322' title='bbox 685 3548 737 3581; x_wconf 86' lang='lat' dir='ltr'>non</span> <span class='ocrx_word' id='word_1_323' title='bbox 761 3531 895 3584; x_wconf 79' lang='lat' dir='ltr'>humeris:</span> <span class='ocrx_word' id='word_1_324' title='bbox 922 3551 974 3583; x_wconf 86' lang='lat' dir='ltr'>non</span> <span class='ocrx_word' id='word_1_325' title='bbox 998 3531 1083 3584; x_wconf 86' lang='lat' dir='ltr'>oculis</span> <span class='ocrx_word' id='word_1_326' title='bbox 1105 3532 1231 3597; x_wconf 78' lang='lat' dir='ltr'>visenda,</span> <span class='ocrx_word' id='word_1_327' title='bbox 1257 3536 1306 3586; x_wconf 85' lang='lat' dir='ltr'>sed</span> <span class='ocrx_word' id='word_1_328' title='bbox 1326 3533 1389 3584; x_wconf 86' lang='lat' dir='ltr'>aesti-</span> 
     </span>
     <span class='ocr_line' id='line_1_33' title="bbox 360 3615 1391 3673; baseline 0.003 -7"><span class='ocrx_word' id='word_1_329' title='bbox 360 3615 459 3667; x_wconf 86' lang='lat' dir='ltr'>manda</span> <span class='ocrx_word' id='word_1_330' title='bbox 477 3615 582 3673; x_wconf 85' lang='lat' dir='ltr'>animo‚·</span> <span class='ocrx_word' id='word_1_331' title='bbox 602 3633 671 3667; x_wconf 88' lang='lat' dir='ltr'>unus</span> <span class='ocrx_word' id='word_1_332' title='bbox 689 3628 780 3671; x_wconf 88' lang='lat' dir='ltr'>noster</span> <span class='ocrx_word' id='word_1_333' title='bbox 798 3616 866 3671; x_wconf 89' lang='lat' dir='ltr'>Cod.</span> <span class='ocrx_word' id='word_1_334' title='bbox 880 3617 940 3673; x_wconf 81' lang='lat' dir='ltr'>Cre.</span> <span class='ocrx_word' id='word_1_335' title='bbox 953 3621 979 3672; x_wconf 86' lang='lat'>1.</span> <span class='ocrx_word' id='word_1_336' title='bbox 997 3617 1076 3672; x_wconf 89' lang='lat' dir='ltr'>habet</span> <span class='ocrx_word' id='word_1_337' title='bbox 1093 3637 1157 3671; x_wconf 87' lang='lat' dir='ltr'>nam</span> <span class='ocrx_word' id='word_1_338' title='bbox 1174 3638 1232 3670; x_wconf 86' lang='lat' dir='ltr'>mea</span> <span class='ocrx_word' id='word_1_339' title='bbox 1251 3622 1337 3672; x_wconf 87' lang='lat' dir='ltr'>omnia</span> <span class='ocrx_word' id='word_1_340' title='bbox 1351 3636 1391 3669; x_wconf 88' lang='lat' dir='ltr'>ne-</span> 
     </span>
     <span class='ocr_line' id='line_1_34' title="bbox 360 3700 1430 3775; baseline 0.004 -21"><span class='ocrx_word' id='word_1_341' title='bbox 360 3721 419 3754; x_wconf 87' lang='lat' dir='ltr'>cum</span> <span class='ocrx_word' id='word_1_342' title='bbox 434 3711 522 3770; x_wconf 87' lang='lat' dir='ltr'>parta.</span> <span class='ocrx_word' id='word_1_343' title='bbox 559 3700 683 3774; x_wconf 89' lang='lat' dir='ltr'>Denique</span> <span class='ocrx_word' id='word_1_344' title='bbox 701 3707 789 3757; x_wconf 84' lang='lat' dir='ltr'>omnia</span> <span class='ocrx_word' id='word_1_345' title='bbox 808 3726 866 3759; x_wconf 76' lang='lat' dir='ltr'>ntra</span> <span class='ocrx_word' id='word_1_346' title='bbox 882 3718 960 3775; x_wconf 88' lang='lat' dir='ltr'>parto</span> <span class='ocrx_word' id='word_1_347' title='bbox 978 3724 1078 3757; x_wconf 87' lang='lat' dir='ltr'>mecum</span> <span class='ocrx_word' id='word_1_348' title='bbox 1096 3705 1219 3759; x_wconf 81' lang='lat' dir='ltr'>exhibent</span> <span class='ocrx_word' id='word_1_349' title='bbox 1237 3706 1307 3761; x_wconf 86' lang='lat' dir='ltr'>Edd.</span> <span class='ocrx_word' id='word_1_350' title='bbox 1324 3704 1389 3760; x_wconf 78' lang='lat' dir='ltr'>suttr.</span> <span class='ocrx_word' id='word_1_351' title='bbox 1429 3732 1430 3736; x_wconf 42' lang='lat'>¹</span> 
     </span>
     <span class='ocr_line' id='line_1_35' title="bbox 359 3786 1390 3865; baseline 0 -24"><span class='ocrx_word' id='word_1_352' title='bbox 359 3788 447 3852; x_wconf 89' lang='lat' dir='ltr'>Petri,</span> <span class='ocrx_word' id='word_1_353' title='bbox 475 3786 553 3841; x_wconf 81' lang='lat' dir='ltr'>Grut.</span> <span class='ocrx_word' id='word_1_354' title='bbox 578 3788 664 3845; x_wconf 89' lang='lat' dir='ltr'>Gron.</span> <span class='ocrx_word' id='word_1_355' title='bbox 690 3791 786 3847; x_wconf 84' lang='lat' dir='ltr'>Graer.</span> <span class='ocrx_word' id='word_1_356' title='bbox 803 3792 977 3847; x_wconf 79' lang='lat' dir='ltr'>Ern.&#39;Wetz.</span> <span class='ocrx_word' id='word_1_357' title='bbox 996 3792 1072 3847; x_wconf 84' lang='lat' dir='ltr'>Schc.</span> <span class='ocrx_word' id='word_1_358' title='bbox 1089 3793 1171 3865; x_wconf 70' lang='lat' dir='ltr'>Borg.</span> <span class='ocrx_word' id='word_1_359' title='bbox 1191 3822 1228 3835; x_wconf 86' lang='lat'>-</span> <span class='ocrx_word' id='word_1_360' title='bbox 1258 3797 1390 3861; x_wconf 83' lang='lat' dir='ltr'>„Virtutem</span> 
     </span>
     <span class='ocr_line' id='line_1_36' title="bbox 360 3874 1389 3953; baseline 0.001 -23"><span class='ocrx_word' id='word_1_361' title='bbox 360 3886 386 3930; x_wconf 92' lang='lat' dir='ltr'>et</span> <span class='ocrx_word' id='word_1_362' title='bbox 404 3874 570 3946; x_wconf 81' lang='lat' dir='ltr'>sapientiam,</span> <span class='ocrx_word' id='word_1_363' title='bbox 590 3895 657 3948; x_wconf 90' lang='lat' dir='ltr'>quae</span> <span class='ocrx_word' id='word_1_364' title='bbox 675 3877 777 3933; x_wconf 88' lang='lat' dir='ltr'>homini</span> <span class='ocrx_word' id='word_1_365' title='bbox 797 3882 846 3935; x_wconf 89' lang='lat' dir='ltr'>nisi</span> <span class='ocrx_word' id='word_1_366' title='bbox 866 3902 928 3935; x_wconf 92' lang='lat' dir='ltr'>cum</span> <span class='ocrx_word' id='word_1_367' title='bbox 948 3882 997 3935; x_wconf 81' lang='lat' dir='ltr'>vita</span> <span class='ocrx_word' id='word_1_368' title='bbox 1017 3881 1084 3952; x_wconf 88' lang='lat' dir='ltr'>eripi</span> <span class='ocrx_word' id='word_1_369' title='bbox 1102 3900 1157 3934; x_wconf 90' lang='lat' dir='ltr'>oon</span> <span class='ocrx_word' id='word_1_370' title='bbox 1176 3888 1319 3953; x_wconf 81' lang='lat' dir='ltr'>possunt“</span> <span class='ocrx_word' id='word_1_371' title='bbox 1334 3879 1389 3935; x_wconf 78' lang='grc' dir='ltr'>Διά.</span> 
     </span>
     <span class='ocr_line' id='line_1_37' title="bbox 359 3962 1389 4039; baseline 0.006 -25"><span class='ocrx_word' id='word_1_372' title='bbox 359 3962 445 4016; x_wconf 86' lang='lat' dir='ltr'>Mau.</span> <span class='ocrx_word' id='word_1_373' title='bbox 481 3962 543 4029; x_wconf 72' lang='lat' dir='ltr'>„Ab</span> <span class='ocrx_word' id='word_1_374' title='bbox 561 3963 627 4030; x_wconf 92' lang='lat' dir='ltr'>aliis,</span> <span class='ocrx_word' id='word_1_375' title='bbox 647 3968 692 4037; x_wconf 88' lang='lat' dir='ltr'>qui</span> <span class='ocrx_word' id='word_1_376' title='bbox 712 3968 764 4022; x_wconf 90' lang='lat' dir='ltr'>boc</span> <span class='ocrx_word' id='word_1_377' title='bbox 781 3969 906 4036; x_wconf 88' lang='lat' dir='ltr'>citarunt,</span> <span class='ocrx_word' id='word_1_378' title='bbox 925 3969 964 4022; x_wconf 79' lang='lat' dir='ltr'>rel</span> <span class='ocrx_word' id='word_1_379' title='bbox 979 3968 1090 4023; x_wconf 84' lang='lat' dir='ltr'>Graecis</span> <span class='ocrx_word' id='word_1_380' title='bbox 1108 3969 1149 4022; x_wconf 87' lang='lat' dir='ltr'>vel</span> <span class='ocrx_word' id='word_1_381' title='bbox 1163 3970 1275 4039; x_wconf 85' lang='lat' dir='ltr'>Latinis,</span> <span class='ocrx_word' id='word_1_382' title='bbox 1292 3971 1389 4025; x_wconf 89' lang='lat' dir='ltr'>additur:</span> 
     </span>
     <span class='ocr_line' id='line_1_38' title="bbox 358 4051 1389 4129; baseline 0.006 -25"><span class='ocrx_word' id='word_1_383' title='bbox 358 4052 486 4104; x_wconf 74' lang='lat' dir='ltr'>virtutem</span> <span class='ocrx_word' id='word_1_384' title='bbox 503 4068 536 4102; x_wconf 88' lang='lat' dir='ltr'>ac</span> <span class='ocrx_word' id='word_1_385' title='bbox 554 4051 716 4118; x_wconf 81' lang='lat' dir='ltr'>doctrinam,</span> <span class='ocrx_word' id='word_1_386' title='bbox 741 4059 861 4109; x_wconf 74' lang='grc' dir='ltr'>παιδείαν</span> <span class='ocrx_word' id='word_1_387' title='bbox 879 4062 924 4109; x_wconf 76' lang='grc' dir='ltr'>καὶ</span> <span class='ocrx_word' id='word_1_388' title='bbox 941 4055 1064 4127; x_wconf 72' lang='grc' dir='ltr'>ἅρετήν.“</span> <span class='ocrx_word' id='word_1_389' title='bbox 1083 4056 1189 4128; x_wconf 81' lang='lat' dir='ltr'>Wytt.</span> <span class='ocrx_word' id='word_1_390' title='bbox 1226 4058 1271 4112; x_wconf 87' lang='lat' dir='ltr'>De</span> <span class='ocrx_word' id='word_1_391' title='bbox 1288 4058 1389 4129; x_wconf 78' lang='lat' dir='ltr'>Stilpont</span> 
     </span>
     <span class='ocr_line' id='line_1_39' title="bbox 359 4138 1390 4215; baseline 0.005 -25"><span class='ocrx_word' id='word_1_392' title='bbox 359 4138 497 4209; x_wconf 77' lang='lat' dir='ltr'>Megarico</span> <span class='ocrx_word' id='word_1_393' title='bbox 515 4139 586 4191; x_wconf 91' lang='lat' dir='ltr'>idem</span> <span class='ocrx_word' id='word_1_394' title='bbox 604 4139 723 4195; x_wconf 83' lang='lat' dir='ltr'>reserens</span> <span class='ocrx_word' id='word_1_395' title='bbox 741 4142 842 4199; x_wconf 85' lang='lat' dir='ltr'>Seneca</span> <span class='ocrx_word' id='word_1_396' title='bbox 859 4145 894 4198; x_wconf 90' lang='lat' dir='ltr'>de</span> <span class='ocrx_word' id='word_1_397' title='bbox 913 4142 1005 4198; x_wconf 86' lang='lat' dir='ltr'>Const.</span> <span class='ocrx_word' id='word_1_398' title='bbox 1023 4142 1087 4215; x_wconf 79' lang='lat' dir='ltr'>Sap.</span> <span class='ocrx_word' id='word_1_399' title='bbox 1104 4146 1130 4197; x_wconf 73' lang='lat'>5.</span> <span class='ocrx_word' id='word_1_400' title='bbox 1149 4142 1173 4213; x_wconf 68' lang='lat' dir='ltr'>fi.</span> <span class='ocrx_word' id='word_1_401' title='bbox 1191 4147 1218 4199; x_wconf 78' lang='grc'>3.</span> <span class='ocrx_word' id='word_1_402' title='bbox 1234 4146 1286 4199; x_wconf 81' lang='lat' dir='ltr'>ita:</span> <span class='ocrx_word' id='word_1_403' title='bbox 1312 4149 1390 4214; x_wconf 79' lang='lat' dir='ltr'>Mega·</span> 
     </span>
    </p>
   </div>
   <div class='ocr_carea' id='block_1_3' title="bbox 359 4226 1391 4565">
    <p class='ocr_par' dir='ltr' id='par_1_5' title="bbox 359 4226 1391 4565">
     <span class='ocr_line' id='line_1_40' title="bbox 360 4226 1389 4304; baseline 0.009 -29"><span class='ocrx_word' id='word_1_404' title='bbox 360 4244 418 4279; x_wconf 90' lang='lat' dir='ltr'>ram</span> <span class='ocrx_word' id='word_1_405' title='bbox 439 4226 593 4279; x_wconf 83' lang='lat' dir='ltr'>Demetrius</span> <span class='ocrx_word' id='word_1_406' title='bbox 617 4241 736 4297; x_wconf 85' lang='lat' dir='ltr'>ceperat,</span> <span class='ocrx_word' id='word_1_407' title='bbox 763 4234 806 4284; x_wconf 87' lang='lat' dir='ltr'>cui</span> <span class='ocrx_word' id='word_1_408' title='bbox 833 4251 974 4304; x_wconf 83' lang='lat' dir='ltr'>cognomen</span> <span class='ocrx_word' id='word_1_409' title='bbox 997 4233 1161 4290; x_wconf 80' lang='lat' dir='ltr'>Poliorcetes</span> <span class='ocrx_word' id='word_1_410' title='bbox 1178 4234 1252 4304; x_wconf 85' lang='lat' dir='ltr'>suit.</span> <span class='ocrx_word' id='word_1_411' title='bbox 1296 4232 1338 4287; x_wconf 82' lang='lat' dir='ltr'>At</span> <span class='ocrx_word' id='word_1_412' title='bbox 1353 4232 1389 4282; x_wconf 75' lang='lat' dir='ltr'>dat</span> 
     </span>
     <span class='ocr_line' id='line_1_41' title="bbox 359 4314 1388 4391; baseline 0.005 -26"><span class='ocrx_word' id='word_1_413' title='bbox 359 4314 445 4382; x_wconf 83' lang='lat' dir='ltr'>Stilpo</span> <span class='ocrx_word' id='word_1_414' title='bbox 462 4314 637 4383; x_wconf 73' lang='lat' dir='ltr'>philosophus</span> <span class='ocrx_word' id='word_1_415' title='bbox 654 4316 851 4389; x_wconf 86' lang='lat' dir='ltr'>interrogatus,</span> <span class='ocrx_word' id='word_1_416' title='bbox 869 4339 934 4372; x_wconf 88' lang='lat' dir='ltr'>num</span> <span class='ocrx_word' id='word_1_417' title='bbox 952 4319 1019 4391; x_wconf 84' lang='lat' dir='ltr'>quid</span> <span class='ocrx_word' id='word_1_418' title='bbox 1033 4318 1210 4388; x_wconf 81' lang='lat' dir='ltr'>perdidisset,</span> <span class='ocrx_word' id='word_1_419' title='bbox 1231 4323 1261 4372; x_wconf 92' lang='lat' dir='ltr'><strong><em>N</em></strong></span> <span class='ocrx_word' id='word_1_420' title='bbox 1265 4325 1276 4372; x_wconf 86' lang='lat' dir='ltr'>i</span> <span class='ocrx_word' id='word_1_421' title='bbox 1282 4320 1332 4372; x_wconf 77' lang='lat' dir='ltr'>tit</span> <span class='ocrx_word' id='word_1_422' title='bbox 1337 4358 1343 4382; x_wconf 88' lang='lat'>,</span> <span class='ocrx_word' id='word_1_423' title='bbox 1356 4316 1388 4366; x_wconf 77' lang='lat' dir='ltr'>ia·</span> 
     </span>
     <span class='ocr_line' id='line_1_42' title="bbox 360 4401 1389 4479; baseline 0.007 -30"><span class='ocrx_word' id='word_1_424' title='bbox 360 4401 431 4469; x_wconf 85' lang='lat' dir='ltr'>quit,</span> <span class='ocrx_word' id='word_1_425' title='bbox 458 4401 570 4452; x_wconf 89' lang='lat' dir='ltr'>omnia</span> <span class='ocrx_word' id='word_1_426' title='bbox 588 4419 733 4474; x_wconf 86' lang='lat' dir='ltr'>namque</span> <span class='ocrx_word' id='word_1_427' title='bbox 750 4423 819 4457; x_wconf 91' lang='lat' dir='ltr'>mea</span> <span class='ocrx_word' id='word_1_428' title='bbox 838 4426 965 4459; x_wconf 84' lang='lat' dir='ltr'>mecum</span> <span class='ocrx_word' id='word_1_429' title='bbox 984 4416 1078 4458; x_wconf 81' lang='lat' dir='ltr'>sunt·</span> <span class='ocrx_word' id='word_1_430' title='bbox 1124 4409 1217 4479; x_wconf 86' lang='lat' dir='ltr'>Atqui</span> <span class='ocrx_word' id='word_1_431' title='bbox 1234 4406 1389 4479; x_wconf 80' lang='lat' dir='ltr'>etpatrimtr·</span> 
     </span>
     <span class='ocr_line' id='line_1_43' title="bbox 359 4482 1391 4565; baseline 0.015 -31"><span class='ocrx_word' id='word_1_432' title='bbox 359 4482 432 4533; x_wconf 85' lang='lat' dir='ltr'>nium</span> <span class='ocrx_word' id='word_1_433' title='bbox 449 4487 506 4538; x_wconf 86' lang='lat' dir='ltr'>eius</span> <span class='ocrx_word' id='word_1_434' title='bbox 523 4488 551 4538; x_wconf 86' lang='lat' dir='ltr'>in</span> <span class='ocrx_word' id='word_1_435' title='bbox 566 4490 696 4557; x_wconf 86' lang='lat' dir='ltr'>praedam</span> <span class='ocrx_word' id='word_1_436' title='bbox 716 4505 843 4559; x_wconf 85' lang='lat' dir='ltr'>cesserat,</span> <span class='ocrx_word' id='word_1_437' title='bbox 862 4506 889 4547; x_wconf 87' lang='lat' dir='ltr'>et</span> <span class='ocrx_word' id='word_1_438' title='bbox 902 4495 984 4561; x_wconf 85' lang='lat' dir='ltr'>filias</span> <span class='ocrx_word' id='word_1_439' title='bbox 1002 4500 1134 4563; x_wconf 80' lang='lat' dir='ltr'>rapuerat</span> <span class='ocrx_word' id='word_1_440' title='bbox 1151 4497 1253 4560; x_wconf 75' lang='lat' dir='ltr'>hostis,</span> <span class='ocrx_word' id='word_1_441' title='bbox 1270 4507 1297 4549; x_wconf 92' lang='lat' dir='ltr'>et</span> <span class='ocrx_word' id='word_1_442' title='bbox 1311 4488 1391 4565; x_wconf 62' lang='lat' dir='ltr'>patria</span> 
     </span>
    </p>
   </div>
   <div class='ocr_carea' id='block_1_4' title="bbox 0 0 1764 5450">
    <p class='ocr_par' dir='ltr' id='par_1_6' title="bbox 0 0 1764 5450">
     <span class='ocr_line' id='line_1_44' title="bbox 0 0 1764 5450; baseline 0 0"><span class='ocrx_word' id='word_1_443' title='bbox 0 0 1764 5450; x_wconf 95' lang='lat' dir='ltr'> </span> 
     </span>
    </p>
   </div>
  </div>
 </body>
</html>
