3517 5450
685 713 880 762 rtnsooxon
898 715 940 761 ιν.
966 715 1035 764 cur.
1052 719 1077 776 ι.
1320 698 1392 773 183

340 886 412 946 ptum
432 871 523 925 inveni
544 872 622 924 Nihil
639 873 694 923 eni
701 893 725 923 m
744 893 829 926 nreurn
847 885 897 928 est.
934 872 968 927 Et
986 885 1066 940 certe,
1089 886 1116 928 ul
1136 859 1230 931 Cicero
1249 879 1286 933 sic
1301 881 1393 954 loqui-

339 973 381 1015 tur
399 961 552 1026 interdum,
572 960 606 1013 ita
626 979 681 1013 non
701 960 858 1015 indecenter
875 981 971 1020 causae
991 974 1053 1016 nota
1071 963 1173 1017 adiecta
1193 977 1244 1032 est,
1275 968 1303 1019 in
1322 968 1395 1025 hunc

338 1049 463 1102 modum:
491 1047 571 1101 lstarn
591 1059 663 1102 tunm
681 1048 806 1102 iniurium
832 1051 865 1104 nd
890 1069 934 1103 me
953 1069 1093 1122 nunquam
1120 1055 1270 1123 pervenisse
1296 1060 1393 1127 putari,

337 1135 439 1190 etiamsi
459 1135 573 1207 parietes
591 1135 778 1189 disturbaveris
796 1148 822 1191 et
839 1138 980 1192 sceleratas
991 1137 1062 1191 faces
1073 1138 1201 1194 intuleris.
1238 1139 1308 1195 Nihil
1322 1146 1393 1198 enim

338 1243 429 1278 meum
458 1235 510 1290 est,
542 1242 631 1294 neque
658 1224 832 1296 cuiusquam,
858 1226 932 1297 quod
957 1225 1073 1292 auferri,
1106 1227 1178 1298 quod
1208 1229 1292 1299 eripi,
1319 1233 1393 1303 quod

336 1311 422 1366 emitti
444 1313 560 1384 potest.“
578 1311 777 1366 Morisotus.
815 1313 1038 1385 „Nilumque
1057 1333 1141 1366 meam
1159 1326 1214 1369 est:
1233 1316 1394 1373 Sicnorern.

338 1400 418 1452 Nihil
436 1419 499 1452 nec
516 1419 601 1452 meum
620 1410 677 1458 est,
696 1411 756 1453 tres.
801 1401 878 1452 Nibil
902 1403 958 1452 eni
965 1421 989 1452 nr
1016 1421 1102 1453 meam
1128 1413 1184 1468 est,
1210 1413 1270 1457 tres.
1316 1407 1394 1458 Nibil

338 1499 498 1551 meumst,
516 1489 579 1543 duo.
618 1489 697 1540 Nihil
712 1506 825 1560 aeque
842 1508 928 1541 meum
948 1500 1004 1553 est,
1022 1491 1120 1542 unus.“
1141 1489 1213 1544 Atd.
1233 1490 1318 1545 Man.
1362 1493 1391 1545 ln

337 1574 406 1630 Cod.
424 1577 505 1630 Drsd.
523 1579 548 1631 3.
567 1575 665 1647 legitur
682 1576 752 1628 nibil
768 1595 854 1628 meum
871 1588 922 1641 est,
941 1588 970 1630 ut
988 1577 1015 1631 in
1035 1575 1103 1630 Cod.
1122 1577 1196 1642 Bes.;
1216 1577 1243 1630 in
1258 1578 1323 1635 On.
1331 1579 1362 1633 E.
1374 1581 1392 1634 l.

337 1674 363 1716 et
382 1664 433 1717 Ed.
453 1665 523 1717 Ven.
539 1662 765 1736 (ap.0r.)148't.
784 1665 855 1716 nibil
871 1665 959 1716 enirn
977 1683 1086 1736 neque
1105 1685 1190 1718 meum
1206 1677 1264 1728 est,-
1285 1668 1311 1721 in
1324 1670 1393 1723 Ven.

337 1754 417 1806 1492.
438 1751 527 1806 llerw.
546 1752 608 1804 Par.
628 1755 707 1806 1501.
725 1754 805 1807 1512.
825 1755 905 1807 1⁵43.
931 1755 998 1822 Arg.
1017 1752 1083 1805 Dar.
1105 1753 1190 1824 Lugd.
1211 1753 1308 1825 legitur
1325 1758 1394 1810 nihil

336 1839 406 1890 enirn
425 1858 460 1890 m.
479 1858 521 1900 e.,·
549 1839 577 1892 in
595 1838 668 1892 Gud.
688 1837 719 1891 Α.
745 1840 815 1891 nibil
836 1858 921 1912 neque
945 1842 964 1891 i.
988 1859 1072 1893 meum
1096 1851 1151 1907 est,
1179 1836 1251 1896 Gud.
1270 1843 1301 1896 B.
1325 1846 1395 1897 nibil

336 1927 399 1978 isac
415 1945 452 1993 ng
472 1947 556 1978 meum
574 1939 632 1988 ests
653 1927 733 1980 Drsd.
750 1931 777 1982 4.
795 1929 866 1980 nibil
885 1929 945 1980 boc
964 1947 1023 1980 nec
1043 1947 1127 1981 meum
1144 1938 1194 1982 est.
1231 1930 1280 1983 Os.
1300 1928 1329 1983 E.
1349 1933 1392 1983 ni-

337 2015 378 2068 ln't
397 2034 463 2070 nec.
501 2014 557 2068 ΜΓ.

410 2105 488 2156 Nilril
504 2122 588 2174 neque
608 2121 692 2155 mean
711 2104 778 2171 est,]
817 2104 972 2171 „Est'enim
992 2104 1043 2158 hoc
1064 2105 1195 2172 Stoicum,
1217 2118 1343 2179 utsupra
1363 2108 1390 2159 iu

335 2193 440 2247 Biantis
458 2191 580 2263 exemplo
598 2190 781 2245 intelleximus.
817 2191 886 2244 Nam
916 2192 1062 2244 secundum
1082 2193 1233 2263 Epictetum
1259 2194 1390 2264 quaedam

335 2283 363 2335 in
382 2281 462 2334 nobis
480 2291 555 2346 suut,
584 2280 716 2351 quaedem
737 2300 792 2333 nou
813 2279 917 2332 suntin
944 2279 1031 2336 nobis.
1076 2283 1104 2333 ln
1134 2281 1212 2333 nobis
1234 2299 1289 2332 esse
1317 2279 1389 2346 dicit,

336 2388 406 2441 qnae
425 2379 516 2422 nostre
534 2379 596 2421 sunt
616 2386 714 2439 opera,
734 2363 878 2436 rinbinun,
909 2362 1004 2436 ὁρμήν,
1024 2366 1118 2438 ὄρεξιν,
1133 2370 1258 2436 tantiam
1280 2387 1336 2422 nnn
1363 2367 1389 2420 in

335 2457 415 2510 nobis
433 2476 504 2522 esse,
532 2475 600 2526 quse
627 2473 682 2508 non
708 2466 770 2508 sunt
797 2466 886 2509 nostru
915 2474 1015 2524 opera,
1043 2453 1072 2507 rb
1095 2459 1185 2521 σῶμα,
1211 2454 1260 2526 τήν
1290 2459 1389 2523 κτῆσιν,

334 2541 427 2609 δέξας,
446 2540 558 2614 α’ρχάς.“
578 2545 672 2613 Xyst.
690 2542 802 2596 Betul.
839 2541 977 2609 Ceterum,
997 2544 1116 2614 quamvis
1135 2543 1265 2598 hocloco
1284 2543 1390 2613 magni·

334 2632 384 2688 lice
402 2631 544 2703 loquatur,
563 2631 640 2683 etad
660 2641 762 2683 certum
783 2630 865 2683 enimi
884 2631 1061 2696 sententiam,
1082 2631 1109 2684 in
1129 2631 1188 2702 ipso
1209 2643 1297 2684 tamen
1318 2630 1389 2685 cale-

334 2720 432 2775 tnitatis
456 2740 534 2774 sensu
560 2719 660 2774 recenti
685 2718 813 2773 allectum
839 2739 901 2772 eum
921 2719 999 2773 suine
1024 2719 1123 2773 scimus
1146 2721 1273 2790 graviter,
1300 2721 1389 2792 nequ'e

334 2809 416 2861 inodo
437 2828 465 2861 es
485 2809 535 2861 rite
550 2808 689 2860 Ciceronis
706 2828 720 2860 a
740 2806 885 2861 Plutarcho
905 2808 1046 2879 descripta,
1065 2809 1110 2861 sed
1128 2828 1156 2861 es
1170 2809 1233 2881 ipsis
1251 2809 1389 2863 Ciceronis

334 2897 451 2971 epistolis
470 2897 535 2965 (rid.
555 2896 611 2949 Lib.
627 2896 671 2949 lll.
689 2896 724 2949 nd
743 2896 796 2949 Au.
816 2895 938 2967 passim:
966 2896 1043 2954 cuius
1066 2897 1145 2950 etism
1174 2916 1265 2950 sensus
1282 2896 1334 2950 hnc
1351 2908 1389 2949 est

334 2986 518 3042 testimonium
537 2985 564 3037 in
584 2983 634 3036 Or.
655 3004 705 3056 pro
725 2984 816 3039 Domo
835 2988 886 3051 bb,
904 2988 953 3039 tt:
972 2987 1080 3055 Accepi,
1096 2986 1244 3054 pontifices,
1262 3003 1388 3056 magnum

334 3086 419 3147 atque
437 3071 616 3125 incredibilem
633 3073 764 3125 dolorem:
794 3092 847 3125 non
865 3091 946 3144 nego:
974 3091 1059 3145 neque
1080 3076 1163 3125 istam
1192 3074 1257 3124 milti
1287 3073 1388 3124 ascisco

334 3163 509 3234 sapientiam,
530 3180 611 3233 quam
629 3161 752 3213 nonnulli
769 3161 799 3212 in
819 3180 859 3213 rne
876 3160 1062 3231 requirebant,
1095 3162 1143 3231 qui
1171 3180 1210 3212 me
1238 3160 1327 3212 animo
1345 3159 1386 3209 ni-

334 3252 383 3304 mis
394 3251 496 3322 fracia
509 3268 566 3303 esse
577 3260 662 3320 atque
678 3249 787 3319 afflicto
798 3247 985 3321 loquebantur.
1023 3250 1070 3301 An
1087 3265 1136 3319 ego
1152 3258 1274 3317 pateram
1290 3277 1324 3287 ·-
1344 3249 1387 3298 in·

334 3338 422 3401 fitiari
432 3357 472 3389 me
482 3355 540 3389 esse
549 3337 679 3389 bomem
691 3346 718 3387 et
728 3354 889 3387 communem
902 3346 1019 3387 naturae
1029 3352 1135 3387 sensum
1145 3334 1307 3404 repudiare?
1325 3335 1354 3385 M
1364 3356 1385 3387 r.

403 3444 489 3499 neque
506 3424 676 3496 cuiusquam]
714 3422 792 3489 „MS.
810 3440 896 3493 aeque
914 3424 1067 3492 cuiquam.“
1085 3419 1206 3472 Graes.
1248 3420 1290 3472 Ad
1309 3439 1386 3491 seqq.

334 3514 422 3569 laudat
441 3514 524 3585 Borg.
540 3512 596 3566 Cic.
614 3512 710 3566 Parad.
728 3513 774 3576 Vl,
792 3514 822 3564 12
848 3510 960 3580 aufers,
978 3508 1075 3577 eripi&
1103 3508 1139 3560 ib.
1159 3510 1189 3561 3:
1219 3507 1316 3576 quanti
1344 3521 1385 3559 est
1490 3528 1498 3535 ·

334 3602 503 3656 aestimanda
522 3603 624 3666 virtus,
648 3620 718 3673 quae
741 3618 789 3652 nec
815 3598 920 3668 eripi,
948 3616 996 3650 nea
1014 3598 1116 3667 surripi
1142 3606 1234 3667 potest
1257 3615 1385 3666 unquam,

334 3710 414 3764 neque
433 3690 584 3761 naufragio
601 3707 686 3762 neque
703 3688 823 3740 incendio
841 3688 1038 3740 amittitur.
1080 3682 1308 3757 Wyttenbachius
1334 3704 1385 3737 au·

334 3791 399 3843 tem,
421 3776 540 3845 „Huius,
558 3776 661 3848 inquit,
678 3774 841 3847 gradationis
860 3775 928 3829 ratio
943 3774 1072 3845 postulat,
1099 3786 1128 3828 ut
1146 3775 1292 3828 scribatur:
1314 3775 1387 3845 quod

334 3866 472 3929 amitti,
494 3864 569 3936 quod
594 3864 748 3935 auferri,
775 3865 847 3935 quod
875 3866 968 3932 eripi
990 3873 1095 3932 potest:
1122 3874 1203 3934 atque
1226 3863 1260 3917 ita
1288 3864 1384 3916 Cicero

334 3952 463 4024 teripsisse
480 3953 611 4006 ridetur.“
646 3951 705 4023 Ego
722 3970 784 4004 vero
803 3972 857 4023 quo
875 3951 964 4005 minus
981 3952 1123 4022 obsequar,
1142 3972 1197 4005 non
1215 3951 1301 4005 solum
1317 3970 1385 4004 con-

334 4061 406 4095 sensu
427 4041 560 4095 librorum
580 4041 737 4112 prohibeor,
765 4062 855 4112 neque
874 4061 920 4106 eo,
949 4058 1030 4111 quern
1050 4040 1131 4092 modo
1158 4060 1188 4093 ex
1205 4039 1266 4092 Pnr.
1288 4036 1333 4103 vl,
1352 4042 1378 4091 3.

334 4130 448 4197 landari,
475 4129 550 4196 loco,
576 4147 631 4201 quo
648 4131 710 4182 item
730 4128 866 4200 praecedit
883 4128 965 4196 eripi,
990 4127 1111 4199 sequitur
1128 4128 1236 4177 amitti.-
1264 4124 1308 4177 sed
1327 4124 1382 4194 ipsa

338 4219 379 4271 oei
398 4219 545 4286 sententia,
564 4238 632 4290 quae
651 4217 785 4271 haeresi:
805 4217 875 4270 Nihil
895 4235 985 4270 meum
1005 4227 1068 4280 est„
1086 4215 1159 4287 quod
1179 4213 1242 4267 mihi
1262 4212 1301 4264 rel
1320 4231 1381 4265 casu

334 4308 444 4373 rulerri,
462 4305 502 4358 vel
522 4306 543 4358 ri
564 4292 646 4377 eripi,
675 4308 729 4359 irnn
761 4307 834 4378 quod
863 4304 1046 4377 qualicunque
1072 4302 1153 4355 modo
1177 4300 1261 4355 amitti
1287 4309 1382 4370 potest.

334 4393 365 4448 ln
383 4406 513 4467 apparet,
533 4396 644 4467 opinor,
665 4415 713 4449 cur
731 4396 825 4447 anritti
843 4394 939 4448 ultimo
958 4393 1018 4448 loco
1038 4391 1154 4464 positum
1180 4390 1220 4441 sit.
1270 4386 1299 4441 ln
1329 4388 1381 4442 sine

334 4482 431 4550 periodi
450 4479 636 4537 Codd.'Drsd.
654 4486 678 4535 1.
698 4495 723 4539 et
741 4486 766 4540 3.
783 4482 882 4537 babent
897 4492 988 4553 potest
1005 4480 1105 4534 anritti.
1144 4476 1201 4531 ΜΓ.
