3517 5450
354 716 433 763 XXlV
469 717 535 762 1111).
548 714 704 763 aretur.
719 712 836 761 cantet
850 716 1020 763 3333331).
1057 716 1400 767 tv.conttttm1tttsrc.

425 885 483 939 tur,
501 873 615 940 deesset,
636 874 661 926 id
682 874 822 940 videbunt,
843 873 889 944 qui
911 873 1030 927 libellum
1051 872 1122 926 bunc
1142 875 1232 944 paullo
1258 878 1405 931 accuratius

427 964 595 1034 inspexerint.

409 1049 472 1103 Erat
491 1050 584 1116 etiam,
612 1069 695 1122 quum
716 1068 865 1121 sperarem,
893 1068 1017 1120 magnam
1043 1049 1100 1101 steri
1125 1069 1200 1120 posse
1228 1052 1406 1104 accessionem

356 1137 493 1207 apparatui
513 1157 573 1189 meo
593 1138 694 1204 critico,
714 1158 799 1210 eoque
819 1138 880 1192 buic
900 1149 990 1191 nostro
1009 1137 1109 1204 libello,
1129 1140 1149 1190 si
1168 1139 1323 1210 contigisset
1342 1160 1407 1193 nan·

356 1224 416 1277 cisci
437 1225 605 1279 collationem
625 1225 732 1280 Codicis
756 1224 867 1279 alicuius
885 1227 1043 1280 Ravennatis
1061 1226 1263 1279 Paradoxorum
1290 1230 1408 1283 vetustis-

356 1312 413 1363 simi
433 1324 511 1384 atque
528 1313 637 1384 optimi,
664 1313 710 1384 qui
739 1313 817 1364 luisse
840 1313 938 1367 dicitur
962 1312 1103 1366 Nicolai
1132 1311 1154 1364 F
1162 1313 1303 1379 erretti,
1336 1317 1408 1367 cuius

356 1401 518 1453 mentionem
539 1402 601 1454 tecit
619 1400 789 1466 Blumius,
809 1401 842 1452 V.
861 1399 916 1464 Cl.,
936 1399 1028 1469 lCtus,
1055 1401 1084 1454 in
1102 1401 1204 1453 Itinere
1223 1402 1341 1467 Italico,
1365 1405 1408 1475 qui

355 1487 386 1538 T.
405 1487 450 1554 lv,
480 1509 505 1559 p.
525 1493 585 1543 253.
611 1489 729 1560 scripsit:
756 1493 831 1554 „Der
857 1489 997 1560 Philologe
1027 1509 1061 1541 zu
1086 1492 1234 1552 Ravenna,
1263 1488 1408 1543 Niccolo

356 1574 541 1642 „Ferretti,
558 1578 698 1648 gestorben
709 1580 789 1642 1554,
809 1578 1042 1630 ‹tlsBesitzerder
1062 1576 1271 1629 beriiltmten
1289 1582 1321 1628 H
1328 1581 1409 1629 and·

357 1664 513 1734 „schrift
543 1685 605 1716 von
625 1666 768 1717 Cicero’s
787 1667 1007 1718 Paradoxo.“
1054 1664 1115 1717 Adii
1135 1663 1229 1735 igitur,
1258 1665 1409 1719 aBardilio

357 1771 416 1803 meo
436 1752 565 1817 monitus,
582 1755 666 1804 virum
686 1752 760 1804 illum
780 1752 872 1806 litteris
891 1766 952 1806 aute
971 1752 1018 1806 bos
1037 1765 1089 1806 tres
1107 1771 1194 1804 annos
1212 1752 1293 1819 datis,
1320 1752 1410 1824 explo-

357 1849 475 1904 raturus,
502 1839 521 1890 si
549 1839 605 1892 steri
633 1853 734 1911 posset,
767 1853 858 1894 utrum
878 1840 1028 1895 collationis
1052 1839 1226 1911 accipiendae
1245 1859 1306 1910 spes
1323 1840 1409 1912 aliqua

357 1926 504 1998 affulgeret.
541 1927 700 1981 Blumius
718 1940 820 1995 sutem,
855 1949 915 1981 mox
934 1928 1026 1982 litteris
1047 1926 1249 2000 perhumaniter
1267 1927 1409 1999 rescriptis,

357 2034 443 2086 neque
461 2037 488 2069 se
508 2017 599 2070 vidisse
617 2016 692 2069 illum
712 2015 840 2070 Codicem
860 2016 1013 2088 respondit,
1041 2035 1129 2086 neque
1157 2015 1243 2085 ipsum
1270 2014 1409 2068 Ravennae

356 2103 449 2156 fuisse:
480 2105 606 2158 audivisse
633 2125 661 2158 se
687 2125 744 2158 eam
771 2125 827 2157 rem
856 2104 993 2158 aKronio
1024 2103 1148 2166 relatam,
1180 2102 1255 2155 cuius
1282 2102 1330 2154 siri
1350 2122 1364 2155 a
1384 2122 1409 2154 se

356 2191 414 2260 ipso
436 2192 557 2244 nondum
577 2194 636 2260 visi,
663 2195 719 2264 ipse
748 2194 852 2246 lecisset
872 2193 1035 2245 mentionem
1066 2193 1094 2243 in
1115 2191 1179 2243 tomi
1200 2190 1287 2261 quarti
1306 2192 1409 2262 praela·

357 2279 437 2330 tione.
487 2280 605 2332 Ubinam
633 2293 720 2333 autem
750 2280 885 2344 Kronios,
916 2280 961 2350 qui
989 2280 1166 2332 Vindobonse
1195 2277 1304 2348 egisset,
1340 2297 1409 2330 uunc

358 2379 592 2435 commemoretur,
612 2369 705 2421 idosibi
726 2388 820 2438 parurn
841 2389 895 2421 esse
916 2379 1095 2438 compertum.
1132 2365 1215 2434 Quod
1233 2385 1318 2436 quum
1333 2366 1409 2438 legis-

358 2473 428 2518 sem,
448 2454 497 2507 vidi
517 2475 606 2526 spem,
627 2475 707 2528 quam
728 2476 921 2528 conceperam,
941 2457 1045 2510 irritam
1066 2476 1120 2508 esse
1139 2456 1244 2508 factam.

429 2542 526 2607 Restat,
546 2556 574 2596 ut
594 2563 745 2596 moneama
762 2564 803 2596 me
816 2547 894 2596 etiam
907 2547 933 2597 in
948 2543 1139 2597 enumerandis
1157 2541 1302 2595 lectionum
1317 2552 1408 2593 aucto-

359 2629 478 2683 ritatibus
504 2630 580 2684 allata
606 2652 661 2685 esse
687 2652 716 2685 ea
749 2632 917 2700 adiumenta,
954 2634 1051 2705 quibus
1079 2633 1118 2684 usi
1152 2641 1215 2682 sunt
1242 2628 1410 2694 Orellius,

359 2715 597 2786 Gernbardus,
620 2719 879 2791 Borgersius'),
898 2741 952 2775 non
972 2734 1001 2776 ut
1020 2742 1050 2775 33
1069 2720 1097 2772 13
1118 2720 1181 2772 meis
1200 2718 1279 2771 fuisse
1298 2731 1409 2772 conten-

358 2803 463 2868 derem,
493 2806 538 2857 sed
557 2818 586 2858 ut
606 2826 660 2859 uno
679 2806 828 2859 exhiberem
848 2821 1007 2882 conspectu,
1037 2807 1165 2881 quicquid
1193 2806 1244 2859 sive
1271 2807 1304 2860 ad
1332 2808 1410 2861 stabi·

358 2887 473 2946 liendam
491 2893 608 2966 aliquam
628 2893 768 2948 lectionem
788 2895 902 2963 faceret,
931 2898 982 2949 sive
1011 2896 1162 2951 testimonio
1181 2905 1247 2947 esset
1271 2894 1336 2947 nibil
1356 2895 1411 2966 opis

359 3001 413 3033 esse
430 2982 458 3034 in
478 2982 551 3035 libris
571 2983 602 3035 ad
623 3003 668 3036 eos
687 2982 759 3036 locos
777 2986 917 3052 sanandos,
938 2988 984 3057 qui
1003 2986 1031 3038 in
1050 2985 1102 3037 boc
1120 2982 1210 3042 libello
1224 2982 1348 3036 videntur
1366 2983 1411 3034 de·

358 3072 462 3140 sperati.

431 3158 517 3211 Erunt
544 3160 669 3226 fortasse,
699 3162 744 3231 qui
765 3163 928 3215 mirentura
951 3181 992 3214 me
1013 3181 1067 3214 non
1088 3180 1142 3213 esse
1171 3159 1304 3212 adhibitos
1324 3159 1411 3231 plures

359 3245 437 3299 etiam
457 3245 540 3299 libros
557 3245 652 3314 MSS.,
680 3268 794 3319 quorum
815 3262 886 3304 certe
906 3251 938 3303 ad
958 3270 1044 3304 meam
1066 3249 1186 3302 notitiam
1207 3248 1307 3300 venerit
1326 3247 1409 3299 sedes:

360 3344 388 3386 ut
414 3353 455 3385 ses
482 3334 704 3389 Vindobonenses
727 3339 808 3408 (quos
841 3350 960 3390 recenset
986 3342 1026 3390 St.
1049 3338 1194 3388 Endliclter
1220 3336 1248 3387 in
1282 3334 1410 3405 Catalogo

359 3420 444 3474 Codd.
470 3421 594 3477 Pbilolol.
615 3423 693 3477 MSS.
721 3425 790 3480 Bibl.
815 3427 899 3481 Palat.
930 3424 1411 3492 11131131).1836.4.),Ρ3313133333,

359 3512 430 3564 alios.
481 3511 502 3563 11
519 3511 618 3577 sciant,
647 3514 728 3566 varias
748 3535 802 3568 esse
820 3535 927 3582 causas,
960 3516 1058 3587 quibus
1076 3513 1199 3585 impediri
1228 3513 1309 3584 possit
1330 3512 1410 3563 bomo

359 3599 509 3652 scholarum
530 3600 558 3649 in
578 3600 673 3651 umbra
694 3600 862 3666 delitescens,
881 3605 1014 3676 stipendio
1035 3604 1127 3655 fruens
1146 3601 1262 3664 modico,
1280 3601 1336 3653 otio
1357 3602 1410 3652 lere

359 3684 448 3748 33113,
477 3704 531 3754 quo
555 3684 643 3737 minus
662 3706 756 3740 manus
775 3692 895 3762 porrigat
913 3693 946 3744 ad
969 3711 1016 3756 ea,
1043 3690 1139 3761 quibus
1158 3690 1263 3741 abunde
1291 3691 1329 3743 uti
1351 3709 1410 3759 pos·

360 3785 437 3838 sunt,
459 3792 574 3849 quorum
596 3784 632 3826 est
652 3774 718 3826 alius
737 3775 827 3842 locus,
847 3779 897 3831 alia
917 3779 1044 3832 conditio.

361 3907 567 3915 ...μ’-...η-

431 4004 455 4064 *1
486 4000 527 4056 Ab
547 4000 688 4055 Orellio
713 4007 812 4078 sumpsi
841 4009 967 4063 lectiones
985 4009 1071 4062 Codd.
1097 4008 1177 4062 Bern.
1201 4010 1259 4061 Bas.
1286 4010 1412 4081 Guelpb,

360 4072 429 4125 Edit.
451 4091 524 4141 prc,
555 4072 673 4145 Excerpt.
698 4076 783 4147 Eyb.,
812 4079 881 4135 Edd.
912 4083 1027 4146 Victor„
1052 4080 1191 4151 Magnoli,
1220 4081 1305 4138 Suflr.
1331 4083 1412 4145 Petri,

360 4143 462 4195 Manut.
482 4146 567 4208 1555,
586 4145 686 4201 Huberi
704 4151 790 4211 tt48;
820 4151 1052 4205 Gernbardus
1071 4153 1185 4205 laudavit
1211 4152 1260 4205 Ed.
1282 4155 1413 4207 Venetam

360 4217 447 4279 1487,
468 4214 689 4283 Ascens.1520.,
708 4218 936 4276 Anemoecianam
955 4228 1025 4280 15113
1044 4229 1127 4296 (quae
1147 4226 1223 4288 item,
1253 4237 1283 4277 ut
1312 4237 1412 4292 nostra,

360 4297 398 4337 est
418 4285 727 4342 Pseudoanemoeciana:
748 4292 798 4345 rid.
817 4294 833 4345 1.
853 4315 876 4347 c.
897 4313 939 4364 ap.
959 4295 1043 4349 Orell.
1066 4318 1091 4367 p.
1104 4299 1154 4350 351
1169 4298 1223 4366 sq.)
1260 4295 1415 4367 Borger-

360 4358 431 4407 sius
450 4356 562 4410 contulit
580 4358 661 4425 duos,
689 4381 757 4432 quos
781 4366 845 4430 dixi,
872 4364 958 4418 Codd.
983 4368 1058 4419 Voss.
1091 4379 1114 4419 et
1140 4366 1188 4419 Ed.
1214 4387 1270 4437 prc.
1289 4367 1414 4439 Mogunt.

361 4430 439 4486 1465.
459 4428 502 4479 sed
523 4429 610 4486 miuus
628 4444 760 4488 accurate.

781 4556 986 4565 ...o—a*—
