3517 5450
689 747 883 796 rruuuoxou
906 751 937 797 v.
964 715 1034 799 cur.
1057 751 1079 798 1.
1330 729 1404 805 223

355 909 390 960 ud
413 908 567 959 utilitatem
592 906 819 978 referentum·
852 905 897 973 ΙΙΙ,
923 910 980 961 182:
1006 909 1041 960 ob
1068 910 1111 963 lu's
1135 912 1237 963 omnia
1261 913 1410 984 prosici-

354 1007 521 1061 scuntur,
540 1023 575 1034 -
594 995 632 1044 ad
648 1012 680 1045 eo
698 995 833 1065 referri
851 1013 940 1046 omues
958 1006 1066 1048 nostrus
1085 997 1269 1067 cogitationes.
1307 999 1364 1054 ΜΓ.

424 1101 497 1156 quae
513 1082 577 1152 plus
595 1083 671 1152 opud
693 1101 752 1134 eum
776 1082 908 1153 pollent,]
945 1083 1087 1151 „Quidam
1113 1085 1160 1138 lib.
1183 1105 1244 1138 eum
1270 1089 1360 1156 opud,
1388 1099 1412 1140 et

354 1173 389 1226 sic
418 1173 500 1224 etiarn
527 1172 615 1223 Varro
643 1169 749 1224 locutus
773 1182 824 1238 est,
852 1170 892 1225 sic
918 1191 984 1240 quos·
1002 1174 1085 1237 iuter,
1113 1175 1264 1225 memoriam
1285 1186 1411 1244 praeter:

356 1277 437 1331 supra
456 1258 594 1312 observavi
611 1258 733 1310 omnibus
750 1278 782 1309 ex
788 1279 798 1318 ‚·
823 1258 895 1329 apud
915 1259 1033 1311 Liviums
1055 1257 1167 1311 Tiberim
1186 1271 1298 1320 coutrc,·
1317 1279 1347 1312 eo
1366 1280 1410 1313 co-

355 1367 411 1399 ram
431 1346 569 1400 Tacitus.“
588 1348 618 1398 C.
639 1346 737 1416 Lang.
774 1346 880 1414 „Apud
895 1363 963 1401 eum.
1012 1345 1058 1400 Sic
1076 1366 1170 1401 omnes
1188 1349 1250 1402 mei.
1295 1349 1411 1420 Longius

355 1434 452 1487 ordine
471 1438 671 1505 praepostero.“
690 1432 764 1485 Ald.
782 1431 908 1485 Manui.
947 1434 1015 1488 God.
1043 1434 1102 1488 Cn.
1121 1440 1146 1491 2.
1173 1436 1253 1491 babet
1277 1440 1353 1507 opud
1370 1440 1411 1491 il-

355 1521 430 1574 lum.
467 1521 558 1574 Verba
586 1521 662 1591 apud
678 1539 737 1572 eum
754 1519 849 1573 desunt
868 1519 897 1573 in
915 1519 1410 1596 Or.r1.Cod.Drsd.1.bubetpu-

355 1607 430 1669 leot‚·
461 1627 514 1661 var.
531 1607 623 1679 Magn.
643 1607 699 1661 eius
722 1607 783 1662 loco
803 1607 883 1663 babet
897 1607 1012 1680 glossam
1031 1611 1132 1666 voleat.
1170 1612 1200 1666 ln
1219 1615 1278 1667 Cri.
1294 1620 1319 1667 2.
1337 1615 1408 1668 deest

354 1695 440 1750 illius.
476 1695 548 1748 Tum
568 1694 626 1748 Cro.
646 1699 673 1749 1.
692 1695 815 1750 habetet
834 1716 886 1768 pro
904 1709 996 1770 utque.
1041 1699 1084 1752 Ad
1109 1699 1273 1756 locutionem
1303 1702 1337 1756 cf.
1357 1702 1411 1756 Cic.

355 1781 388 1836 de
406 1781 466 1836 Oli.
487 1781 518 1850 ll,
537 1785 568 1837 ⁹:
587 1783 625 1834 od
635 1783 722 1853 fidem
733 1784 896 1856 faciendum
920 1786 1030 1838 iustitia
1053 1786 1117 1857 plus
1138 1790 1232 1857 pollet.
1268 1790 1344 1845 Brut.
1362 1795 1411 1845 51:

352 1871 499 1940 perorandi
518 1869 605 1936 locus,
627 1869 674 1923 ubi
692 1872 838 1941 plurimum
853 1872 939 1942 pollet
956 1876 1053 1930 oratio.
1095 1874 1145 1928 Ed.
1168 1876 1246 1931 Scbz.
1265 1897 1410 1949 operarum

356 1976 447 2010 errore
466 1957 592 2027 voluptas
611 1977 660 2030 pro
679 1958 815 2013 uoluntas.
862 1959 987 2013 Eundem
1011 1980 1063 2033 ego
1088 1982 1207 2017 errorem
1233 1965 1338 2018 Codicis
1368 1984 1412 2018 re-

356 2046 449 2118 scripti
468 2045 570 2100 correxi
590 2047 662 2119 apud
681 2045 736 2102 Cic.
756 2048 788 2100 de
807 2049 874 2120 Rep.
893 2047 913 2102 Ι.
932 2052 957 2101 2.
981 2068 1008 2120 p.
1028 2052 1072 2105 13.
1113 2049 1178 2104 Erat
1196 2062 1284 2104 autem
1304 2053 1356 2105 ibi:
1384 2066 1411 2105 et

357 2135 487 2205 quoniam
504 2162 538 2172 -
558 2135 696 2189 studemus
720 2135 872 2188 uostris-
892 2135 1028 2190 laboribus
1052 2138 1179 2190 tutiorem
1196 2167 1231 2178 ·-
1250 2142 1336 2192 ultum
1361 2143 1411 2194 lio-

357 2223 458 2273 minum
477 2222 645 2286 reddere,et
663 2224 789 2276 adhunc
807 2224 1032 2295 voluptutem
1057 2227 1144 2295 ipsius
1170 2239 1288 2282 uuturue
1313 2233 1410 2283 stimu-

357 2312 391 2363 lis
407 2309 557 2362 incitamur
570 2339 613 2364 -.
642 2310 701 2382 Ego
720 2313 823 2366 correxi
841 2313 1027 2378 voluntatem,
1044 2314 1137 2386 ibique
1156 2317 1273 2370 rationes
1296 2318 1413 2390 exposui,

357 2419 440 2470 quas,
459 2399 506 2470 qui
526 2399 723 2470 ponderarunt,
743 2420 798 2453 non
818 2413 966 2473 potuerunt
985 2422 1040 2455 non
1060 2404 1191 2475 probare,
1219 2405 1248 2457 in
1273 2404 1313 2458 bis
1334 2407 1413 2459 etiam

357 2486 479 2541 Orellins
496 2499 522 2541 et
540 2489 570 2541 C.
581 2487 697 2541 Beierus.
735 2487 897 2543 Erstiterunt
914 2500 1002 2542 tamen
1023 2492 1066 2560 (ut
1083 2490 1150 2545 solet
1165 2491 1237 2562 fieri)
1255 2512 1414 2565 propugna-

358 2587 430 2629 tores
448 2574 570 2629 lectionis
588 2576 769 2646 voluptatem,
789 2576 849 2648 qui,
876 2577 949 2647 nulla
968 2578 1072 2631 ratione
1090 2579 1208 2650 prolata,
1232 2581 1355 2651 frugibus
1370 2582 1414 2634 in-

358 2663 441 2718 ventis
460 2664 494 2717 ad
514 2663 624 2736 glandes
642 2684 692 2718 nos
717 2665 805 2718 redire
833 2665 967 2718 iuberent.
1012 2665 1141 2719 Similiter
1165 2667 1235 2721 inira
1260 2687 1283 2722 c.
1302 2674 1328 2722 2.
1352 2669 1414 2724 sm:

358 2753 481 2825 loquitur
499 2754 538 2803 od
554 2754 793 2819 voluntatem,
812 2754 858 2806 ubi
877 2764 955 2819 sunt,
974 2753 1021 2825 qui
1040 2753 1128 2824 legant
1147 2756 1327 2826 voluptutem:
1356 2757 1413 2809 Ho-

358 2853 407 2895 rat.
428 2841 482 2895 Od.
498 2842 517 2906 l,
534 2845 577 2908 27,
592 2846 641 2897 ld:
661 2842 706 2895 ubi
726 2860 776 2912 pro
795 2852 885 2893 cessat
903 2841 1031 2894 u'oluutcs
1051 2826 1127 2895 multi
1145 2842 1206 2896 libri
1225 2843 1349 2898 exhibent
1366 2864 1414 2895 vo-

358 2931 468 3001 luptas,
492 2930 528 2984 ad
546 2949 627 3003 quem
650 2929 741 2984 locum
759 2929 810 2983 vid.
834 2927 1154 3001 Hoiman-Peerllmmp.
1174 2951 1200 3002 p.
1210 2934 1272 2985 115.
1291 2941 1316 2983 et
1328 2929 1413 2984 Orell.

359 3019 409 3073 Ed.
429 3019 491 3088 maj.
510 3037 564 3073 sec.
586 3040 612 3091 p.
630 3022 692 3073 143.
728 3017 787 3069 Mu.

432 3110 476 3159 cui
494 3108 601 3179 quidem
618 3108 709 3171 etiam,
729 3123 798 3178 quae
817 3106 870 3158 vim
889 3105 986 3182 bubere
1005 3107 1149 3158 maximam
1168 3107 1288 3174 elicitum]
1309 3108 1411 3160 Vocem

358 3196 466 3266 quidem
484 3195 583 3256 omittit
600 3194 667 3249 Cod.
687 3195 746 3249 Crz.
764 3200 791 3250 2.
819 3214 883 3248 cum
913 3194 1006 3249 Duisb.
1032 3206 1058 3248 et
1082 3194 1154 3247 Gud.
1173 3197 1221 3257 Α.;
1246 3194 1317 3247 idem
1336 3194 1414 3249 babet

359 3302 431 3355 quae
455 3284 509 3335 uim
527 3283 707 3334 maximam
731 3282 859 3335 babere
889 3283 1003 3347 dicitur,
1030 3302 1093 3336 curn
1118 3282 1176 3335 Bes.
1202 3280 1292 3333 Guelt.
1320 3282 1415 3334 Duisb.

332 3425 334 3430 ,
358 3374 418 3425 cn.
439 3377 464 3426 1.
484 3373 511 3426 3.
530 3371 610 3424 Drsd.
631 3374 656 3423 1.
675 3375 700 3423 2.
719 3375 744 3425 3.
791 3373 893 3425 Vocem
918 3372 1061 3422 maximum
1086 3368 1184 3423 omittit
1207 3366 1258 3421 Ox.
1278 3388 1316 3431 o.;
1345 3368 1413 3422 Cod.

359 3458 469 3515 Suesin.
488 3457 562 3512 Gud.
579 3458 610 3512 Β.
627 3459 706 3513 Drsd.
725 3463 751 3512 4.
779 3460 832 3511 vim
858 3458 956 3510 babere
975 3458 1076 3509 dicitur
1094 3458 1256 3518 maximum
1287 3456 1367 3509 Drsd.
1386 3462 1412 3511 5.

359 3549 414 3599 vim
441 3566 513 3602 mox,
539 3547 603 3602 bob.
626 3541 677 3601 dic.
705 3546 803 3600 omisso
822 3564 910 3619 quoe‚·
943 3544 1015 3599 Gud.
1033 3544 1064 3599 B.
1094 3563 1189 3616 quem
1207 3544 1260 3595 vim
1283 3542 1345 3596 liob.
1365 3543 1415 3597 dic.

359 3653 433 3690 mox.
452 3635 511 3689 Mr.
554 3640 696 3702 „Fortuna
716 3646 753 3689 est
772 3636 878 3687 dominu
897 3653 986 3687 rerum
1003 3644 1030 3687 et
1049 3642 1221 3685 externorum
1249 3640 1277 3682 et
1301 3631 1340 3681 od
1357 3650 1415 3681 ror-

355 3742 411 3793 pus
429 3724 635 3791 pertinentium,
657 3735 686 3777 ut
704 3724 741 3778 ait
760 3709 855 3778 Cicero
868 3722 969 3777 tusce.
990 3722 1060 3775 libro
1079 3722 1112 3774 V.
1133 3722 1212 3789 [c.9.]
1233 3720 1279 3793 qui
1298 3720 1326 3772 in
1345 3719 1414 3772 libro

359 3810 394 3864 de
411 3808 519 3863 Officiis
538 3810 569 3863 ΙΙ.
590 3813 625 3879 [c.
644 3813 681 3880 6.]
701 3830 826 3883 maguum
844 3811 899 3863 uim
916 3830 973 3864 esse
989 3812 1018 3862 iu
1030 3812 1151 3883 fortuna
1171 3809 1235 3863 dicit
1259 3810 1288 3860 iu
1309 3818 1415 3875 utrumn·

359 3917 412 3971 que
427 3908 551 3967 partem,
577 3899 619 3951 vel
636 3901 674 3951 ud
691 3900 822 3952 secundos
843 3899 886 3951 vel
909 3899 1048 3951 adversos.
1095 3900 1167 3949 Num
1190 3907 1218 3949 et
1243 3916 1325 3968 quum
1350 3915 1415 3965 pro-

358 4005 437 4057 spero
448 3987 527 4056 flatu
546 3989 605 4039 eius
624 3988 727 4039 utimur
745 3988 784 4039 ad
801 3998 911 4057 optutus
930 3988 1020 4039 exitus
1037 3986 1222 4056 provehimur,
1240 3995 1267 4036 et
1292 4003 1352 4035 cum
1371 4002 1414 4035 re-

352 4075 455 4145 flavit,
476 4074 634 4146 affligimur.
670 4075 712 4129 De
737 4057 905 4130 vilortunae
924 4075 986 4147 quia
1014 4074 1058 4127 alii
1076 4072 1152 4125 multi
1171 4072 1314 4142 scriptores
1333 4069 1415 4123 tradi·

358 4163 474 4230 derunt,
493 4163 559 4216 illud
578 4163 665 4216 solum
684 4164 880 4228 adscribamus,
901 4162 973 4233 quod
991 4172 1029 4215 est
1055 4159 1126 4232 apud
1145 4158 1279 4223 Plinium,
1312 4175 1371 4225 cap.
1389 4160 1416 4209 ¹l.

359 4251 429 4305 libro
450 4257 481 4305 2:
504 4255 586 4316 Toto,
605 4252 708 4323 inquit,
735 4254 833 4305 mundo
858 4262 886 4303 et
904 4252 969 4303 locis
995 4250 1116 4302 omuibus
1135 4246 1306 4316 omnibusque
1332 4245 1414 4308 toris,

359 4342 478 4392 omnium
498 4338 606 4392 uocibus
619 4340 740 4412 fortuna
759 4340 817 4391 solo
835 4339 994 4402 invocatur,
1024 4347 1051 4388 et
1079 4354 1135 4388 uuo
1158 4334 1328 4394 nominatur,
1359 4351 1415 4383 unu

358 4436 527 4490 accusatur,
546 4444 603 4477 una
620 4429 714 4499 rigitur
732 4447 794 4501 reo,
813 4445 868 4478 uua
888 4427 1034 4497 cogitatur,
1053 4424 1111 4476 solo
1129 4422 1272 4486 laudatur,
1290 4419 1349 4471 solo
1368 4438 1416 4471 ur·

358 4516 457 4583 guitur
476 4522 580 4565 etcum
608 4515 732 4567 conviciis
764 4514 869 4569 colitur.
929 4513 1060 4568 Volubilis
1084 4530 1100 4561 a
1126 4509 1261 4582 plerisque
1283 4523 1310 4564 et
1336 4530 1414 4563 cneco
