3517 5450
678 745 873 793 rsssooxou
897 748 940 795 vr.
967 748 1037 797 car.
1059 749 1095 797 u.
1337 727 1412 803 289

358 909 434 961 rius.
472 908 710 972 „Accusatorum‚
735 923 804 976 quos
822 906 934 958 Crassus
961 909 1127 962 subornabat
1145 908 1178 975 sd
1196 908 1319 965 bomines
1336 911 1411 966 locu-

357 994 438 1066 pletes
457 991 649 1048 criminandos.
683 993 825 1058 Iudicem,
843 1010 912 1063 quos
930 991 1043 1049 Crassus
1060 999 1260 1071 corrumpebat,
1280 1013 1309 1054 ut
1326 1012 1413 1055 sontes

356 1082 535 1137 absolverent:
553 1081 671 1135 fortassis
688 1091 714 1133 et
733 1080 789 1153 ipse
809 1079 924 1152 praedas
942 1081 1017 1136 illius
1031 1084 1172 1158 particeps,
1192 1098 1221 1141 ut
1239 1107 1294 1141 non
1309 1099 1413 1143 tentum

355 1191 369 1225 a
386 1169 550 1224 nocentibus
567 1168 714 1240 pecuniam
733 1178 918 1239 extorqueret,
944 1170 990 1223 sed
1009 1172 1043 1225 ab
1062 1173 1262 1229 accusatoribus
1287 1175 1368 1230 etiam
1387 1189 1414 1231 et

356 1259 489 1313 iudicibus
508 1254 669 1328 acciperet.“
687 1256 718 1309 ll.
737 1256 843 1310 Wott.
885 1259 1035 1310 Accusati
1055 1272 1081 1315 et
1098 1262 1200 1315 iudices
1218 1263 1413 1318 conveniebant

356 1349 424 1403 dem
442 1345 517 1416 apud
537 1347 678 1410 Crassum,
705 1355 731 1398 et
748 1345 808 1416 ipso
831 1345 934 1399 arbitro
958 1348 1156 1419 transigebatur
1180 1369 1243 1403 cum
1269 1351 1411 1418 iudicibus,

356 1447 382 1490 ut
416 1445 491 1489 certa
526 1433 641 1504 pecunia
673 1444 784 1504 accepta
815 1443 976 1486 accusatum
1006 1435 1200 1492 absolverent.“
1230 1439 1411 1511 Wyttenb.

354 1522 432 1590 „Act
452 1525 480 1578 1.
498 1521 527 1575 in
546 1521 693 1575 Vem13:
718 1521 798 1591 Quod
816 1521 945 1574 inventus
964 1533 1005 1575 est
1025 1534 1147 1589 senator,
1172 1526 1236 1598 qui,
1260 1546 1343 1598 quum
1360 1527 1413 1582 iu-

356 1611 416 1662 dex
434 1619 521 1666 esset,
544 1608 682 1660 iraeadem
700 1608 845 1661 iudicioet
864 1607 976 1662 abreo
997 1612 1141 1680 pecuniam
1159 1613 1306 1683 acciperat,
1330 1634 1413 1688 quam

355 1694 541 1749 iudicibus
566 1695 712 1762 diuideret,
741 1695 823 1747 stab
848 1708 1080 1765 accusatore,
1104 1711 1137 1752 ut
1163 1720 1238 1755 reum
1263 1698 1413 1756 damnaret.

355 1783 435 1839 Conf.
453 1785 534 1838 Verr.
550 1781 585 1851 ll,
602 1787 648 1840 82.
667 1783 736 1838 Pbil.
756 1785 789 1848 V,
807 1785 856 1838 6.“
895 1784 995 1856 Rorg.

423 1881 616 1926 accusatorum
634 1882 718 1944 atque
737 1871 867 1940 iudicum]
905 1870 1096 1938 „Consociatio
1119 1873 1186 1929 baec
1204 1876 1412 1946 praevaricatio-

353 1980 399 2015 nes
416 1971 444 2015 et
461 1959 629 2031 corruptelas
646 1958 807 2032 significat.“
842 1958 948 2012 Facc.

425 2058 617 2101 accusatorum
633 2058 718 2121 atqua
733 2047 865 2115 iudicum]
900 2045 967 2101 cod.
986 2046 1051 2112 Cri„
1065 2052 1090 2101 2.
1117 2050 1320 2121 acquiratorum
1338 2053 1411 2123 [sic],

353 2135 452 2189 omisso
472 2145 573 2207 atqus5
600 2148 657 2189 tum
685 2136 757 2189 idem
782 2136 910 2199 sociatas.
958 2134 1060 2190 Οι..Ε.
1087 2155 1137 2208 pro
1161 2148 1246 2208 atque
1270 2138 1350 2195 babet
1368 2162 1410 2195 ac.

352 2223 562 2276 bambinienum
580 2223 646 2277 illud
664 2224 781 2275 indicum
806 2222 907 2294 placuit
931 2223 1011 2277 stiam
1029 2222 1163 2291 Grutero,
1190 2225 1236 2296 qni
1256 2236 1362 2293 tamen,
1382 2242 1412 2284 ut

352 2313 381 2366 in
400 2312 506 2379 multis,
523 2331 581 2368 non
600 2313 770 2378 Lambinum,
790 2311 835 2365 sed
858 2310 1019 2376 victorium,
1036 2311 1112 2383 sequi
1131 2312 1221 2366 voluit.
1258 2312 1312 2367 ssd
1331 2316 1411 2370 etiam

353 2399 389 2455 0.
406 2401 446 2454 Μ.
464 2399 565 2454 Mtiller
581 2400 610 2453 in
630 2399 710 2454 Curis
727 2399 852 2455 secundis
869 2400 902 2452 ad
923 2398 976 2454 Or.
994 2417 1044 2470 pro
1062 2398 1130 2454 Sest.
1142 2419 1169 2471 p.
1177 2402 1221 2454 93.
1238 2419 1330 2454 errore
1343 2421 1412 2456 con-

353 2488 439 2541 tendit
457 2488 491 2540 ab
510 2486 615 2542 Orellio
632 2485 761 2559 praeferri
779 2487 917 2554 incusum,
942 2505 1005 2541 cum
1029 2485 1110 2557 longe
1136 2487 1254 2540 diversus
1278 2487 1312 2542 sit
1334 2488 1411 2545 locus

352 2573 376 2646 fi.
393 2581 439 2630 40.
459 2575 574 2643 [iudex
593 2594 655 2628 aero
673 2584 807 2646 quantum
827 2573 909 2626 babet
928 2573 1277 2641 dominatqu-Concedo
1295 2574 1411 2631 diversos

353 2683 409 2719 esse
428 2663 516 2719 locos:
543 2664 588 2717 sed
606 2674 678 2724 recte
695 2661 825 2716 iudicasse
853 2671 879 2715 et
905 2680 998 2714 rerum
1017 2660 1111 2714 vidisse
1130 2660 1250 2714 existimo
1268 2679 1316 2714 eos
1332 2663 1409 2732 viros,

353 2752 400 2823 qui
421 2751 608 2822 praetulerunt
623 2751 751 2804 iudicum.
794 2748 873 2802 Adde
892 2768 942 2803 nos
966 2750 1000 2803 de
1018 2748 1097 2802 simili
1122 2749 1281 2823 confusione
1299 2751 1334 2804 ad
1352 2751 1410 2808 Cic.

344 2838 475 2911 'dellep
494 2838 540 2905 Vl,
562 2842 588 2893 6.
607 2860 636 2910 p.
653 2842 716 2893 464.
752 2836 813 2890 Mn.

426 2928 603 2995 consociatos]
648 2925 714 2993 „sie
736 2944 832 2978 omnes
859 2924 921 2977 mei.
956 2922 1009 2977 Alii
1037 2935 1186 2979 consuetos.
1205 2951 1240 2966 «-
1277 2926 1410 2982 Indicum.

353 3013 402 3070 Sic
419 3034 515 3069 omnes
532 3014 594 3069 mei.
631 3015 754 3065 tadicum
772 3011 846 3068 alii.“
877 3010 952 3065 ΑΜ.
976 3010 1065 3066 Man·
1105 3010 1137 3066 lu
1161 3010 1212 3065 Ed.
1238 3011 1307 3068 Ven.
1332 3016 1411 3069 1⁵14.

354 3112 395 3157 est
414 3104 553 3158 iudicium.
596 3103 625 3155 ln
645 3120 731 3172 marg.
751 3098 802 3152 Ed.
828 3100 894 3154 Crat
917 3109 957 3152 est
984 3110 1174 3153 consuetos
1198 3118 1309 3171 greges,
1337 3104 1411 3173 quael

350 3191 463 3245 fortasse
482 3210 513 3243 eu
531 3190 618 3261 glossa
638 3188 727 3242 inutili
746 3188 886 3259 confhrtos
905 3185 945 3240 rel
963 3196 1098 3240 consertos
1116 3197 1206 3241 ortum
1225 3198 1271 3241 est.
1308 3187 1367 3244 Mr.

423 3288 550 3331 nocentes
568 3289 597 3330 et
612 3277 769 3347 pecuniosos
786 3276 856 3342 reos]
893 3271 1109 3340 „verr.1tct.l.
1129 3293 1152 3326 c.
1171 3276 1197 3326 1.
1243 3277 1411 3328 Invsteravit

351 3366 423 3420 enirn
445 3367 501 3417 iam
521 3366 609 3435 opinio
634 3364 786 3434 perniciosa
810 3362 891 3431 reip„
918 3359 1044 3431 vobisque
1066 3359 1231 3429 periculosa,
1261 3379 1331 3431 quae
1357 3382 1411 3415 aaa

353 3455 432 3507 ιιιοάο
449 3458 566 3518 Rornae,
594 3454 643 3505 sed
658 3463 687 3505 et
705 3451 781 3521 apud
806 3459 916 3502 exteras
933 3446 1058 3500 amianas
1082 3446 1198 3500 amnium
1216 3463 1333 3498 serranus
1346 3465 1411 3516 per·

351 3542 488 3607 crebruit,
505 3543 550 3595 lsis
567 3540 691 3603 iudiciis,
708 3557 778 3612 quus
796 3556 868 3592 nunc
887 3536 953 3603 sint,
971 3534 1143 3605 pecuniosum
1155 3532 1293 3598 homiuem,
1313 3551 1411 3603 quara-

351 3633 396 3685 ais
414 3630 453 3683 sit
471 3646 581 3693 nocens,
599 3628 727 3680 neminem
744 3645 822 3696 passe
840 3625 972 3680 damnari.
1007 3621 1162 3693 Utrumque
1185 3617 1253 3674 salet
1277 3618 1311 3674 ad
1339 3618 1411 3671 iudi-

352 3736 417 3773 cum
435 3714 629 3786 corruptelam.
673 3714 741 3768 Nam
766 3713 812 3785 qui
830 3712 962 3768 innocens
986 3721 1034 3776 est,
1062 3709 1163 3764 iudices
1187 3727 1242 3763 non
1268 3707 1323 3761 vult
1348 3727 1410 3761 cor·

352 3823 496 3875 rumpere:
516 3803 562 3874 qui
582 3802 744 3875 pecuniosus
763 3821 817 3855 non
839 3811 893 3867 est,
912 3819 968 3853 non
986 3800 1100 3874 potestt‘
1117 3798 1140 3850 F
1148 3816 1188 3851 rc.
1206 3795 1297 3867 Sylr.
1335 3794 1410 3850 Con—

352 3895 409 3947 iert
427 3893 506 3945 etiam
527 3892 610 3962 Borg.
629 3889 687 3945 Cic.
707 3892 765 3951 Act.
785 3891 812 3944 in
832 3888 1018 3955 Verr.l,1(is
1042 3887 1167 3939 Passitns
1190 3886 1267 3937 lsoasa
1291 3902 1410 3936 uacen-

352 3981 517 4034 tissimus
540 3978 915 4049 pecuniosissimusque
938 3973 1087 4029 damaari?
1122 3972 1205 4028 Anu.
1224 3973 1281 4027 Lat.
1300 3971 1344 4036 lll,
1364 3971 1408 4024 tt.

353 4086 380 4139 p.
398 4070 467 4123 518:

428 4156 486 4207 Nec
503 4154 559 4206 iura
576 4153 706 4210 divitibus
724 4153 827 4208 tollunt
844 4170 897 4205 sua
915 4151 1028 4203 crimina
1045 4149 1137 4202 numi:

462 4242 519 4294 Sed
535 4260 602 4312 quos
620 4242 663 4293 lex
684 4242 811 4305 damnat,
828 4240 925 4312 gratia
950 4238 1030 4292 soluit
1051 4255 1139 4307 opum.
1174 4233 1233 4286 Mr.

425 4330 516 4382 eodem
527 4340 554 4382 ts
571 4330 693 4397 auctore]
712 4328 780 4383 cod.
794 4333 885 4383 Crat.
903 4326 958 4380 vel
975 4327 1071 4390 cadesa,
1090 4321 1203 4378 orata,
1222 4334 1300 4370 esse·
1314 4315 1409 4380 eodem

352 4421 452 4473 omum
463 4429 499 4482 te,
518 4417 590 4488 quod
604 4417 693 4471 omisit
702 4418 791 4482 etism,
810 4436 872 4472 cum
884 4414 1025 4480 Lambino,
1042 4412 1092 4465 Eu.
1105 4408 1217 4463 colon„
1236 4405 1290 4458 Pro
1300 4411 1410 4455 auctare

354 4518 392 4561 est
403 4516 497 4559 actore
506 4504 534 4558 in
552 4503 602 4559 Ed.
613 4523 672 4577 pro.
683 4504 756 4577 Mag.
768 4508 847 4559 taus.
862 4515 892 4564 st
905 4523 957 4557 rar.
971 4504 1062 4573 Magn.
1072 4501 1190 4568 itemque
1204 4493 1233 4549 in
1242 4490 1310 4548 cod.
1319 4487 1370 4543 Os·
1380 4505 1410 4550 u.

1136 4586 1183 4660 19
