3517 5450
361 685 407 755 10
691 709 862 757 rtrsnoxs
890 707 1084 756 sroreasuu.

358 889 434 940 posse
453 869 582 936 videatur,
600 867 628 921 in
647 868 696 921 Or.
714 887 764 940 pro
779 867 871 920 Caelio
891 870 934 932 11,
954 871 1004 921 4⁰:
1021 868 1134 918 chartae
1153 886 1267 938 quoque,
1285 886 1352 940 quae
1369 866 1398 917 il-

357 963 412 1013 lam
426 959 572 1029 pristinam
589 957 759 1009 seueritatem
776 957 963 1019 continebant,
989 955 1189 1014 obsoleveruntr
1217 973 1303 1026 neque
1321 954 1397 1006 solum

357 1049 433 1118 apud
449 1067 511 1110 nos,
538 1046 585 1117 qui
605 1047 676 1096 hanc
701 1054 830 1096 sectam
849 1043 1032 1114 rationemque
1056 1042 1129 1094 vitae
1146 1071 1181 1080 —-
1199 1043 1289 1093 secuti
1306 1062 1397 1104 sumus,

356 1136 499 1187 sedetiam
517 1133 594 1202 apud
612 1135 740 1196 Graecos,
766 1160 800 1170 —
829 1129 980 1203 quibus-
997 1129 1111 1182 seribere
1129 1131 1239 1183 honeste
1256 1141 1284 1183 et
1303 1133 1397 1201 magri-

350 1223 406 1291 fice
424 1221 529 1274 licebat.
541 1249 577 1260 -
596 1221 667 1273 Alibi
687 1219 855 1288 disciplinam
873 1218 948 1283 dicit,
968 1237 1048 1289 quom
1064 1217 1091 1271 h.
1104 1217 1121 1271 1.
1137 1216 1272 1285 haeresin,
1289 1229 1321 1272 ut
1332 1218 1396 1272 Brut.

357 1328 379 1363 c.
395 1313 446 1374 303
465 1309 526 1362 atibi
541 1309 691 1380 familiam,
709 1319 739 1361 ut
757 1307 790 1359 de
808 1307 859 1360 Or.
878 1308 899 1372 Ι,
919 1308 967 1368 16,
986 1306 1021 1359 de
1038 1305 1098 1359 Dis.
1116 1307 1149 1370 ΙΙ,
1169 1309 1197 1370 1,
1216 1309 1248 1359 3:
1267 1292 1396 1374 Peripate-

356 1399 468 1449 ticorum
481 1397 605 1468 familia.
618 1425 652 1436 --
671 1396 700 1448 ln
715 1415 790 1466 seqq.
808 1395 895 1446 ullum
914 1412 963 1463 pro
979 1393 1084 1445 nullum
1097 1404 1134 1447 est
1147 1395 1175 1446 in
1189 1391 1249 1445 Cri.
1264 1397 1289 1446 2.
1320 1393 1395 1468 ‘Quod

355 1486 381 1540 h.
401 1485 418 1538 1.
443 1486 576 1555 florem
601 1484 731 1536 orationis
756 1484 834 1548 dicit,
861 1480 927 1535 alibi
951 1481 1015 1536 dixit
1032 1492 1174 1545 ornatum,
1200 1500 1225 1533 vs
1241 1501 1267 1535 c.
1291 1480 1340 1534 Or.
1357 1485 1395 1542 21;

356 1573 431 1626 Brut.
442 1576 494 1635 193
513 1571 563 1624 Or.
581 1575 628 1635 3⁹;
647 1572 691 1625 sed
705 1575 790 1642 flores
809 1570 947 1633 orationis,
967 1588 1034 1640 quos
1052 1569 1115 1622 alibi
1134 1569 1199 1622 dicit
1216 1571 1328 1633 lumina¹
1346 1568 1396 1621 disit

355 1659 389 1711 de
408 1660 458 1712 Or.
479 1663 526 1726 ΙΙΙ,
547 1663 590 1726 35,
610 1663 659 1724 96;
682 1662 778 1729 florem
795 1669 823 1710 et
842 1659 930 1710 lumen
947 1658 1078 1732 orationis
1096 1657 1124 1709 in
1143 1654 1230 1710 Bruto
1250 1660 1296 1722 11,
1315 1660 1356 1711 66.
1376 1666 1395 1709 et

356 1751 399 1812 66,
420 1751 481 1802 233.
503 1747 553 1800 Or.
574 1752 616 1812 27,
635 1751 684 1802 illi:
712 1759 752 1799 est
771 1748 854 1799 etiam
872 1746 1006 1818 quoddam
1024 1745 1129 1816 insigne
1146 1755 1173 1795 et
1184 1747 1290 1814 florens
1307 1745 1394 1796 oratio

356 1839 405 1898 nis,
420 1836 525 1905 pictum
543 1847 571 1888 et
587 1836 735 1904 expolitum
751 1853 845 1907 genus,
862 1835 892 1887 in
909 1842 962 1905 qu'o
980 1851 1068 1890 omnes
1084 1834 1230 1898 verborum.
1248 1853 1394 1887 omnessen-

356 1926 505 1975 tentiorum
529 1925 674 1996 illigantur
699 1924 808 1993 lepores.
854 1927 914 1974 Hoc
939 1932 1027 1974 totum
1047 1941 1061 1972 e
1079 1922 1263 1991 sophistarum
1284 1922 1392 1992 fontibus

356 2012 468 2081 defluxit
487 2013 516 2064 in
528 2013 641 2084 forum,
661 2013 710 2064 sed
726 2022 847 2081 spretum
865 2029 884 2060 a
901 2009 1061 2067 subtilibus,
1081 2010 1218 2079 repulsum
1234 2029 1253 2060 a
1269 2008 1391 2081 gravibus,

250 2182 252 2187 Ι
355 2100 402 2152 rel.
437 2099 497 2154 ΜΓ.

429 2191 521 2259 Neque
540 2189 640 2238 dilatat
661 2188 861 2259 argumentum]
892 2185 1047 2251 „Dilatetur
1064 2195 1255 2254 argumentum
1275 2184 1356 2236 tribus
1368 2183 1389 2232 il·

355 2275 387 2327 lis
405 2275 573 2345 eloquentiae
591 2274 701 2339 officiis,
728 2274 916 2346 perspicuitate
934 2273 967 2324 uel
988 2271 1209 2342 intelligendum,
1231 2271 1354 2324 suavitate
1368 2267 1390 2322 sd

356 2362 558 2427 delectandum,
584 2363 711 2432 gravitate
731 2364 763 2415 sd
785 2362 1039 2415 comnsnvendurn.“
1063 2361 1169 2430 Wyst.
1206 2359 1248 2411 Ad
1270 2359 1345 2411 rerba
1361 2356 1372 2407 1
1381 2385 1390 2394 ·

355 2450 400 2514 cit,
419 2450 493 2522 quod
512 2462 550 2504 est
567 2450 600 2503 de
620 2451 670 2503 Or.
690 2454 710 2516 Ι,
725 2455 850 2514 35‚163:
870 2451 978 2519 persice,
997 2460 1029 2500 ut
1050 2453 1163 2499 Crassus
1182 2447 1259 2508 haec,
1278 2465 1343 2518 quae
1358 2464 1389 2495 co-

356 2539 475 2589 arctavit
494 2549 521 2588 et
537 2550 703 2610 peranguste
722 2541 831 2610 refersit
849 2541 876 2591 in
896 2538 1095 2599 nationesne,
1115 2535 1250 2586 dilatet
1270 2533 1342 2586 nohis
1356 2543 1388 2581 at·

355 2647 406 2698 que
423 2627 536 2696 explicet
544 2648 554 2689 ‚·
585 2628 711 2694 adrem,
738 2629 772 2680 de
791 2627 871 2679 Finn.
892 2627 938 2691 lV,
958 2629 987 2678 3:
1015 2641 1177 2695 quamquam
1196 2623 1305 2691 scripsit
1322 2630 1387 2671 artem

355 2716 516 2767 rhetoricam
535 2716 688 2781 Cleanthes,
708 2717 874 2785 Chrysippus
893 2715 986 2776 etiam,
1004 2711 1052 2763 sed
1069 2712 1119 2774 sic,
1138 2719 1178 2773 ut,
1194 2711 1219 2761 si
1238 2710 1299 2779 quis
1316 2707 1386 2760 obinu-

357 2813 455 2855 tescere
473 2805 644 2873 concupierit,
661 2804 732 2855 nihil
749 2804 827 2854 aliud
844 2803 931 2873 legere
950 2800 1053 2852 debeat.
1089 2799 1165 2851 Brut.
1176 2800 1220 2862 31,
1235 2800 1302 2851 118:
1320 2809 1386 2847 onnes

349 2893 413 2962 sere
437 2892 521 2943 Stoici
542 2892 749 2959 prudentissimi
774 2892 802 2943 in
828 2890 980 2943 disserendo
1002 2897 1084 2950 sunt,
1107 2897 1134 2937 et
1159 2887 1189 2937 irl
1206 2896 1267 2936 arte
1283 2883 1385 2955 sariunt.

355 2989 472 3051 suntque
493 2979 635 3031 architecti
656 2998 743 3049 paene
767 2979 922 3032 verborum:
949 2977 1028 3029 iidem
1052 2974 1175 3027 traducti
1199 2992 1218 3023 a
1244 2967 1385 3041 disputandi

355 3066 393 3114 od
411 3066 549 3117 dicendum
566 3067 657 3135 inopes
677 3067 857 3136 reperiuntur.
897 3068 986 3122 Unum
1010 3063 1112 3132 excipio
1135 3066 1277 3125 Catonem,
1302 3062 1329 3111 in
1349 3073 1385 3128 quu

353 3152 549 3223 perfectissimo
567 3155 655 3205 Stoico
673 3173 802 3205 summum
820 3154 999 3226 eloquentiam
1018 3171 1070 3204 non
1089 3151 1241 3203 desiderem.
1278 3149 1308 3201 M
1316 3169 1335 3201 r.

427 3238 482 3290 Sed
498 3243 620 3309 minutis]
647 3242 719 3308 „Sed
737 3242 809 3294 abest
827 3262 843 3292 a
862 3242 998 3312 quinque,
1025 3239 1053 3293 in
1079 3259 1196 3310 quorum
1220 3240 1306 3293 tribus
1328 3235 1383 3290 atti·

355 3332 441 3381 tum.“
470 3330 500 3381 A.
523 3329 651 3383 titanus.
695 3331 797 3397 „Abest
816 3331 863 3381 sed
881 3350 895 3382 a
914 3329 970 3381 Pal.
989 3347 1041 3381 sec.
1059 3339 1117 3381 tert.
1138 3328 1207 3379 Vict.
1226 3338 1252 3382 et
1275 3326 1333 3380 Aldi
1351 3339 1384 3374 nt·

355 3417 424 3488 potis
441 3417 522 3471 MSS.
539 3438 652 3472 novem:
681 3439 769 3491 neque
793 3439 825 3472 eo
852 3438 921 3488 opus
945 3420 1010 3469 est.“
1036 3415 1135 3469 Grut.
1171 3413 1268 3467 Paullo
1286 3412 1385 3485 superus

354 3506 421 3559 cod.
439 3506 510 3559 Gud.
530 3508 562 3560 A.
586 3509 667 3560 verbo
693 3508 795 3560 dilatat
814 3506 1023 3577 superscriptam
1049 3506 1128 3557 habet
1147 3502 1277 3574 glossam:
1302 3495 1384 3554 ornati·

355 3592 403 3643 bus
427 3593 571 3646 verborum.
606 3595 691 3647 {labes
716 3597 764 3647 sed
790 3595 875 3649 Codd.
901 3594 968 3647 Osi.
991 3596 1011 3647 Ι.
1032 3593 1065 3645 N.
1085 3591 1119 3645 U.
1137 3608 1166 3653 ψ.
1194 3593 1280 3657 (unus
1302 3602 1383 3643 corum»

356 3676 423 3731 cod.
442 3697 475 3743 σ.,
494 3700 543 3749 pro
563 3682 644 3733 verbo
663 3702 746 3753 neque
765 3682 844 3735 habet
863 3702 933 3753 quae
951 3682 1086 3746 nullurn);
1111 3680 1244 3733 accedunt
1264 3679 1321 3733 Cri.
1334 3681 1353 3729 t.
1366 3674 1382 3723 3-

355 3765 434 3819 Drsd.
454 3769 480 3819 1.
501 3772 524 3820 2.
543 3771 568 3823 3.
589 3772 614 3821 5.
634 3768 742 3824 Suerin.
761 3772 821 3825 Bas.
839 3771 889 3824 Ed.
911 3768 1206 3841 prc.Mogunt.1⁴165,
1227 3779 1330 3822 nostrae
1346 3762 1383 3813 Vt·

355 3864 433 3907 netae
452 3857 534 3909 1492.
548 3859 641 3922 1514.,
667 3858 716 3913 Ed.
735 3879 755 3912 s.
774 3860 791 3911 Ι.
811 3873 837 3913 ct
855 3880 879 3913 a.
898 3880 941 3929 ap.
958 3857 1086 3920 Meusel.,·
1105 3857 1164 3908 Asc.
1183 3858 1208 3909 1.
1228 3856 1310 3909 Poris.
1327 3852 1383 3905 1512·

356 3942 663 4013 1543..Argenr.1515.
700 3945 751 4000 Ed.
770 3947 841 4002 Bibl.
857 3946 954 4015 Hdlbg.
972 3966 991 3998 s.
1006 3943 1024 3999 Ι.
1042 3955 1068 3997 et
1085 3964 1109 3997 a.
1128 3944 1210 3997 Paris.
1222 3947 1301 3998 tsm.
1320 3935 1382 4006 Lugt·

356 4029 434 4081 1515.
472 4028 584 4084 Aldinae
604 4044 656 4086 tres
673 4046 780 4088 nostrae
788 4074 800 4100 ,,
815 4034 888 4087 Hier.
904 4033 989 4087 Wott.
1007 4032 1079 4086 Crat.
1093 4032 1186 4084 Heres.
1204 4031 1282 4086 Cam.
1299 4042 1382 4083 omnes

356 4136 408 4187 que
421 4128 489 4186 reth,
508 4130 614 4190 praeter
631 4121 710 4175 Grut.
730 4122 826 4177 Graes.
845 4123 933 4176 Gron.
952 4123 1016 4175 Ern.
1033 4122 1113 4176 Verb.
1132 4120 1203 4175 Ol'is.
1220 4119 1305 4174 Schts.
1321 4119 1380 4178 Bon·

355 4206 414 4277 Bip.
450 4206 575 4260 Ceterum
594 4209 734 4265 beennon
753 4211 787 4265 'od
803 4212 945 4279 Catonem,
964 4210 1008 4263 sed
1027 4208 1180 4263 ad'Stoicos
1194 4229 1251 4261 esse
1265 4197 1380 4261 relereatl2

356 4315 414 4348 rere
426 4297 532 4349 monuit
545 4297 630 4367 Wyu.
649 4298 676 4350 in
691 4297 806 4353 scholis:
826 4300 898 4353 idem
912 4299 974 4353 lecit
991 4296 1093 4351 Gernh.
1109 4296 1277 4367 Borgemius,
1294 4295 1335 4366 qui
1349 4281 1382 4339 sul

356 4384 388 4435 ab
408 4404 463 4438 uno
483 4386 613 4440 Vossiano
632 4388 723 4440 abesse
742 4389 859 4455 vidisset,
881 4388 990 4453 obiecit,
1018 4406 1080 4442 cum
1100 4387 1147 4450 iis,
1166 4406 1234 4456 quas
1253 4385 1316 4450 dixi,
1332 4371 1380 4433 Edi·

356 4470 409 4523 Pro
435 4475 544 4528 minutis
570 4476 598 4529 in
623 4473 691 4529 cod.
715 4477 810 4531 Duish.
835 4489 874 4532 est
891 4478 1021 4539 minimis,
1047 4476 1074 4529 in
1101 4492 1185 4545 marg.
1210 4474 1245 4527 al.
1269 4462 1381 4525 tremitis«
1425 4516 1429 4553 q
