3517 5450
353 694 428 769 360
772 715 933 763 excussus
962 716 995 760 x.

354 882 402 935 sed
419 891 510 932 tamen
528 879 598 930 servi
616 877 747 930 atrienses
766 887 831 929 actu
849 877 912 947 pari
937 876 1016 927 stult.
1037 891 1103 926 suae
1121 882 1203 937 sunt,
1231 887 1299 943 quos
1322 871 1403 942 signa,

355 989 421 1042 quos
440 965 552 1019 tabulae
569 978 619 1022 etc.

426 1070 549 1142 Herwag.
592 1073 687 1143 Atque
712 1100 746 1111 —
770 1071 842 1141 farn.
868 1069 1015 1120 stultorum
1034 1086 1056 1120 s.
1086 1065 1124 1119 al.
1149 1064 1222 1117 laut.
1247 1073 1281 1115 ut
1309 1081 1331 1115 s.
1356 1062 1404 1116 uid.

353 1159 436 1224 servi,
456 1177 478 1211 s.
496 1168 518 1211 t.
535 1177 558 1211 s.
578 1159 722 1223 atrienses,
748 1168 812 1209 actu
831 1157 894 1225 pari
917 1156 996 1210 stult.
1025 1164 1106 1219 sunt,
1133 1170 1201 1224 quos
1226 1151 1318 1222 signa.
1364 1148 1405 1202 sic

355 1247 432 1300 etism
452 1244 557 1299 Camer.
576 1245 622 1299 sed
640 1246 737 1300 omisso
755 1255 787 1297 ιιι
808 1255 868 1315 post
886 1253 979 1315 atque.

427 1365 495 1421 Edd.
514 1366 675 1423 Atd.151¹t.
694 1372 773 1424 1552.
791 1367 904 1420 Lambb.
926 1363 1007 1418 Goth.
1025 1362 1127 1416 Sturm.

427 1472 522 1544 Atque
541 1482 573 1523 ut
597 1471 627 1523 in
645 1490 744 1543 magna
767 1470 880 1541 familia
907 1469 1102 1522 stultorum
1119 1475 1186 1520 sunt
1205 1466 1245 1519 al.
1269 1465 1356 1529 iaut.‚
1380 1475 1407 1516 ιιι

354 1558 405 1611 sibi
423 1560 562 1621 videntur,
582 1560 665 1624 servi,
690 1561 749 1611 sed
766 1570 856 1610 tamen
876 1559 947 1610 servi
964 1558 1110 1620 atrienses,
1142 1571 1182 1604 aa
1201 1562 1240 1605 ιιι
1258 1553 1325 1623 pari
1342 1551 1406 1604 stul·

355 1647 435 1712 titia,
455 1665 520 1717 quos
539 1646 633 1716 signa,
653 1667 720 1718 quos
737 1645 848 1697 tabulae
866 1657 916 1699 ete.

426 1751 476 1804 Ed.
494 1750 556 1804 Par.
575 1753 659 1806 1543:

425 1840 519 1910 Atque
537 1848 570 1889 ut
588 1839 617 1890 in
634 1856 733 1909 magua
748 1838 819 1910 fam.
838 1837 925 1890 stult„
943 1845 1007 1886 sunt
1026 1832 1076 1884 aiii
1092 1833 1163 1884 laut.
1182 1840 1230 1898 (ut
1249 1829 1304 1881 sibi
1321 1828 1405 1880 uiden-

355 1928 415 1990 tur)
433 1926 543 1990 servi,
568 1926 616 1977 sed
640 1935 730 1978 tamen
748 1925 855 1989 servi,
881 1923 1040 1984 Atrienses,
1065 1939 1098 1971 ae
1123 1929 1172 1970 tu:
1199 1916 1266 1988 pari
1289 1914 1406 1968 stultitia

355 2013 450 2064 servi
469 2023 535 2065 sunt
554 2032 620 2084 quos
638 2014 733 2085 signa,
753 2033 820 2086 quos
839 2011 965 2068 tabulae,
985 2029 1050 2080 quas
1069 2007 1207 2060 caelatum
1225 2023 1287 2078 arg.
1307 2014 1359 2058 etc.

426 2130 492 2184 Edd.
512 2132 572 2185 Aid.
592 2137 670 2188 1548.
689 2133 767 2190 ΒοιιΙ.
788 2133 915 2189 Cratand.

426 2220 520 2290 Atque
539 2250 573 2260 —
591 2222 752 2288 stultarum,
777 2235 842 2275 sunt
860 2222 911 2274 aiii
932 2222 1003 2272 iaut.
1025 2222 1072 2283 (ut
1090 2217 1141 2270 sibi
1159 2215 1229 2284 vid.)
1249 2216 1337 2280 servi,
1367 2214 1407 2266 sed

356 2316 445 2357 tamen
462 2308 541 2359 servi.
566 2309 708 2361 Atrienses
726 2329 759 2361 ac
777 2321 824 2377 tu,
842 2311 905 2381 pari
922 2308 1045 2362 stultitia
1063 2315 1164 2367 sunt,
1183 2321 1251 2376 quas
1270 2313 1322 2356 etc.

426 2409 475 2464 Ed.
495 2410 564 2464 Aud.
582 2412 689 2466 Talaei:

429 2499 538 2570 Atque,
563 2502 643 2553 utin
669 2520 768 2573 magna
782 2503 911 2572 familia,
938 2511 1003 2555 sunt
1022 2499 1072 2550 alii
1089 2497 1178 2560 Iaut.,
1207 2497 1255 2560 (ut
1273 2494 1327 2546 sibi
1347 2495 1406 2560 vid.)

356 2587 434 2653 servi,
453 2587 501 2639 sed
517 2599 607 2640 tannen
622 2589 692 2641 servi
709 2589 841 2642 atrienses
858 2607 892 2641 ac
910 2599 942 2641 tu
959 2588 1022 2659 pari
1040 2584 1164 2637 stultitia
1185 2592 1262 2646 sunt,
1280 2602 1350 2654 quos
1361 2592 1405 2634 etc.

426 2707 494 2761 Edd.
512 2708 604 2762 Lamb.
624 2707 720 2765 Coton.
738 2710 769 2765 fl.
789 2711 876 2766 Wolf.
897 2722 922 2765 et
942 2728 1024 2779 marg.
1046 2706 1114 2760 And.
1133 2704 1192 2761 Tat.

428 2800 522 2871 Atque
541 2827 575 2837 -
588 2799 704 2868 familia
723 2810 787 2851 sunt
806 2799 856 2850 aiii
874 2800 959 2862 laut.,
979 2808 1011 2848 ut
1029 2794 1081 2847 sibi
1098 2794 1245 2850 vitientur,
1264 2795 1345 2859 servi,
1364 2794 1406 2845 sed

357 2887 533 2951 tamenservi,
546 2896 578 2936 ut
589 2886 737 2938 atrienses:
755 2887 805 2937 alii
822 2887 1001 2957 inferiore
1020 2884 1112 2945 ioca,
1130 2892 1170 2933 ut
1189 2880 1409 2932 mediastini:

357 2972 525 3025 sicstulti
543 2973 673 3043 quidem
692 2994 815 3040 omnes,
844 2985 881 3026 ut
908 2986 954 3039 tu,
978 2990 1084 3043 pares
1111 2970 1203 3021 inter
1229 2986 1263 3019 se
1288 2969 1410 3020 stulti-

357 3059 409 3110 tia
426 3068 521 3121 sunt,
542 3059 591 3109 sed
604 3060 689 3112 maior
705 3080 796 3113 eorum
815 3062 939 3113 stultitia
958 3072 1014 3127 est,
1035 3076 1100 3132 quos
1119 3057 1213 3128 signa,
1233 3067 1285 3109 etc.

431 3178 481 3232 Ed.
500 3177 695 3250 Syiburgianas

431 3267 524 3337 Atque
545 3276 618 3317 ut—
623 3268 738 3339 familia
757 3269 912 3334 stultarum,
933 3280 996 3321 sunt
1008 3269 1057 3320 alii
1074 3268 1145 3320 laut.
1158 3278 1191 3319 ut
1204 3267 1258 3321 sibi
1276 3269 1332 3321 vid.
1340 3269 1410 3329 servi,

359 3355 406 3406 sed
423 3363 512 3405 tamen
530 3356 613 3419 servi,
644 3357 789 3423 atrienses,
819 3376 856 3408 ac
875 3357 1046 3427 topiarii,
1075 3356 1213 3407 stultitiae
1242 3375 1327 3423 suae,
1352 3374 1410 3427 quas

358 3442 437 3512 signa
455 3453 505 3496 etc.

428 3545 494 3598 Edd.
517 3546 595 3601 Grut.
612 3548 718 3603 Schrev.
736 3548 880 3603 Gronovii:

428 3636 522 3706 Atque
541 3646 573 3686 ut
591 3637 619 3688 in
638 3657 671 3691 m.
690 3639 838 3690 stultarum
853 3639 966 3708 familia
985 3648 1051 3689 sunt
1070 3636 1119 3687 alii
1138 3638 1210 3689 laut.
1231 3639 1278 3700 (ut
1307 3638 1358 3691 sibi
1377 3639 1412 3689 vi-

359 3721 469 3786 dentur)
489 3723 574 3787 servi,
591 3724 639 3775 sed
656 3734 746 3777 tamen
764 3726 842 3789 servi,
860 3726 992 3777 atrienses
1006 3743 1039 3775 aa
1053 3724 1166 3794 topiarii
1180 3725 1325 3778 stultitiae
1335 3745 1411 3779 suae:

359 3828 425 3878 quas
443 3809 522 3880 signa
541 3837 576 3849 -
595 3822 645 3865 etc.

430 3912 497 3966 Edd.
515 3913 610 3969 Graes.
628 3918 709 3970 Verb.
731 3917 828 3973 Olivet.
846 3920 912 3972 Ern.
931 3919 1009 3973 Face.
1028 3919 1110 3989 Borg.
1129 3917 1245 3970 Nobbii:

429 4002 523 4072 Atque
542 4012 574 4053 ut
592 4004 621 4055 in
645 4023 745 4076 magna
757 4007 832 4076 sam.
849 4017 913 4058 sunt
933 4006 982 4057 aiii
1000 4007 1090 4072 lauh,
1124 4017 1156 4056 ut
1174 4004 1227 4057 sibi
1245 4006 1321 4072 vid„
1340 4006 1412 4068 servi,

358 4087 405 4137 sed
421 4096 509 4138 tamen
535 4089 621 4155 servi,
646 4092 776 4145 atrienses
795 4112 827 4144 ac
846 4094 972 4162 topiarii:
997 4094 1061 4162 pari
1087 4092 1217 4145 stultitia
1243 4105 1328 4162 sunt,
1353 4112 1413 4166 quus

358 4191 436 4243 signa
456 4186 505 4227 etc.

429 4296 457 4347 in
478 4297 655 4351 diiudicandis
673 4299 789 4353 virorum
809 4302 963 4355 criticorum
981 4304 1033 4355 sive
1051 4303 1189 4356 sententiis
1207 4304 1262 4357 sive
1277 4325 1414 4359 commen-

359 4382 389 4433 tis
408 4382 498 4451 paucis
508 4383 616 4455 defungi
636 4385 732 4439 iicebit.
769 4388 817 4440 Vix
829 4402 867 4443 est
879 4391 1088 4462 quoddieamus‚
1109 4391 1216 4462 placere
1229 4413 1308 4464 posse
1319 4394 1414 4449 nemini

358 4469 486 4521 rationem
503 4471 676 4539 Victorii,
695 4474 906 4546 camerarii,
925 4480 1061 4551 langii,
1082 4492 1110 4533 ιιι
1125 4481 1337 4552 mirerisetiam,
1352 4484 1416 4536 viras
