3517 5450
661 714 856 762 eanaooxou
882 717 904 762 ι.
946 715 1015 764 car.
1035 719 1057 764 t.
1344 695 1393 770 39

346 872 386 925 Οι.
403 871 432 922 Ε.
452 870 536 925 babet
553 874 709 936 cruciatum·
728 875 786 929 Cra.
804 879 830 930 3.
848 875 1009 926 admittendi
1026 894 1076 944 pro
1095 875 1244 928 arruttendi.
1279 876 1358 930 Drsd.
1368 883 1393 931 4.

346 957 434 1011 omittit
451 960 544 1011 etiam.
583 960 624 1013 Ad
643 981 720 1015 usum
737 962 906 1034 pronominis
924 963 984 1034 qui,
1003 962 1048 1032 qui
1067 962 1093 1015 b.
1112 962 1129 1014 1.
1147 963 1263 1030 obtinet,
1283 984 1393 1036 compa-

345 1055 380 1097 rat
396 1043 480 1114 Borg.
499 1043 558 1099 Cic.
576 1045 608 1099 de
629 1050 710 1120 Legg.
730 1049 762 1115 ll,
782 1052 825 1115 11,
845 1052 892 1102 ²8:
922 1060 969 1112 ut,
994 1049 1062 1100 itta
1088 1050 1147 1120 qui
1170 1051 1341 1117 babeant,
1358 1081 1393 1092 -

342 1141 444 1200 patent,
464 1133 512 1185 ubi
529 1152 578 1187 cur
592 1133 734 1188 Goerenaii
752 1148 778 1188 et
797 1146 915 1188 nostram
935 1146 1026 1188 annot.
1045 1134 1164 1190 laudaret
1178 1137 1207 1190 B.
1227 1139 1299 1192 nullu
1315 1138 1394 1210 plane

344 1229 396 1272 erat
417 1237 513 1286 causa,
544 1240 605 1273 eum
630 1222 681 1274 alia
703 1222 736 1275 sit
759 1219 795 1274 ibi
818 1221 966 1274 annotandi
984 1240 1076 1288 eausa,
1105 1241 1186 1293 quam
1205 1235 1297 1279 nostro
1315 1225 1393 1291 loco;

343 1305 373 1359 de
390 1305 441 1359 Or.
463 1310 496 1372 ll,
516 1311 566 1360 rt:
584 1319 668 1380 atque
686 1310 761 1361 ista
780 1309 897 1380 -qui
917 1308 1050 1361 docent.
1086 1307 1145 1363 ΜΓ.

409 1398 444 1445 Iu
471 1414 524 1465 quo
548 1396 669 1466 equidem
694 1425 728 1436 -
754 1397 884 1448 isiciorum
909 1407 1061 1448 nostrorum
1085 1398 1131 1463 -]
1160 1397 1268 1468 Legitur
1291 1397 1320 1449 in
1340 1417 1393 1468 quo

343 1481 399 1552 qui
406 1481 477 1532 dem
495 1481 523 1534 in
543 1480 628 1536 Codd.
648 1482 705 1536 Cra.
721 1488 747 1538 1.
766 1491 791 1539 2.
810 1484 890 1536 Drsd.
904 1487 930 1538 1.
947 1486 973 1537 3.
992 1486 1019 1536 4.
1039 1482 1109 1536 Gud.
1123 1482 1152 1536 C.
1171 1483 1203 1536 A.
1222 1483 1290 1537 Edd.
1308 1483 1393 1554 bugd.

343 1570 419 1622 1515.
439 1567 505 1638 Arg.
524 1572 605 1623 1515.
640 1571 732 1642 Pergit
750 1570 800 1624 01.
821 1587 850 1633 ψ.
872 1571 1226 1624 convenientissimorum.
1262 1571 1294 1624 ln
1313 1572 1392 1625 Drsd.

344 1656 368 1708 3.
390 1655 517 1709 scribitur
534 1668 684 1709 nostrorum
707 1660 851 1723 maiorum,
880 1659 908 1711 in
930 1658 1010 1711 Drsd.
1030 1661 1054 1711 4.
1073 1658 1146 1711 deest
1165 1659 1302 1712 maiorum.
1338 1659 1393 1714 Pro

344 1761 419 1810 saepe
438 1755 477 1797 est
495 1763 596 1813 semper
621 1745 648 1797 in
674 1756 735 1799 octo
762 1743 848 1799 Codd.
875 1745 936 1798 Atd.
953 1745 1057 1798 blanut.
1082 1744 1147 1798 Oxi.
1167 1744 1198 1799 E.
1218 1745 1237 1800 l.
1259 1744 1291 1798 N.
1311 1745 1345 1799 U.
1364 1765 1393 1808 ψ.

344 1828 411 1884 Gud.
434 1830 466 1884 C.
493 1831 600 1884 Suerin.
625 1834 653 1901 (a
674 1852 713 1903 pr.
733 1852 781 1898 m.;
809 1852 891 1903 supra
908 1832 955 1885 lin.
974 1832 1066 1901 saepe)
1090 1831 1169 1884 Drsd.
1188 1834 1213 1884 4.
1251 1830 1315 1885 Eius
1333 1831 1392 1887 loco

345 1914 399 1970 Cra.
418 1921 445 1971 1.
466 1918 657 1989 compendium
676 1919 771 1986 babet,
798 1920 871 1992 quod
889 1919 979 1990 legere
997 1918 1087 1995 possis·
1102 1917 1140 1970 rel
1159 1936 1242 1986 prope
1268 1917 1307 1968 rel
1328 1936 1393 1986 pro-

342 2008 441 2074 priam,
470 2025 589 2077 quorum
613 2008 805 2061 vocabulorum
832 2008 871 2061 vel
892 2026 978 2060 unum
997 2006 1036 2058 rel
1054 2004 1166 2059 alterum
1187 2006 1295 2056 fortasse
1313 2004 1392 2057 alicui

345 2111 396 2144 uon
416 2092 564 2162 displiceat.
600 2093 727 2148 Ceterum
754 2114 804 2165 pro
829 2094 964 2146 danninum
989 2091 1057 2146 Cod.
1076 2091 1127 2146 Or.
1145 2109 1175 2152 ψ.
1195 2091 1317 2144 lacunam
1344 2091 1392 2144 ba-

345 2179 400 2242 bet,
428 2201 486 2252 quo
510 2181 571 2235 loco
597 2182 708 2235 tortasse
734 2180 834 2235 codicis
857 2181 972 2250 scriptor
996 2180 1132 2233 dubitabat
1154 2179 1186 2230 de
1209 2177 1323 2248 legendo
1344 2177 1393 2231 ali·

345 2287 396 2338 quo
414 2270 592 2339 compendio,
619 2281 649 2322 ut
667 2270 748 2322 modo
768 2288 817 2322 nos
836 2268 864 2321 in
883 2266 951 2321 Cod.
971 2267 1031 2321 cn.
1049 2270 1074 2319 1.
1110 2265 1216 2320 liabent
1234 2264 1299 2319 Otr.
1317 2264 1348 2317 Ε.
1368 2285 1392 2333 η.

345 2355 556 2426 maiorumque,
582 2356 633 2408 Or.
654 2355 685 2408 N.
704 2357 777 2428 quod
795 2374 844 2427 pro
864 2357 927 2426 qui:
956 2355 1028 2426 quod
1053 2366 1091 2409 est
1110 2353 1148 2406 rel
1167 2353 1318 2425 glossatoris
1341 2353 1393 2406 sive

345 2441 504 2513 interpretis,
523 2443 562 2495 vel
581 2446 747 2499 correctoris.
786 2442 867 2511 Quod
888 2443 912 2496 b.
932 2443 949 2495 Ι.
971 2444 1088 2513 requiro,
1104 2440 1168 2495 alibi
1187 2441 1251 2496 dicit
1267 2442 1393 2498 desidero,

347 2541 373 2585 ut
386 2530 453 2582 locis
468 2549 483 2580 a
499 2529 580 2601 Rorg.
595 2531 715 2599 laudatis,
734 2531 811 2585 Orat.
826 2535 859 2584 1:
878 2530 1025 2582 desiderari
1041 2549 1059 2580 a
1077 2540 1104 2580 te
1117 2529 1290 2598 prudentiam
1303 2544 1393 2591 meam,

346 2628 369 2669 et
384 2636 434 2688 pro
447 2616 505 2687 big.
517 2621 550 2669 4:
572 2618 681 2683 Tubero,
699 2619 780 2671 etiarn
799 2628 885 2676 tuam,
903 2617 950 2669 sed
967 2616 1051 2668 multo
1070 2616 1156 2686 tnagis
1172 2617 1262 2684 patris
1274 2614 1317 2666 tui
1326 2633 1394 2683 pru·

346 2704 462 2755 dentiam
481 2705 608 2759 desidero.
642 2706 694 2760 Sed
721 2706 872 2778 requirendi
898 2705 977 2759 etiam
1001 2704 1082 2759 verbo
1108 2703 1170 2757 alibi
1195 2703 1233 2758 sic
1259 2721 1320 2756 usus
1346 2710 1394 2767 est,

346 2793 422 2847 veluti
441 2793 475 2846 de
493 2792 558 2846 Sen.
577 2797 629 2847 10:
648 2800 704 2847 Isto
723 2794 789 2846 bono
808 2803 905 2858 utare,
924 2793 986 2846 dum
1006 2794 1080 2845 adsit
1087 2813 1097 2853 ‚-
1117 2809 1176 2843 curn
1194 2790 1281 2853 absit,
1296 2807 1328 2841 ne
1346 2806 1394 2839 re-

345 2882 468 2952 quiras
478 2903 485 2931 :
505 2881 558 2933 nisi
572 2882 648 2953 forte
663 2883 844 2935 adolescentes
857 2882 1004 2953 pueritiam
1017 2880 1108 2934 debent
1128 2879 1314 2952 requirere.
1334 2875 1393 2927 Me.

414 2969 469 3037 Qui
478 2969 554 3020 'baec
571 2968 705 3020 imbecilla
723 2981 748 3021 et
768 2970 980 3036 commutabilia]
999 2966 1085 3021 Codd.
1099 2966 1178 3020 Drsd.
1196 2969 1222 3019 1.
1236 2968 1262 3020 3.
1278 2966 1326 3036 qui
1344 2965 1394 3015 im-

344 3056 438 3107 becilla
462 3057 542 3120 baec,
567 3055 617 3109 01.
635 3058 667 3110 Ν.
692 3059 770 3129 quod.
807 3058 838 3111 ln
856 3058 922 3112 On.
941 3056 973 3109 E.
991 3056 1025 3109 U.
1044 3074 1073 3117 ψ.
1100 3055 1158 3108 Cre.
1176 3059 1202 3107 1.
1228 3059 1252 3106 2.
1279 3062 1394 3123 quatuor·

343 3142 403 3195 etdi
420 3140 497 3195 Man.
534 3142 583 3195 Ed.
601 3163 643 3214 ap.
658 3145 752 3211 Meus,
773 3146 882 3199 varietas
900 3145 960 3199 lect.
974 3144 1004 3199 P.
1022 3143 1151 3214 Magnoli,
1173 3142 1222 3195 Ed.
1234 3141 1331 3211 lldlbg.
1342 3160 1362 3192 s.
1376 3138 1393 3191 1.

344 3240 370 3282 et
383 3249 408 3282 a.
426 3240 453 3282 et
466 3231 535 3282 Ven.
550 3242 640 3285 nostra
656 3235 734 3290 14112.
751 3234 901 3297 imbecillia,
921 3252 983 3285 cum
995 3233 1106 3302 Argent.
1122 3233 1201 3284 1515.
1219 3229 1302 3282 Paris.
1314 3230 1394 3282 1512.

343 3314 395 3370 Sed
414 3317 477 3370 eatis
495 3318 549 3371 iam
567 3331 679 3385 constat,
697 3318 857 3375 Ciceronem
877 3321 999 3374 maluisse
1018 3320 1057 3371 uti
1074 3318 1152 3371 buius
1167 3316 1237 3370 vocis
1253 3335 1284 3369 ea
1297 3314 1394 3378 forma,

343 3425 410 3475 quae
436 3417 475 3459 est
501 3407 686 3461 declinationis
711 3409 852 3463 secundae.
889 3406 972 3474 Quod
996 3416 1085 3458 autem
1112 3403 1214 3457 Gerub.
1232 3402 1264 3454 ad
1283 3400 1309 3454 b.
1327 3399 1344 3453 l.
1369 3411 1395 3453 et

344 3493 375 3545 ad
396 3493 467 3545 Lael.
486 3498 530 3559 11,
548 3498 591 3549 63.
610 3508 753 3568 utramque
771 3497 888 3549 sormam
908 3493 1032 3547 Ciceroni
1051 3492 1158 3558 tribuit,
1170 3492 1212 3544 'ita
1231 3499 1260 3542 ut
1278 3487 1316 3541 rel
1336 3506 1394 3539 am·

344 3582 479 3653 biguitatis
497 3583 616 3637 vitandae
635 3585 768 3652 studium,
795 3584 834 3638 rel
861 3584 920 3638 soni
942 3582 1053 3635 suavitas
1075 3579 1114 3633 vel
1134 3576 1306 3650 grammatica
1326 3574 1393 3628 ratio

345 3666 505 3722 Ciceronem
524 3669 557 3722 ad
577 3670 731 3726 alterutram
751 3673 901 3744 eligendam
919 3670 1065 3743 impulerit,
1088 3680 1117 3721 ut
1133 3667 1255 3738 apposito
1273 3664 1396 3717 substan·

345 3755 395 3807 tiro
414 3756 511 3809 dixerit
529 3757 690 3823 imbecillus:
710 3762 755 3814 ubi
775 3762 937 3815 substantive
957 3769 1086 3831 ponatur,
1106 3753 1261 3827 praetulerit
1278 3751 1394 3803 imbecil-

346 3845 390 3908 lis,
409 3844 453 3911 id,
472 3847 593 3916 quamvis
611 3848 768 3918 probatum,
788 3850 862 3920 quod
878 3849 912 3902 ad
930 3844 1070 3910 εὐφωνίαν,
1088 3839 1306 3897 aDoederleioio
1325 3838 1396 3909 (tau

348 3932 450 4003 Synon.
461 3951 488 3985 u.
499 3933 588 4004 Etym.
601 3934 646 3989 lV.
667 3956 693 4007 p.
703 3936 787 4003 162),
807 3936 879 3990 nulla
900 3948 988 3990 tamen
1005 3932 1098 3986 nititur
1114 3930 1217 3984 ratione
1232 3939 1303 3983 certa
1317 3936 1396 3996 atque

350 4019 489 4089 probabili,
508 4040 597 4093 neque
617 4024 782 4094 optimorum
802 4025 934 4078 librorum
954 4020 1110 4077 auctoritate
1125 4029 1205 4090 atque
1218 4035 1313 4069 aureae
1326 4026 1397 4067 aeta-

351 4107 379 4159 tis
400 4108 562 4179 scriptorum
587 4130 645 4163 usu.
683 4112 856 4185 Quamquam
877 4112 949 4167 enim
968 4108 1133 4164 Goerenrius
1150 4107 1178 4158 in
1197 4104 1247 4157 Ed.
1265 4103 1396 4156 librorum

353 4196 381 4248 de
398 4197 477 4251 Finn.
496 4198 580 4268 (quae
599 4200 698 4269 prodiit
716 4219 788 4254 anno
807 4201 886 4254 buius
903 4199 985 4254 seculi
1004 4197 1081 4251 tertio
1101 4193 1218 4261 decimo)
1237 4192 1270 4254 V,
1290 4191 1334 4245 24.
1352 4189 1394 4241 il.

355 4301 377 4351 p.
389 4289 449 4340 621.
468 4305 554 4339 unum
574 4287 717 4342 alterumve
738 4289 828 4343 locum
847 4288 920 4360 apud
938 4286 1098 4339 Ciceronem
1119 4300 1174 4335 esse
1192 4275 1322 4340 concedit,
1342 4293 1396 4343 quo

357 4373 438 4426 tertiae
458 4373 646 4429 declinationis
662 4377 749 4430 forma
768 4377 900 4430 constanti
919 4375 1044 4429 codicum
1062 4370 1176 4424 lectione
1197 4366 1307 4418 nitatur:
1325 4361 1394 4414 idem

359 4467 435 4515 tanen
454 4463 483 4516 in
502 4481 614 4517 censura
635 4463 684 4519 Ed.
703 4464 784 4519 baelii
802 4463 1022 4519 Gernbardianae
1039 4459 1120 4530 (Jabn
1139 4451 1249 4507 Jahrbb.
1266 4450 1284 4504 f·
1302 4446 1396 4502 Phil⁰b
