3517 5450
449 713 525 791 328
858 735 1024 785 excussus
1052 737 1089 783 ιι.

449 919 541 971 saepe,
570 910 625 952 tum
646 915 707 950 sero
726 897 854 961 manime,
879 895 989 968 quando
1012 913 1152 965 personam
1181 895 1357 951 iureconsulti
1381 900 1492 954 sustines.

449 987 529 1040 Unde
545 985 627 1052 illud,
647 1003 763 1057 quaeso,
781 984 809 1036 in
827 983 941 1055 Topicis
959 983 1124 1054 exemplum:
1145 982 1262 1048 Mulier,
1281 986 1326 1036 cui
1344 987 1387 1037 vir
1406 985 1494 1038 bono·

448 1095 519 1128 rum
536 1073 725 1144 possessionem
746 1071 859 1144 legavit,
877 1072 946 1128 etc?
966 1071 1105 1143 Usurpant
1123 1070 1175 1125 hoc
1194 1087 1293 1124 nomen
1312 1091 1407 1126 sacrae
1426 1074 1493 1127 etiam

449 1164 559 1218 litterae.
605 1159 651 1213 Sic
676 1158 746 1212 enim
771 1159 844 1214 dives
870 1160 942 1232 apud
962 1159 1062 1212 Lucam
1083 1162 1126 1226 ta,
1146 1161 1190 1213 19.
1221 1159 1297 1212 dicit:
1324 1159 1417 1229 ψυχή,
1441 1162 1495 1226 ἔχεις

448 1247 536 1304 nuidis*
553 1243 668 1314 dyada*
688 1253 788 1308 ιιιίμιια
805 1251 842 1307 sic
861 1249 907 1319 i'eq
924 1245 1017 1300 πολλά.
1028 1246 1084 1300 Ιιιῐεί
1108 1265 1159 1315 pro
1176 1245 1276 1300 decoro
1303 1267 1437 1319 personae
1453 1248 1497 1301 boc

448 1340 549 1394 dictum
569 1335 714 1406 putaverise
733 1334 780 1389 Est
797 1346 889 1390 tamen
908 1355 1001 1389 rursus
1020 1334 1093 1408 apud
1112 1334 1228 1388 cundem
1236 1336 1280 1400 16,
1289 1339 1340 1389 25ι
1359 1336 1496 1404 μνήσθητι,
1539 1395 1542 1402 ¹

448 1447 489 1479 aas
505 1422 632 1487 ἀπέλαβες
650 1421 684 1474 ια’
703 1418 821 1488 αἰαθιὶ
836 1442 893 1479 oon.
930 1422 984 1476 Sed
1003 1422 1069 1494 quid
1086 1422 1189 1476 misceo
1201 1440 1275 1475 saera
1296 1423 1439 1493 profanis?
1455 1423 1497 1477 Al-

448 1514 543 1568 cinous
560 1519 684 1576 testatur,
709 1508 797 1580 ipsum
819 1509 961 1565 Platonem
986 1510 1053 1563 haec
1077 1508 1145 1563 bono
1164 1509 1333 1576 nominasse,
1362 1510 1412 1562 sed
1436 1508 1495 1561 bono

448 1598 584 1654 mortalia.
619 1596 734 1650 Invaluit
750 1597 839 1668 itaque
858 1599 886 1651 in
912 1600 993 1652 rebus
1010 1597 1168 1651 mortalibus
1191 1597 1437 1668 Peripateticorum
1457 1596 1495 1648 Ιο-

449 1685 548 1758 qucndi
568 1683 650 1749 ratio,
669 1702 698 1736 ea
717 1683 787 1755 vulgi
808 1685 939 1738 nimirum
957 1704 1064 1762 errore:
1088 1703 1170 1756 quem
1188 1696 1333 1757 postquam
1352 1685 1435 1740 semel
1452 1687 1496 1738 ob-

413 1797 418 1806 ·
448 1773 539 1839 tinuit,
569 1770 718 1844 philosophi
738 1771 863 1843 deinceps
889 1772 1033 1827 emendare
1058 1772 1239 1844 nequicquam
1265 1773 1381 1828 suerunt
1406 1772 1496 1836 conati,

436 1872 486 1915 ‘tot
504 1861 624 1916 videlicet
654 1860 829 1932 opinionibus
856 1861 926 1914 inter
955 1880 983 1914 se
1007 1860 1189 1915 dissentientes
1213 1880 1264 1915 nec
1291 1861 1341 1914 sibi
1369 1861 1433 1932 ipsis
1456 1879 1498 1929 per

447 1949 536 2002 omnia
557 1958 715 2003 constantes.
751 1947 885 2020 Suggiiiat
902 1961 992 2003 autem
1012 1961 1170 2021 personatus
1185 1948 1290 2005 Stoicus
1308 1948 1497 2019 Peripatetico-

446 2055 506 2088 rum
526 2036 695 2102 divisionem,
722 2036 768 2108 qni
796 2035 865 2088 bono
889 2036 918 2089 in
936 2037 986 2090 tria
1011 2055 1111 2108 genera
1134 2037 1268 2102 dividunt,
1297 2048 1328 2090 ut
1357 2037 1409 2091 alia
1436 2035 1497 2088 bono

446 2123 499 2176 sint
516 2125 612 2188 animi,
631 2123 681 2178 alia
699 2125 830 2194 corporis,
848 2123 900 2177 alia
914 2125 1067 2196 fortunae,
1096 2145 1165 2198 quae
1183 2125 1276 2179 divisio
1296 2125 1372 2197 apud
1391 2124 1496 2195 Peripa·

446 2210 586 2265 teticorum
607 2212 758 2284 principem
775 2222 855 2268 exstat
872 2210 943 2266 libro
962 2212 1119 2267 Etbicorum
1139 2214 1243 2286 primo.

685 2336 792 2397 ἐκτός,
811 2333 863 2386 sios
883 2358 906 2389 οι
897 2337 1008 2404 ios'ios,
1028 2343 1073 2391 καὶ
1090 2331 1108 2407 η’
1125 2340 1173 2407 τῆς
1192 2339 1322 2408 πατρίδος
1341 2358 1370 2390 ει
1364 2334 1495 2398 dornoso

448 2397 563 2466 drudes
582 2406 659 2475 τριχῆ
686 2403 761 2458 noi‘
748 2430 761 2459 o
780 2407 900 2465 πλοῦτος.

447 2478 660 2560 ’δ’ἕμημὲναώ
771 2475 898 2570 ψυχιὶι,
915 2498 951 2531 τα
968 2482 1014 2541 μὶν
1033 2480 1183 2550 supssiso‘ro
1200 2484 1244 2531 και
1262 2475 1382 2541 μάλιστα
1401 2474 1497 2544 α’γαθιέ,

449 2543 542 2607 reinero
562 2548 591 2598 di
618 2543 660 2599 ed
688 2588 747 2635 ml
772 2544 824 2600 οἷοι
843 2569 859 2617 η
877 2552 923 2612 μὲι
941 2551 1160 2639 δικαιοσύνη,
1179 2547 1258 2621 καὶὴ

772 2620 854 2706 ppei-e
861 2639 954 2690 porc,
980 2617 1060 2673 sni
1043 2643 1059 2691 η
1077 2619 1235 2692 dedorim,
1261 2617 1350 2673 καὶ
1332 2643 1349 2691 ι]
1379 2639 1495 2689 euopo-

772 2708 868 2762 σιιιη,
888 2697 933 2744 καὶ
950 2689 985 2744 ια’
1003 2695 1122 2746 rosnsmro

773 2765 880 2856 quino,
909 2762 961 2815 οἷαι
983 2762 1015 2816 ed
1040 2762 1147 2825 ιἰἆλλας,
1175 2769 1219 2815 ιιαι
1210 2783 1260 2831 ιη
1290 2759 1390 2827 ιιῖιξία,
1418 2757 1497 2828 καὶὴ

772 2829 860 2899 tireio,
878 2840 925 2885 ιιαι
941 2832 959 2904 ἡ
976 2836 1060 2901 ἰσχύς.

517 2950 550 3005 Et
568 2953 731 3007 Aristoteles
755 2954 864 3027 quidem
884 2955 954 3011 hanc
979 2957 1109 3011 diaeresin
1131 2957 1163 3010 ad
1182 2955 1325 3010 Platonem
1353 2969 1496 3023 auctorem,

447 3033 466 3090 si
485 3038 589 3093 La'c‘rtio
609 3040 756 3109 credimus,
775 3044 866 3098 refert.
903 3044 961 3097 Alia
980 3045 1117 3126 bonorum
1135 3043 1228 3097 divisio
1247 3055 1286 3099 est
1303 3047 1378 3118 apud
1390 3046 1496 3101 Stoicoe

447 3125 602 3197 Appingam
619 3136 647 3179 et
669 3127 754 3198 ipsam
774 3149 803 3183 es
828 3131 946 3186 melioris
965 3144 1044 3187 notae
1063 3133 1232 3196 auctoribus,
1259 3130 1449 3188 Cicerone
1424 3134 1495 3188 nimi·

448 3229 523 3277 rum,
552 3211 585 3266 A.
605 3212 693 3267 Gellio
712 3226 739 3270 et
755 3216 879 3290 Diogene
898 3220 1017 3274 Laertio:
1047 3220 1151 3275 missam
1180 3223 1281 3275 interea
1313 3222 1418 3278 faciens
1435 3242 1494 3287 eam,

448 3318 516 3370 quae
534 3318 548 3352 a
567 3299 664 3355 Stoicis
681 3321 710 3356 es
728 3303 868 3359 Diametro
893 3308 1078 3380 Peripateticis
1105 3309 1272 3381 opponitur,
1298 3330 1355 3382 qua
1382 3311 1495 3365 dividunt

447 3383 481 3436 rei
499 3382 592 3453 dyndoi
609 3391 644 3448 εἰς
662 3385 696 3442 ui
714 3388 783 3444 sord
801 3391 902 3465 ψιιχῆι,
922 3402 965 3449 καὶ
983 3400 1018 3458 sic
1036 3391 1070 3450 voi
1088 3393 1175 3463 ἓιιτός,
1195 3400 1239 3449 καὶ
1257 3398 1294 3456 sic
1312 3396 1349 3451 rei
1367 3396 1428 3452 οὔτε
1445 3402 1495 3468 aspi

446 3473 546 3545 ψυχῆι,
563 3473 623 3531 oe’iss
641 3480 727 3539 ἓιιτόςι
753 3480 798 3534 sed
826 3483 1035 3553 generaliorem,
1064 3504 1117 3557 qua
1146 3504 1189 3539 res
1211 3484 1354 3541 universae
1379 3490 1408 3541 in
1428 3488 1494 3549 borsa,

447 3563 519 3614 molo
539 3575 563 3618 ct
582 3566 766 3635 indfflerentia
785 3568 952 3626 dividuntur:
