3517 5450
449 693 522 768 294
775 716 947 765 ranarum
976 716 1170 764 srorconuu.

447 878 567 949 Augusto
587 897 645 949 cap.
664 880 729 931 32⁴⁴
744 877 842 931 Facc.
880 875 982 943 „Addit
1000 876 1074 930 Suet.
1093 876 1149 930 sine
1168 875 1323 929 discrimine
1348 874 1427 927 liberi
1446 893 1494 931 ser-

447 969 538 1038 vique,
559 965 696 1036 ergastulis
716 984 898 1036 possessorum
919 965 1184 1037 supprimebantur.“
1221 962 1281 1018 Gb.

520 1074 579 1106 cum
596 1056 690 1120 servis,
709 1074 768 1105 cum
787 1054 910 1120 libertis]
930 1053 1040 1123 Legitur
1058 1073 1118 1105 cuin
1137 1051 1264 1103 liberis
1284 1050 1312 1102 iu
1333 1048 1423 1102 Codd.
1438 1047 1494 1101 On.

446 1143 476 1194 E.
495 1143 528 1196 U.
546 1165 571 1212 p.
591 1163 615 1194 σ.
634 1161 664 1204 ψ.
683 1143 777 1195 Duisb.
797 1141 857 1197 Cra.
878 1145 904 1194 1.
922 1141 1003 1194 Drsd.
1024 1146 1049 1194 2.
1069 1144 1094 1195 3.
1113 1145 1152 1201 5.;
1179 1139 1276 1193 desum
1295 1137 1365 1191 baec
1383 1137 1437 1188 duo
1454 1154 1494 1187 ro-

447 1231 540 1285 cabula
567 1232 593 1283 in
619 1229 705 1283 Codd.
730 1234 787 1282 Crz.
803 1235 828 1282 t.
847 1241 872 1283 et
891 1235 915 1283 2.
953 1230 1043 1300 Pergit
1068 1228 1135 1281 eod.
1156 1226 1227 1281 Gud.
1246 1226 1278 1279 B.
1305 1227 1334 1276 cti
1360 1223 1494 1277 dicatibus.

447 1319 504 1373 Cre.
525 1324 549 1375 3.
569 1339 628 1371 cum
647 1319 819 1372 clientulis.
856 1318 917 1371 Mr.

472 1463 476 1471 ,
516 1407 685 1474 societates,]
715 1407 757 1459 De
782 1406 952 1460 societatibus
969 1405 1015 1472 iis,
1045 1423 1113 1476 quae
1138 1405 1166 1458 in
1188 1402 1420 1475 negotiationibus
1442 1400 1495 1453 iniri

446 1493 560 1559 soleant,
587 1506 625 1547 est
652 1494 678 1546 in
698 1493 769 1547 libro
787 1494 925 1548 iustiniani
950 1492 1150 1547 Institutionum
1177 1492 1285 1546 tertio.“
1314 1489 1394 1543 Frc.
1417 1488 1496 1560 Sylr.

448 1582 506 1650 [Est
523 1583 595 1635 Libri
614 1582 657 1634 ΙΙΙ.
675 1582 728 1634 Tit.
748 1586 781 1635 ²5
806 1580 875 1650 (26.)
893 1601 919 1652 ρ.
940 1585 992 1635 148
1011 1601 1050 1652 sq.
1066 1579 1117 1634 Ed.
1135 1579 1248 1634 Scbrad.
1266 1577 1348 1644 mim,
1365 1597 1392 1648 p.
1410 1579 1495 1630 548-

448 1673 507 1722 554.
527 1669 576 1724 Ed.
594 1671 668 1739 mai]
716 1669 806 1736 „Sunt
833 1681 999 1724 mercaturae
1018 1682 1044 1722 et
1062 1685 1291 1741 quorumcunque
1315 1664 1495 1736 negotiorum

448 1758 574 1828 inquam
594 1759 745 1812 societatem
765 1759 785 1811 si
807 1758 886 1812 berus
904 1778 1006 1824 servos,
1032 1770 1078 1812 aut
1098 1770 1227 1827 patronus
1242 1754 1358 1808 libertos
1377 1764 1404 1808 et
1423 1752 1496 1806 clien-

448 1856 486 1898 tes
500 1857 661 1911 assumeret,
681 1848 766 1899 maius
781 1846 860 1901 siebat
879 1848 1000 1902 lucrum:
1018 1846 1091 1919 quod
1110 1846 1172 1900 item
1191 1842 1259 1896 Cato
1279 1842 1360 1908 fecit,
1387 1840 1496 1913 quamvis

447 1934 486 1985 vir
504 1933 629 2007 optimus.
664 1933 728 1986 Tria
748 1947 837 1988 autem
857 1948 919 1989 sunt
936 1955 1036 2008 genera
1055 1935 1195 1988 bominum
1214 1931 1368 1985 alienorum
1393 1950 1410 1982 a
1428 1931 1496 1983 nobis

445 2020 636 2089 pendentium:
656 2023 774 2093 primum
792 2024 873 2089 servi,
895 2035 951 2078 tum
971 2023 1075 2089 liberti,
1094 2023 1111 2076 i.
1131 2043 1152 2075 e.
1170 2040 1184 2073 a
1204 2021 1283 2073 nobis
1301 2040 1317 2072 e
1337 2019 1461 2072 servitute
1473 2018 1494 2070 in

446 2104 593 2161 libertatem
619 2110 733 2176 dimissi,
759 2110 875 2182 denique
902 2113 1025 2178 clientes,
1051 2111 1097 2182 qui
1123 2111 1199 2164 nobis
1223 2129 1272 2180 per
1298 2109 1341 2161 ius
1366 2107 1494 2162 clientelae

448 2197 584 2252 coniuncti
603 2209 677 2252 sunt:
703 2199 736 2252 de
767 2199 865 2270 quibus
888 2199 938 2252 sid.
957 2199 1023 2252 Ern.
1043 2197 1115 2253 Clav.
1134 2197 1190 2252 Cic.
1211 2219 1232 2251 r.
1254 2198 1373 2250 etiamst
1401 2197 1493 2266 Wytt.

449 2283 517 2336 Add.
533 2284 657 2339 Dirlrsen.
676 2286 803 2340 Manuale
821 2287 928 2342 Latinit.
947 2288 1026 2343 Font.
1042 2289 1095 2340 lur.
1118 2285 1173 2340 Cir.
1193 2286 1271 2339 Rom.
1300 2285 1361 2341 ead.
1388 2304 1412 2339 r.
1438 2303 1493 2336 euu-

448 2371 563 2443 demque
583 2393 606 2425 v.
624 2376 754 2428 Societas.
791 2374 864 2443 Quid
883 2375 1046 2430 Niebubrius
1063 2376 1097 2429 de
1112 2373 1262 2428 Clientibus
1274 2373 1302 2425 iu
1316 2371 1493 2426 Histor.Rom.

448 2461 581 2526 statuerit,
601 2472 696 2515 notum
716 2475 763 2516 est.
801 2463 880 2517 Gonf.
899 2464 985 2536 Pauly
1002 2463 1152 2534 Euryclop.
1171 2481 1194 2515 v.
1214 2461 1312 2512 Glisas·
1350 2458 1414 2511 Mr·

520 2549 567 2618 qui
582 2551 761 2617 possessiones
780 2554 964 2620 recensete]
1003 2551 1068 2617 „Est
1088 2553 1114 2602 ἓν
1132 2547 1178 2602 dari
1196 2552 1284 2615 duosve
1314 2549 1332 2601 i.
1352 2568 1376 2601 e.
1396 2548 1494 2619 quire·

448 2636 573 2690 cordetur
591 2637 687 2691 multas
705 2639 878 2710 pessessiones
898 2660 992 2694 vacuas
1009 2640 1092 2694 factas
1115 2659 1163 2711 per
1189 2635 1405 2708 proscriptiones
1430 2634 1494 2687 locu·

447 2721 574 2794 pletium,
595 2727 688 2796 quint
708 2728 940 2799 proscriberentur
958 2750 1007 2799 per
1025 2741 1066 2795 te,
1087 2731 1194 2792 Crasse,
1224 2727 1252 2779 in
1272 2727 1368 2798 primis
1397 2746 1412 2779 a
1430 2721 1492 2777 Sulla

448 2812 620 2883 impetratum
639 2826 709 2867 erat:
737 2828 764 2869 tu
787 2827 851 2871 tunc
870 2818 1081 2891 proscriptorum
1102 2836 1196 2869 vacuas
1215 2815 1398 2886 possessiones
1423 2832 1493 2867 occu-

449 2897 529 2969 pasti,
549 2899 655 2954 aedium
674 2921 748 2955 areas
767 2904 893 2958 incendio
912 2906 1114 2976 absumptorum
1133 2904 1234 2969 emisti,
1264 2923 1347 2974 quam
1372 2903 1430 2956 fieri
1454 2920 1493 2971 po-

449 2986 512 3051 tuit,
532 2986 660 3055 minimo,
678 2990 796 3062 itemque
816 2994 887 3045 bona
907 2994 1120 3065 proscriptorum
1148 2991 1233 3063 pretio
1261 2991 1376 3043 minime
1399 3008 1493 3061 magno.

450 3074 511 3141 Qua
532 3075 611 3127 dere
630 3076 728 3130 multus
755 3090 793 3131 est
812 3080 971 3134 Plutarchus
998 3081 1024 3132 in
1045 3080 1106 3133 Vita
1136 3078 1231 3131 Crassi.
1269 3078 1340 3131 Add.
1369 3078 1427 3131 cte.
1454 3093 1493 3146 pro

450 3162 528 3215 Rosc.
549 3162 609 3215 Am.
628 3166 673 3218 8.“
691 3166 730 3216 W
736 3186 751 3236 y
764 3178 797 3220 tt.
845 3168 887 3221 Ad
914 3189 936 3221 v.
964 3168 1147 3221 Possessiones
1175 3186 1279 3219 vacuas
1307 3165 1403 3219 laudat
1425 3164 1494 3231 Borg·

451 3250 615 3305 Brissouium
640 3252 672 3305 de
698 3255 797 3307 Verbb.
822 3254 919 3327 Signis.
947 3258 983 3309 ib.
1011 3259 1090 3309 Auct.
1114 3256 1147 3308 ad
1172 3254 1292 3307 Herenn.
1310 3253 1359 3319 lV,
1380 3256 1424 3307 29.
1446 3248 1494 3304 coll.

450 3338 584 3394 Heinrich.
604 3340 636 3394 ad
657 3340 707 3396 Or.
727 3363 776 3413 pro
795 3344 866 3397 Tull.
886 3349 929 3400 13.
948 3349 1031 3401 Corn.
1050 3345 1117 3415 Nep.
1137 3342 1237 3396 Timol.
1257 3346 1288 3398 3:
1309 3342 1390 3393 Bello
1408 3358 1493 3393 vacue·

445 3428 543 3498 fuctus
559 3433 746 3499 possessiones.
783 3432 891 3499 Quibus
908 3434 968 3486 add.
985 3432 1108 3487 Dirlrsen.
1127 3431 1146 3484 l.
1163 3452 1187 3485 c.
1207 3450 1230 3484 r.
1254 3430 1384 3481 Vacuus:
1403 3429 1431 3481 in
1448 3425 1495 3498 prl-

450 3516 499 3571 mis
516 3530 604 3573 autem
625 3520 674 3573 rid.
694 3520 711 3573 l.
732 3518 766 3572 G.
786 3519 910 3574 Huscbltii
935 3522 1062 3576 Analecta
1081 3520 1219 3573 Litteraria
1240 3539 1267 3590 p.
1288 3521 1342 3572 124
1362 3537 1423 3589 sqq·
1451 3512 1494 3565 Mt·

513 3616 694 3684 'possessiones
713 3617 826 3683 vacuas]
865 3618 956 3683 „unde
975 3617 1052 3671 eiecti
1070 3616 1187 3681 domini,
1212 3626 1259 3668 aut
1279 3614 1441 3686 proscripti,
1457 3621 1494 3664 aut

451 3703 534 3767 caesi,
553 3703 708 3757 dominante
726 3703 816 3774 Sylla,
837 3705 883 3777 qui
905 3725 938 3757 ne
958 3704 1111 3776 municipiis
1128 3703 1237 3775 quidem
1259 3702 1400 3773 pepercit,
1427 3698 1494 3755 undi-

451 3809 502 3859 que
522 3791 687 3859 praedatus.“
723 3791 822 3847 Face.

523 3880 569 3948 qui
585 3882 791 3948 proscriptiones
811 3882 1008 3951 locupletium]
1029 3881 1117 3947 „Cum
1137 3881 1212 3935 Sulla
1239 3882 1326 3935 victor
1346 3880 1494 3951 >proscribe-

450 3977 491 4019 ret
508 3984 568 4031 eos,
596 3967 642 4037 qui
660 3967 795 4020 Marianas
815 3981 902 4039 partes
920 3970 1001 4024 secuti
1026 3983 1116 4035 erant,
1144 3969 1243 4023 multos
1272 3989 1303 4022 ex
1328 3968 1495 4042 locupletibus

450 4052 528 4105 simul
546 4053 715 4124 proscripsit,
734 4066 763 4109 ut
783 4074 876 4110 eorum
895 4059 965 4111 bona
985 4058 1197 4128 publicarentur.
1243 4058 1279 4126 Q.
1300 4057 1430 4113 Aurelius
1446 4054 1496 4110 nul·

451 4140 482 4193 lis
498 4160 526 4193 se
546 4141 659 4211 negotiis
676 4142 831 4215 implicans,
857 4146 948 4199 forum
977 4148 1125 4218 ingressus,
1151 4148 1374 4219 proscriptorum
1391 4146 1496 4204 ‚nomina

449 4228 565 4301 legebat,
584 4231 611 4283 in
632 4232 727 4302 quibus
749 4251 811 4285 cum
829 4254 856 4287 se
875 4236 962 4307 ipsum
982 4238 1170 4308 comperisset,
1190 4236 1313 4305 Albana,
1334 4240 1432 4312 inquit,
1448 4234 1495 4288 tillt

449 4337 491 4369 me
510 4320 671 4390 proscripsit.
716 4321 869 4376 Paullulum
900 4345 1056 4396 progressus
1085 4324 1220 4397 iugulatus
1246 4338 1293 4380 est.
1340 4328 1445 4382 Auctor
1467 4332 1496 4376 cst

448 4404 606 4459 Plutarchus
625 4408 652 4460 in
672 4411 732 4463 Vita
751 4409 868 4465 Sullae.“
898 4414 920 4465 F
928 4435 972 4468 rc.
991 4415 1080 4486 Sylr.
1117 4416 1208 4485 [Cep.
1225 4417 1269 4468 31.
1299 4416 1407 4469 Laudat
1432 4432 1495 4486 prse-

450 4502 519 4545 terea
539 4494 639 4548 Gerub.
660 4497 691 4550 ad
713 4519 768 4552 rem
791 4499 871 4555 Dion.
894 4505 964 4557 Cass.
986 4505 1081 4575 fragm.
1099 4504 1213 4557 Peiresc·
1232 4502 1354 4558 LXXVI.
1374 4505 1445 4559 Flor.
1461 4500 1493 4562 llb
