3517 5450
581 732 779 779 rsutooxou
804 735 846 778 ιν.
877 736 945 781 car.
968 737 990 782 r.
1242 713 1315 787 165

262 894 343 960 estlll,
364 897 394 959 4,
416 896 450 946 9:
478 890 529 943 Ed.
549 902 631 945 nostr.
653 892 684 944 T.
705 890 738 945 ll.
767 913 792 962 p.
812 897 846 946 28
865 913 924 966 sqq.
974 896 1099 966 Denique
1129 896 1202 950 locus
1228 898 1318 953 l‘lato-

262 983 302 1034 uici
320 978 474 1034 Alcibiadis
492 976 601 1031 secundi
622 990 658 1031 est
681 999 707 1049 p.
719 983 779 1033 tas.
799 978 893 1052 Steph.
915 1004 940 1052 p.
952 988 1013 1038 273.
1034 980 1114 1036 Bett.
1134 983 1162 1036 P.
1175 983 1195 1040 l.
1211 986 1318 1040 Volll:

262 1068 339 1121 ariscio
361 1074 499 1136 μέμνησαι
526 1061 687 1133 ὁμολογήσας
714 1062 865 1119 ὑπεναντίον
882 1064 948 1122 εἶναι
970 1076 1065 1132 μανίαν
1079 1070 1219 1140 φρονήσει]
1264 1074 1320 1139 „Ut

262 1158 282 1209 in
299 1158 399 1211 morbis
419 1154 545 1225 corporis
564 1152 648 1205 inulto
667 1152 751 1205 levior
776 1153 905 1221 stultitia,
933 1176 1016 1228 quam
1046 1157 1148 1210 insania
1178 1160 1320 1214 existimari

262 1244 329 1310 solet,
349 1244 386 1298 ita
406 1244 437 1295 in
458 1241 560 1294 morbis
578 1240 660 1292 animi
680 1240 781 1292 insania
801 1240 889 1295 multo
908 1244 1018 1314 gravior
1037 1245 1180 1299 existimata
1197 1259 1247 1301 est:
1268 1269 1320 1320 qua

262 1334 344 1388 stultus
363 1333 484 1396 dicitur,
513 1329 558 1400 qui
586 1328 665 1381 etiarn
692 1326 749 1379 leve
777 1325 889 1398 aliquod
909 1331 1015 1383 crimen
1035 1332 1155 1399 admisit,
1187 1335 1267 1387 etiam
1293 1356 1323 1391 ex

263 1420 449 1493 imprudentia:
479 1419 587 1470 insanus
605 1433 682 1479 vero,
708 1414 754 1484 qui
786 1414 877 1467 multis
901 1417 1066 1473 criminibus
1095 1422 1134 1475 rel
1166 1424 1325 1494 gravissimis

262 1510 338 1564 dedita
358 1527 444 1582 opera
464 1504 592 1575 susceptis
609 1503 645 1557 ita
665 1522 691 1555 se
710 1501 873 1573 implicavit,
897 1516 929 1557 ut
950 1502 1005 1560 hoc
1024 1508 1111 1580 ipsum
1131 1531 1244 1583 peccare
1263 1534 1325 1567 curn

263 1597 378 1662 delectet,
405 1593 510 1648 etiarnsi
537 1591 608 1645 nulla
628 1590 757 1662 peccandi
786 1608 866 1643 causa
887 1592 932 1646 sit.
982 1594 1066 1651 Stoici
1089 1619 1151 1652 rero
1178 1612 1209 1654 ut
1235 1603 1324 1655 omnia

263 1697 364 1756 peccata
385 1683 538 1737 existimant
556 1678 693 1751 aequalia,
719 1679 755 1732 ita
779 1678 922 1733 stultitiam
952 1680 1074 1739 insaniae
1100 1707 1193 1758 parem
1212 1690 1324 1746 faciunt.

262 1773 311 1827 lloc
328 1784 421 1828 autern
440 1768 581 1823 Paradoxo
601 1787 655 1820 nou
675 1777 729 1820 tam
752 1767 850 1837 probat
868 1769 990 1836 Cicero,
1008 1794 1090 1845 quam
1110 1777 1188 1832 docet
1207 1780 1237 1831 P,
1260 1778 1326 1832 cto.

263 1860 327 1913 dium
356 1862 487 1914 insanum
519 1875 591 1920 esse,
624 1874 739 1926 eumque
768 1855 860 1907 multis
892 1855 1003 1927 legibus
1026 1862 1182 1918 damnatum
1208 1867 1323 1921 exsulem

263 1949 350 2015 luisse,
368 1948 494 2021 quamvis
511 1944 598 1997 soluru
618 1962 671 1995 non
691 1943 844 1995 mutaverit:
864 1963 893 1995 se
914 1964 979 1998 rero
1000 1949 1115 2002 exsulem
1135 1952 1216 2005 luisse
1234 1966 1322 2024 negat,

264 2038 385 2108 quamvis,
407 2047 439 2089 ut
455 2032 589 2087 Clodiano
609 2030 694 2083 surori
713 2031 828 2095 cederet,
848 2050 876 2083 ex
898 2034 969 2085 urbe
989 2038 1123 2090 exiverit.“
1142 2038 1165 2089 F
1170 2058 1212 2092 rc.
1232 2038 1323 2111 Sylr.

264 2126 393 2192 „Additur
412 2122 488 2194 apud
508 2121 659 2191 Diogenem
679 2118 755 2186 [l.c.]
774 2119 856 2171 ratio:
879 2118 910 2171 ου’
927 2118 980 2191 γάρ
1000 2130 1139 2191 φρονίμους
1158 2120 1235 2192 εἶναι,
1254 2124 1322 2178 «ittet

265 2214 322 2267 κατὰ
341 2213 394 2284 τήν
420 2217 481 2281 ἴσην
503 2211 540 2280 τῇ
564 2203 698 2277 α’φροσῦνῃ
725 2213 818 2268 μανίαν
848 2204 982 2277 πράττειν.
1022 2209 1150 2281 ”Apporrc
1175 2226 1238 2267 sunt
1269 2213 1319 2279 hic,

266 2303 311 2357 illic
327 2308 424 2373 μωροί.
441 2324 444 2328 ·
461 2298 537 2351 ldem
556 2297 612 2349 lere
631 2295 775 2361 dilseruut,
796 2297 868 2366 quod
888 2296 989 2351 Latinis
1014 2300 1171 2368 insipientes
1191 2314 1217 2355 et
1227 2305 1319 2371 fatui.

265 2388 376 2444 Ellertur
395 2388 478 2442 etiam
498 2384 576 2439 aliter
593 2384 626 2437 ab
646 2383 704 2453 ipso
724 2383 856 2436 Cicerone
882 2384 910 2435 iu
928 2384 972 2437 lll.
988 2386 1107 2453 Tuscul,
1128 2390 1160 2442 ad
1179 2389 1319 2445 Socratem

268 2491 399 2533 auctorem
420 2476 475 2529 hoc
493 2471 668 2535 Paradoxon,
688 2481 718 2523 ut
736 2481 822 2525 cetera
843 2490 962 2541 quoque,
983 2474 1126 2527 referente.
1163 2476 1253 2529 llliror
1269 2497 1318 2530 au·

265 2578 308 2619 tun
322 2570 443 2621 istorum
461 2546 603 2628 hominurn
622 2559 814 2624 temeritatem,
833 2558 878 2628 qui
898 2559 954 2610 ausi
973 2570 1035 2612 sunt
1054 2560 1160 2614 infitiari
1180 2562 1246 2615 haec
1264 2583 1319 2616 esse

265 2654 411 2720 Socratica,
442 2670 505 2704 curn
525 2647 649 2702 Socrates
666 2647 722 2718 ipse
748 2647 775 2698 in
795 2646 879 2699 altero
901 2645 1040 2699 Alcibiade
1066 2648 1214 2702 manifestis
1234 2652 1319 2705 rerbis

265 2743 426 2797 Alcibiadem
446 2739 475 2791 iu
495 2756 570 2791 suam
599 2735 755 2789 senteutiam
784 2733 889 2788 trabere
907 2746 1022 2789 conetur
1040 2747 1070 2788 ut
1088 2736 1180 2790 credat
1206 2736 1238 2791 rei
1256 2747 1318 2800 μοί-

265 2837 346 2883 νοοθαι
367 2825 527 2882 ὑπεναντίον
544 2819 610 2875 εἶναι
623 2826 662 2891 τῷ
673 2835 817 2894 σωφρονεῖν.
855 2821 934 2875 Unde
951 2824 1110 2877 Ciceronem
1127 2826 1227 2880 bonam
1240 2828 1317 2882 istam

265 2916 429 2972 Tusculanae
449 2912 635 2983 disputationis
653 2923 757 2982 partem
776 2910 917 2982 sumpsisse
936 2911 1082 2965 obscurum
1104 2933 1233 2969 essenon
1256 2928 1318 2987 pot·

265 3017 303 3058 est
336 3004 395 3058 Sed
416 3002 485 3054 baec
503 2999 611 3054 interim
630 3018 672 3052 me
698 3011 770 3053 tenet
789 3000 821 3052 de
841 2999 971 3052 Cicerone
995 2999 1153 3067 admiratio,
1182 3004 1254 3074 quod
1275 3005 1317 3055 ἕλ-

265 3091 436 3158 ίηνικοίτατος
455 3098 536 3158 negat
555 3087 604 3146 sibi
624 3099 755 3152 constare,
775 3087 845 3140 uude
864 3086 961 3140 Graeci
979 3093 1074 3148 μανίαν
1092 3089 1238 3159 appellent,
1255 3110 1317 3144 cum
1401 3160 1403 3162 v

265 3177 327 3235 huuc
344 3192 437 3234 totum
456 3176 577 3230 Platonis
599 3176 688 3229 locum
716 3179 837 3228 insuam
866 3175 971 3228 tertiam
990 3176 1172 3231 Tusculanam
1199 3190 1315 3232 transtu-

264 3267 314 3322 lisse
333 3269 473 3330 rideatur,
493 3264 539 3316 ubi
558 3260 606 3332 τήν
625 3260 791 3331 σωφροσύνην
808 3265 845 3333 τῇ
862 3270 942 3330 μανίᾳ
961 3283 990 3314 ex
1009 3267 1150 3334 opposito,
1178 3267 1316 3322 Socratico

265 3365 346 3424 more,
367 3354 476 3428 ponit.“
496 3352 521 3403 Χ
528 3363 588 3421 yst.
606 3351 716 3404 Betul.
753 3350 870 3417 „Quarti
888 3350 1018 3402 Paradoxi
1038 3350 1128 3416 thesis,
1149 3372 1218 3423 quae
1237 3355 1316 3424 vulgo

265 3447 434 3506 adscribitur,
461 3439 632 3509 disputationi
652 3459 706 3492 non
727 3439 859 3492 conrenit.
906 3438 966 3489 Non
993 3437 1064 3490 enim
1095 3439 1192 3493 Cicero
1221 3442 1318 3511 probat

265 3554 349 3589 omnes
368 3531 466 3587 stultos
485 3527 618 3591 insanire,
640 3527 686 3579 sed
713 3526 785 3579 solos
809 3525 940 3598 sapientes
966 3545 1021 3578 esse
1050 3526 1133 3591 eires,
1160 3529 1316 3598 ubicunque

265 3624 369 3688 luerint,
402 3630 429 3672 et
448 3635 544 3669 omnes
562 3616 699 3685 improbos
718 3615 842 3685 fugitivos
862 3627 889 3669 et
907 3612 995 3666 exules
1012 3633 1075 3665 esse.
1117 3612 1209 3686 ltaque
1228 3617 1316 3687 potius

265 3707 463 3766 inscribendum
483 3715 522 3756 est
539 3698 580 3754 ὅτι
602 3705 696 3762 πάντες
722 3705 745 3756 οἶ
770 3709 843 3766 σοφοὶ
869 3706 977 3756 πολῖται
1000 3707 1044 3753 καί
1067 3699 1161 3762 πάντες
1186 3705 1209 3754 οἶ
1233 3707 1317 3772 μωροὶ

265 3795 402 3865 φεύγοντος.
452 3793 510 3847 Nec
528 3796 625 3856 θέσεις,
654 3813 721 3863 quae
738 3794 881 3847 Paradoxis
900 3802 1120 3865 praeponuntur,
1150 3793 1316 3846 aCicerone

265 3886 369 3942 sortasse
388 3880 558 3957 praepositae
576 3891 652 3946 sunt,
673 3884 718 3935 sed
736 3882 774 3934 rel
790 3884 908 3946 Tirone,
939 3881 984 3952 qui
1004 3880 1142 3932 Ciceronis
1170 3880 1252 3934 libros
1274 3880 1314 3931 di-

265 3977 350 4045 gessit,
372 3973 414 4026 rel
433 3972 468 4024 ab
488 3967 578 4040 aliquo
596 3969 663 4035 alio,
683 3975 729 4044 qui
748 3970 927 4043 negligentius
945 3968 1175 4034 animadverteret,
1196 3969 1260 4041 quid
1274 3968 1316 4020 hic
1405 3983 1407 3987 ·

265 4077 390 4134 ageretur.
427 4060 499 4112 Tota
513 4077 575 4110 vero
593 4059 712 4113 oratioe
736 4058 800 4112 thesi
819 4058 851 4113 ad
875 4055 1034 4128 hypothesin
1055 4057 1215 4121 traducitur,
1235 4067 1265 4108 ut
1283 4054 1316 4106 sit

266 4153 343 4222 magis
361 4145 516 4222 popularis:
546 4147 621 4198 cuius
639 4146 707 4200 duae
726 4160 788 4200 sunt
807 4158 912 4219 partes:
936 4165 1005 4209 una,
1035 4145 1107 4214 quod
1133 4145 1228 4198 Cicero
1259 4160 1314 4194 non

267 4239 340 4294 luerit
358 4237 433 4292 exul:
454 4234 549 4287 altera:
571 4234 643 4304 quod
664 4236 691 4288 Ρ.
712 4236 837 4300 Clodius,
857 4235 919 4286 licet
936 4233 1037 4285 Romae
1055 4233 1102 4299 sit,
1122 4231 1204 4282 nihilo
1224 4242 1314 4282 tamen

267 4328 350 4381 miuus
369 4328 402 4380 sit
420 4320 489 4376 exul.
533 4322 600 4374 Nam
620 4323 651 4373 P.
668 4325 777 4377 Clodius
796 4323 909 4394 passim,
938 4321 1099 4373 Ciceronem
1125 4316 1317 4371 contumeliose

268 4427 369 4480 vexans,
402 4408 507 4464 exulem
536 4408 715 4479 appellabat.“
755 4412 836 4464 Aud.
862 4409 1023 4464 Talaeus.
1086 4408 1241 4478 „paradoxo
1269 4403 1320 4455 hoc

268 4515 355 4570 quarto
376 4499 537 4572 probaverat
556 4496 669 4551 Cicero:
701 4500 779 4554 Solus
804 4499 911 4568 sopiens
929 4498 1016 4552 sotius
1036 4509 1093 4552 est.-
1124 4515 1210 4548 omnes
1233 4501 1322 4544 nutem
