3517 5450
364 719 423 765 vlu
794 715 985 761 anderemo.
1008 784 1011 789 Δ

362 885 531 967 protessus
557 902 640 948 sum.
704 883 742 946 ln
780 869 1001 960 singularibus
1034 884 1161 956 autem,
1193 878 1221 940 si
1248 894 1313 957 qua
1339 877 1415 937 sunt

363 1005 498 1068 editioni
524 1021 639 1080 meae,
678 1000 881 1064 ornamentis
919 1018 1010 1081 pono
1043 1003 1199 1078 excerpta
1225 995 1414 1058 scholarum

361 1123 401 1186 D.
427 1119 689 1202 Wyttenbacbii,
732 1135 798 1200 quo
833 1119 906 1182 viro
940 1118 1117 1183 immortali
1153 1132 1212 1196 per
1250 1114 1414 1191 integrum

362 1241 431 1305 lere
457 1258 580 1305 annum
602 1242 818 1321 praeceptore
844 1254 922 1301 usus
948 1254 1023 1302 sum
1047 1235 1178 1298 Leidae.
1232 1229 1332 1295 Cuius
1352 1231 1413 1292 viri

361 1361 556 1425 memoriam
583 1376 684 1441 quum
710 1358 834 1431 recolo,
862 1357 991 1421 animus
1008 1354 1197 1419 dulcissima
1222 1351 1309 1413 illius
1328 1352 1413 1411 tem·

361 1479 450 1560 poris
473 1478 705 1543 recordatione
724 1476 868 1541 suaviter
892 1477 1130 1552 commovetur,
1157 1489 1224 1552 quo
1249 1468 1331 1532 nulli
1354 1468 1413 1545 rei,

360 1599 423 1662 nisi
448 1598 581 1676 litteris,
615 1598 726 1661 vivere
751 1597 832 1660 mibi
858 1597 967 1674 licuit,
1006 1612 1072 1676 quo
1094 1591 1233 1656 florebat
1260 1593 1291 1652 et
1317 1588 1412 1650 iuve-

361 1735 441 1782 num
474 1715 710 1780 liberalissimis
746 1713 860 1779 studiis
896 1718 928 1778 et
964 1713 1134 1778 bominum
1169 1706 1412 1773 existimatione

361 1836 561 1917 antiquitatis
597 1833 787 1916 disciplina,
824 1851 891 1914 quo
921 1832 1115 1897 humanitati
1146 1846 1206 1894 sua
1239 1826 1412 1891 constabat

359 1957 448 2032 laus,
479 1971 540 2018 sna
575 1952 731 2033 dignitas,
766 1967 862 2015 sunm
899 1950 1059 2032 pretinm,
1095 1966 1162 2029 qno
1197 1964 1239 2010 ne
1266 1944 1411 2026 suspicio

360 2072 492 2156 quidem
518 2073 589 2135 erat
614 2070 686 2134 lore
721 2069 917 2152 aliqnando,
952 2073 1002 2147 ut,
1039 2086 1125 2150 qnae
1156 2071 1225 2131 toto
1264 2067 1409 2146 amplexi

359 2202 506 2255 essemus
531 2192 676 2270 pectore,
703 2189 852 2271 plerique
879 2187 1072 2267 fastidirent,
1095 2205 1278 2268 eorumque
1294 2186 1409 2249 interi-

358 2315 428 2373 tum
453 2308 477 2370 ii
504 2324 635 2388 quoque
662 2308 774 2371 animo
801 2311 834 2371 et
854 2325 915 2372 ore
941 2308 1176 2389 praesagirent,
1203 2309 1322 2388 quiea
1348 2324 1409 2386 per

357 2426 478 2491 multos
501 2442 606 2490 annos
622 2426 685 2508 ipsi
702 2427 890 2492 coluissent
940 2426 992 2492 Ex
1006 2428 1069 2492 illis
1092 2428 1191 2509 igitur
1211 2426 1333 2490 sobolis
1347 2443 1407 2490 ex·

358 2546 481 2627 cerpsi,
517 2563 601 2626 qnae
626 2563 645 2609 e
671 2565 707 2611 re
733 2547 805 2612 lore
831 2548 1077 2628 existimabam,
1117 2565 1246 2613 memor
1278 2564 1407 2626 eorum,

358 2681 442 2746 qnae
468 2664 597 2747 scripsit
624 2662 804 2731 Grenzerns
826 2667 859 2731 in
885 2668 1092 2749 praelatione
1119 2667 1270 2732 editionis
1297 2668 1407 2733 maio-

358 2784 402 2847 ris
423 2784 583 2852 librorum
607 2783 648 2848 de
669 2783 795 2850 Natura
817 2785 985 2851 Deorum:
1019 2785 1117 2866 „Quo
1149 2787 1254 2867 magis
1281 2787 1406 2867 gande·

306 2939 313 2956 ι
357 2920 450 2984 „mus
470 2919 569 2985 posse
587 2902 753 2981 lectorem,
780 2904 957 2969 distentum
979 2905 1258 2987 defatigatumque
1277 2906 1405 2970 insuavi

357 3022 571 3098 „tractatione
597 3025 729 3101 nostra,
755 3022 789 3085 in
815 3022 1005 3088 scholarum
1034 3024 1407 3105 Wyttenbachianarum

356 3146 409 3218 „et
435 3142 533 3204 beata
565 3140 714 3204 ubertate
741 3146 773 3205 et
808 3143 1007 3209 amoenitate
1039 3145 1280 3225 acquiescere.“
1342 3143 1407 3210 Sed

356 3259 389 3322 in
416 3258 466 3322 bis
490 3257 587 3322 nobis
614 3276 745 3339 qnoque
772 3262 1047 3342 acquiescendum
1070 3264 1142 3342 erlt,
1164 3265 1304 3329 neillius
1322 3269 1408 3329 tem·

355 3378 445 3459 poris
473 3393 548 3441 cnm
572 3382 687 3442 nostro
713 3376 962 3462 comparatione
977 3382 1123 3447 instituta
1134 3384 1174 3447 in'
1190 3383 1298 3447 verbis
1319 3386 1407 3450 male

356 3496 508 3561 ominatis
533 3496 659 3562 desinat
678 3497 761 3563 baec
785 3499 960 3580 praelatio.

404 3648 593 3712 Scribebam
617 3649 748 3727 Ulmae,
775 3650 931 3716 Kalendis
957 3652 1044 3735 Sept.
1071 3672 1100 3718 a.
1122 3654 1363 3724 MDCCCXLV.
