3517 5450
464 735 540 809 258
805 759 977 806 unusuaxa
1004 759 1200 808 erorcouuu.

464 922 591 975 cabulum
619 922 714 972 aratio.
760 919 826 971 cod.
846 919 924 970 Drsd.
944 923 970 972 4.
997 916 1099 970 exhibet
1125 919 1233 988 eopiosa
1259 938 1323 970 vox
1350 919 1504 989 magis(uan

468 1012 561 1062 omissa
585 1029 606 1060 e.
627 1009 736 1073 aratia).
774 1007 841 1060 Cod.
860 1006 965 1058 Suerin.
984 1005 1058 1073 Quid
1076 1004 1148 1056 ualet
1167 1006 1218 1056 itta
1237 1004 1342 1076 igitur,·
1369 1005 1436 1057 idem
1453 1008 1505 1058 oirei

475 1118 525 1168 pro
545 1099 605 1151 viri.
643 1096 710 1148 Cod.
733 1093 782 1147 Ox.
803 1094 835 1146 N.
856 1113 937 1165 quam
955 1094 1080 1163 eloquens
1098 1093 1187 1144 aratio
1204 1093 1321 1161 sapiens.
1358 1092 1418 1144 Mt.

535 1185 639 1253 Eripite
659 1202 706 1234 nos
724 1202 756 1232 ex
776 1183 907 1232 servitute
926 1181 972 1248 -]
1004 1177 1071 1231 cod.
1090 1178 1140 1232 On.
1161 1180 1192 1232 E.
1211 1183 1237 1230 Ε
1244 1182 1320 1250 rige
1339 1200 1404 1241 nos3
1423 1181 1504 1252 legitur

465 1291 511 1324 aas
528 1272 555 1323 in
576 1270 662 1324 Codd.
680 1269 738 1321 Cra.
758 1273 782 1322 2.
803 1267 869 1320 Ora.
888 1286 911 1320 a.
931 1286 959 1328 ψ.
987 1266 1067 1321 Drsd.
1086 1269 1112 1319 1.
1132 1272 1159 1321 4.
1179 1271 1205 1321 5.
1242 1268 1316 1320 Tum
1342 1267 1427 1321 Codd.
1449 1268 1505 1321 Gud.

466 1359 498 1411 Α.
519 1357 549 1409 Β.
569 1356 659 1412 Guelf.
680 1356 760 1408 Bern.
778 1355 838 1408 Bas.
858 1355 916 1407 Cra.
938 1358 963 1408 1.
982 1360 1006 1407 2.
1025 1355 1104 1407 Drsd.
1115 1359 1140 1408 1.
1161 1361 1186 1409 2.
1207 1359 1234 1410 3.
1250 1361 1277 1410 4.
1296 1361 1323 1410 5.
1346 1375 1366 1408 a
1383 1358 1505 1420 servitute,

467 1464 528 1499 cum
548 1443 614 1496 On.
634 1444 665 1496 E.
684 1443 705 1496 Ι.
722 1443 754 1496 Ν.
773 1442 805 1494 U.
847 1443 911 1496 Post
937 1442 1003 1494 haec
1020 1443 1099 1496 verba
1118 1443 1146 1494 in
1166 1442 1252 1496 Codd.
1271 1443 1384 1497 Sutria.
1400 1445 1505 1498 Drsd.4.

465 1533 602 1585 adduntur
622 1532 699 1583 verba
719 1552 735 1583 o
754 1535 839 1590 Cato‚·
860 1531 887 1581 in
907 1529 986 1581 Drsd.
1003 1534 1029 1583 5.
1049 1531 1136 1600 igitur
1154 1551 1170 1582 o
1189 1535 1265 1583 Coto.
1314 1532 1358 1584 Ad
1377 1532 1453 1584 verba
1468 1552 1506 1584 au·

465 1619 614 1673 tecedentia
634 1617 739 1672 confert
757 1616 855 1687 Borg.
875 1615 932 1668 Cic.
950 1617 1022 1669 Part.
1042 1615 1117 1670 Orat
1137 1621 1185 1673 23:
1209 1619 1280 1670 nilu‘l
1297 1623 1369 1671 eninr
1388 1631 1427 1673 ast
1443 1621 1506 1671 aliud

463 1708 633 1778 eloquentia,
662 1707 714 1757 nisi
734 1706 868 1773 copiose
886 1705 998 1776 loquens
1016 1705 1215 1774 sapientia,
1233 1717 1259 1759 et
1278 1705 1315 1760 de
1342 1706 1394 1760 Or.
1412 1707 1443 1775 ll,
1460 1710 1505 1760 lis

464 1794 534 1847 nilril
551 1794 593 1843 illi
612 1792 718 1862 defuit,
736 1792 809 1863 quad
826 1812 878 1844 non
897 1793 972 1844 modo
992 1794 1173 1860 copiosus,
1195 1793 1244 1843 sed
1267 1794 1354 1844 etiam
1379 1795 1504 1864 sapiens

465 1895 590 1935 arator
608 1881 704 1932 liabens
725 1880 836 1932 deberet.
883 1880 956 1932 ldem
977 1890 1070 1931 monet
1093 1878 1163 1932 hanc
1182 1878 1269 1933 Crassi
1296 1882 1445 1935 orationem
1462 1901 1504 1933 uon

466 1970 556 2022 leviter
576 1969 717 2039 perstringi
738 1969 770 2020 de
791 1967 839 2020 Or.
859 1967 877 2032 l,
899 1973 942 2022 52.
978 1967 1020 2019 Ad
1041 1987 1097 2018 rem
1117 1967 1235 2020 conferri
1255 1969 1310 2022 vult
1328 1971 1418 2042 Wyu.
1434 1970 1463 2023 ad
1477 1970 1505 2020 le·-

466 2076 526 2128 gem
545 2055 684 2109 Serviliam
714 2056 818 2109 Ernesti
845 2055 917 2108 ctav.
944 2054 1001 2110 Cic.
1021 2076 1047 2125 p.
1066 2059 1108 2108 39.
1158 2056 1235 2109 Adde
1257 2056 1357 2111 Orellii
1381 2059 1505 2112 Onomast.

466 2147 522 2198 Cic.
544 2145 572 2198 Ρ.
585 2143 630 2198 Ill.
651 2165 677 2215 p.
690 2148 741 2198 268
756 2165 794 2214 sq.
815 2143 845 2195 ll.
865 2142 968 2214 Meyeri
991 2140 1116 2195 Oratorr.
1136 2144 1243 2198 Romm.
1264 2145 1403 2217 Fragmm.
1423 2167 1446 2216 p.
1457 2149 1504 2198 149.

466 2233 513 2285 Ed.
535 2253 590 2304 pn,
609 2232 720 2284 alteram
741 2232 803 2283 mihi
824 2232 958 2302 inspicere
977 2250 1032 2282 nou
1052 2230 1144 2298 licuit,
1163 2243 1193 2285 ut
1212 2252 1262 2285 uec
1286 2234 1400 2287 alteram
1419 2232 1504 2285 Edito-

465 2317 506 2371 nis
530 2319 606 2371 Bruti
631 2319 798 2394 Ciceroniani
832 2319 876 2370 Fr.
907 2318 1046 2384 Ellendtii,
1072 2320 1116 2377 cui
1140 2320 1254 2390 praefixa
1279 2333 1318 2374 est
1345 2321 1504 2394 Eloquentiae

463 2407 601 2459 Romanae
619 2406 749 2473 Historia,
767 2408 811 2460 ubi
832 2408 882 2459 vid.
903 2407 952 2461 Ed.
971 2428 1011 2478 pr.
1032 2429 1058 2479 p.
1077 2411 1121 2463 te.
1158 2411 1190 2461 A.
1210 2411 1405 2463 Westermann
1425 2408 1503 2462 Cescb.

463 2497 488 2547 d.
508 2496 585 2547 Itum.
604 2493 786 2548 Beredtsamlr.
804 2494 827 2565 ᾗ.
846 2498 891 2549 49.
913 2516 936 2565 ρ.
956 2499 1008 2548 114
1027 2516 1086 2567 sqq.
1122 2495 1180 2548 Mr.

534 2587 612 2655 Quae
631 2596 670 2635 est
690 2586 747 2636 ista
765 2585 883 2636 servitus
904 2585 948 2650 -]
969 2584 1052 2636 Plane
1070 2585 1109 2637 sic
1126 2585 1231 2638 locutus
1250 2597 1288 2639 est
1308 2584 1367 2640 Cic.
1384 2583 1504 2649 Philtt:

462 2678 644 2744 Quaenam,
674 2673 787 2737 malunt,
816 2684 856 2723 ast
877 2675 951 2722 ista
978 2672 1135 2732 voluntaria
1162 2673 1297 2739 servitus,
1323 2694 1404 2745 quem
1431 2675 1504 2726 locum

464 2760 580 2813 laudavit
599 2760 680 2830 Borg.
708 2762 862 2833 addiditque
888 2760 980 2832 nquit.
998 2761 1078 2814 Rom.
1099 2761 1145 2829 [ad
1171 2761 1236 2814 calc.
1263 2762 1346 2815 Rutil.
1371 2764 1451 2835 Lupi,
1474 2762 1503 2812 ed.

388 2898 390 2903 ,
464 2846 578 2914 Ruunt]
601 2867 625 2916 p.
640 2850 693 2899 199
708 2869 748 2920 sq.
773 2850 819 2900 ubi
839 2850 951 2903 ridicule
971 2861 996 2902 et
1016 2850 1104 2924 inepte
1122 2850 1155 2902 ab
1176 2850 1285 2902 homine
1303 2852 1356 2904 isto
1374 2851 1503 2904 Gramma·

464 2939 518 2991 tica
533 2935 598 2989 haec
612 2936 719 2999 locutio,
740 2950 851 3009 propter
864 2940 985 2992 additum
998 2939 1063 2992 illud
1078 2940 1177 2990 nralum
1191 2941 1219 2992 in
1230 2939 1386 2995 Pleouasmi
1397 2940 1503 3012 exemplis

463 3025 581 3094 ponitur.
628 3024 734 3091 Quodsi
761 3028 848 3079 omnis
872 3027 972 3079 locutio
998 3028 1089 3099 paullo
1114 3028 1278 3082 commotior
1304 3030 1332 3082 in
1361 3030 1504 3102 pleonasmis

462 3111 582 3163 habenda
603 3121 656 3174 est,
677 3112 761 3165 multo
781 3115 864 3184 magis
884 3115 1031 3185 pleonasmi
1045 3128 1106 3170 sunt
1122 3116 1203 3169 libelli
1220 3118 1434 3187 magistellorum
1450 3118 1504 3171 eius-

464 3199 537 3251 modi
557 3198 730 3269 lrigidorum.
749 3231 782 3239 -
823 3204 911 3256 Verba
932 3216 1057 3275 quaeest
1078 3207 1133 3257 ista
1152 3206 1272 3270 servitus
1291 3206 1392 3261 desunt
1408 3208 1435 3259 in
1452 3204 1504 3258 cot.

463 3288 514 3341 Or.
532 3305 576 3350 ψ.;
596 3307 646 3357 pro
664 3288 737 3340 claro
756 3291 911 3360 [perperam
932 3294 960 3345 in
986 3292 1035 3346 Ed.
1053 3288 1153 3354 Geruli.
1171 3293 1271 3347 dicitur
1296 3296 1339 3366 (p.
1359 3296 1434 3364 288.)
1456 3292 1504 3347 Oli·

461 3376 547 3430 vetum
570 3376 691 3430 exhibere
710 3378 810 3446 elatos]
830 3380 913 3432 estin
934 3379 984 3434 Ox.
1001 3380 1031 3432 E.
1048 3381 1206 3449 praeelar05
1227 3383 1318 3451 pergit
1336 3385 1397 3436 Cra.
1414 3387 1438 3436 1.
1453 3398 1501 3435 cum

462 3463 533 3518 Gud.
552 3464 585 3519 A.
605 3475 674 3516 tana
693 3465 789 3531 nobili,
811 3469 867 3520 Cra.
888 3473 913 3521 2.
931 3480 1039 3539 atque
1058 3480 1128 3519 tam
1147 3468 1237 3521 nobili.
1272 3469 1333 3521 Mn.

527 3553 618 3603 Omnis
628 3554 711 3605 anieni
730 3554 865 3606 debilitati
878 3566 947 3606 -et
958 3557 1049 3629 fracti
1062 3557 1196 3608 timiditas
1208 3558 1328 3610 servitus
1345 3561 1409 3627 est.]
1427 3557 1503 3626 „Libri

461 3649 560 3690 veteres
573 3639 671 3693 babent
688 3643 799 3711 partim:
819 3644 904 3695 omnis
922 3645 1005 3695 animi
1022 3644 1175 3695 debilitata
1193 3654 1220 3694 et
1235 3645 1347 3699 humilis
1360 3658 1389 3698 at
1404 3648 1502 3718 stacta

462 3726 610 3778 timiditas:
630 3739 655 3782 et
676 3730 710 3781 ita
730 3730 902 3782 emendatum
923 3731 1007 3783 estin
1027 3731 1126 3784 Codice
1144 3730 1330 3786 Memmiana:
1352 3734 1443 3806 itaque
1459 3731 1503 3785 edi·

463 3811 502 3861 dit
515 3811 645 3883 Longius:
664 3818 777 3885 partim:
797 3818 883 3871 omnis
902 3818 985 3869 animi
1003 3817 1144 3871 debilitas
1161 3829 1188 3868 et
1207 3819 1320 3871 humilis
1338 3823 1410 3873 etc.“
1428 3821 1503 3874 Lam·

462 3899 574 3952 binus.
611 3903 693 3969 „Duo
713 3918 738 3959 et
758 3906 821 3957 alias
840 3908 931 3957 Omnis
949 3910 1037 3958 eninr
1056 3908 1140 3959 animi
1158 3909 1221 3959 -.“
1241 3906 1317 3962 ΑΜ.
1336 3908 1425 3961 Mau.
1458 3906 1501 3959 Ad·

463 3986 531 4039 dunt
550 3988 614 4041 illud
634 3991 702 4041 enim
722 3989 808 4046 Codd.
827 3992 887 4046 Cra.
907 3997 932 4049 3.
950 3993 1057 4051 Suerin.
1079 3994 1158 4047 Drsd.
1178 3999 1204 4048 4.
1223 3992 1274 4046 Ed.
1294 4015 1338 4066 ap.
1350 3992 1501 4049 Meuatttd.

460 4072 530 4127 Crat.
550 4076 642 4147 Magn.
663 4078 736 4131 Man.
756 4092 862 4134 nostrae
885 4083 953 4134 Ven.
972 4085 1148 4137 14921514.
1173 4081 1253 4135 Hdlb.
1280 4083 1345 4137 Par.
1363 4105 1386 4138 s.
1405 4105 1428 4138 a.
1454 4084 1502 4135 Par.

459 4166 538 4216 1512.
558 4167 637 4219 1543.
655 4166 716 4219 Atd.
736 4170 815 4221 1517.
837 4173 917 4224 1552.
932 4171 998 4224 Dav.
1016 4170 1091 4241 sylb.
1107 4170 1168 4223 Car.
1187 4167 1281 4241 steph.
1302 4171 1406 4225 Sturm.
1430 4174 1501 4225 Hem.

458 4248 563 4302 Camer.
584 4250 650 4321 Arg.
669 4250 739 4307 Aud.
757 4254 832 4318 Tat.;
851 4255 902 4309 Or.
919 4277 947 4319 ψ,
966 4261 1080 4311 animae.
1107 4256 1227 4327 'Legitur
1243 4259 1330 4310 aninai
1348 4260 1501 4311 debilitas

457 4339 484 4389 in
502 4337 589 4391 Codd.
607 4339 688 4393 Bern.
706 4341 784 4395 Basil.
805 4346 930 4400 omuibus
948 4347 1025 4414 Atti,
1043 4346 1148 4411 Gueli.‚
1168 4344 1232 4399 Eue.
1252 4345 1323 4417 Eyb.
1343 4348 1440 4402 nostris
1456 4343 1500 4397 cn.

456 4428 480 4476 1.
498 4432 522 4477 2.
543 4425 621 4513 Drsd.
640 4431 664 4480 1.
684 4433 709 4485 1.
729 4432 754 4483 3.
773 4435 799 4485 4.
819 4436 843 4486 5.
863 4433 958 4489 Duisb.
977 4435 1088 4489 Suerin.
1111 4433 1176 4488 On.
1196 4431 1227 4485 E.
1248 4434 1269 4488 l.
1289 4434 1323 4488 N.
1343 4435 1379 4489 U·
1399 4455 1427 4499 u·
1445 4430 1500 4485 ⁶¹¹4·

457 4511 487 4561 Α.
508 4513 552 4577 Β.;
572 4516 715 4569 debilitata
733 4520 761 4573 in
781 4521 848 4574 Cod.
869 4524 927 4577 Cra.
946 4526 972 4578 3.
992 4523 1060 4577 Edd.
1079 4544 1122 4594 ap.
1141 4523 1227 4577 Meus.
1248 4524 1321 4577 Ven.
1340 4528 1418 4579 1492.
1435 4520 1497 4575 1511-
