3517 5450
437 760 674 808 ruotnuottana
702 759 743 806 AD
772 758 941 805 CICERONIS
970 758 1156 805 sanabunt.
1230 761 1321 806 XXXV

289 923 333 975 insit
350 922 399 974 reri
420 923 446 974 in
467 942 497 974 ea
516 921 654 974 sententia.
691 922 797 988 Quarto
820 931 909 971 autem
928 921 1065 973 Paradoso
1085 922 1162 992 plane
1183 932 1237 974 nnn
1255 940 1320 992 pro-

288 1009 328 1061 bari
345 1009 378 1062 ait
394 1009 553 1063 sententiam
574 1008 768 1080 praepositam,
787 1007 832 1058 sed
853 1006 924 1059 aliud
944 1009 1026 1079 quid,
1047 1029 1134 1080 neque
1152 1007 1204 1061 hoc
1222 1011 1254 1062 ad
1274 1029 1319 1062 ve-

221 1102 224 1131 !
288 1097 369 1149 ritatem
387 1107 414 1151 et
432 1097 564 1150 rationem
584 1108 699 1150 certam:
728 1096 852 1165 quitatum
880 1115 943 1147 sero
965 1108 991 1149 et
1013 1097 1137 1167 esplicari
1165 1097 1269 1151 acutius
1293 1110 1319 1152 et

222 1184 226 1227 '-
287 1185 363 1238 certius
381 1184 537 1238 conlirmari
556 1184 695 1249 concedit3
714 1183 740 1236 in
759 1194 835 1236 sexto
853 1182 984 1255 denique,
1010 1184 1082 1254 quod
1109 1183 1195 1236 solum
1213 1184 1321 1252 snpien-

288 1281 324 1322 ten
339 1273 482 1324 divitem
500 1291 557 1324 esse
576 1271 643 1335 rult,
671 1271 803 1334 ludimur,
829 1271 931 1342 inquit,
958 1272 985 1324 in
1006 1273 1178 1343 ambiguitate
1198 1272 1319 1326 vocabuli

224 1404 226 1411 ,
287 1357 347 1414 dives.
392 1360 514 1430 lpsorum
533 1359 733 1412 Paradosorum
755 1358 824 1411 inter
845 1379 872 1412 se
892 1359 1111 1412 coniunctionem
1135 1370 1160 1411 et
1179 1361 1254 1431 quasi
1273 1379 1320 1415 co·

224 1490 227 1495 .
287 1445 429 1513 pulationens
452 1465 506 1499 non
527 1447 666 1518 quaesivit,
687 1466 740 1499 nou
763 1447 832 1499 vidit.

336 1550 580 1617 Gernlsardus,
600 1550 752 1623 ponderatis
771 1550 885 1604 Setiiuii
904 1553 1063 1615 rationibus,
1091 1571 1144 1606 non
1164 1552 1317 1607 existimarit

220 1644 228 1652 ”
287 1635 304 1687 in
318 1639 434 1691 munibus
453 1639 477 1691 ei
496 1658 550 1692 ease
568 1640 772 1692 assentiendum.
812 1639 845 1692 Et
864 1640 980 1710 primunr
1001 1641 1108 1712 quidem
1128 1643 1253 1706 ordinem,
1272 1642 1317 1704 ait,

225 1744 230 1761 ³
286 1724 303 1775 ia
322 1726 456 1780 Paradosis
483 1727 617 1799 quendam
649 1747 779 1799 apparere
806 1741 952 1781 serratum:
976 1730 1093 1798 primum
1119 1741 1144 1782 et
1173 1730 1318 1781 secundum

220 1821 228 1839 '¹
285 1829 339 1878 posse
356 1813 447 1867 haberi
468 1834 517 1885 pro
545 1815 707 1887 reliquorum
727 1815 838 1868 stesimn
865 1826 911 1869 aut
937 1816 1016 1869 totius
1040 1816 1195 1888 disciplinae
1219 1817 1317 1870 lunda·

284 1912 366 1966 mento,
387 1920 566 1974 quamquam,
592 1921 661 1975 quae
680 1903 785 1974 utrique
805 1904 930 1976 opposuit
949 1903 1103 1968 Schiitaius,
1133 1923 1188 1957 non
1207 1905 1316 1958 refellit:

281 1990 337 2038 tertii
354 2001 442 2042 autem
463 2010 626 2063 qaiamquam
647 2011 701 2044 non
721 1994 846 2044 omnibus
865 1992 982 2044 numeris
1007 1992 1154 2044 absolutam
1179 1992 1317 2046 contendit

279 2091 320 2128 esse
336 2079 609 2150 argumentationem,
639 2079 791 2150 explicatius
815 2090 904 2132 tamen
930 2077 1059 2131 hocloco
1080 2079 1113 2130 de
1132 2098 1164 2131 eo
1183 2078 1315 2149 paradoxo

277 2158 336 2235 loqui
364 2167 427 2220 dicit
451 2165 611 2222 Ciceronem
639 2180 664 2221 et
690 2167 869 2239 probabilius,
899 2187 979 2238 quam
1005 2165 1135 2219 Catonem
1161 2165 1315 2238 loquentem

275 2249 352 2307 fecerit
371 2253 440 2308 libro
459 2256 493 2308 de
512 2255 622 2309 Finibus
640 2257 716 2310 tertio
734 2268 759 2309 et
780 2266 891 2329 quarto,
917 2275 1034 2327 eumque
1061 2265 1182 2326 suscepto
1209 2252 1314 2308 Stoico-

273 2356 323 2393 rum
346 2342 495 2413 patrocinio
521 2344 623 2398 acutius
647 2345 713 2397 adeo
739 2355 764 2397 et
790 2345 875 2397 serius
900 2344 1005 2398 causans
1026 2362 1165 2414 exponere.
1203 2341 1316 2394 Confert

271 2442 394 2494 praeterea
415 2431 449 2483 ad
469 2435 625 2485 sententiam
645 2431 734 2486 Horat.
753 2432 877 2485 Sermon.
898 2433 917 2496 l,
937 2436 962 2488 3.
989 2433 1016 2484 in
1044 2431 1137 2502 primis
1160 2451 1181 2483 v.
1198 2434 1233 2483 “lb
1254 2448 1311 2502 sqq.

271 2515 385 2581 [debebat
404 2519 514 2572 laudare
533 2540 555 2574 v.
574 2523 609 2574 96
628 2540 686 2594 sqq.
710 2520 755 2600 ubi
779 2540 852 2574 nunc
871 2521 920 2572 sid.
947 2519 988 2572 ed.
1014 2517 1177 2584 Heindorlii,
1207 2529 1312 2571 auctam

268 2607 509 2673 &Wiistemannm
529 2627 554 2677 p.
572 2611 625 2662 122
642 2611 723 2680 sqq.].
769 2610 905 2677 Quartum
931 2607 1039 2679 quidem
1059 2610 1171 2669 (omnem
1195 2607 1312 2656 stultum

266 2691 389 2763 insanire)
415 2707 545 2749 nontam
570 2716 600 2749 ex
624 2696 705 2769 ipsius
729 2697 855 2751 stultitiae
880 2696 989 2750 notione
1014 2693 1205 2760 demonstrari,
1230 2711 1310 2763 quam

266 2780 373 2854 aliquem
392 2784 586 2852 adversarium,
613 2785 700 2839 Clodii
720 2786 846 2853 similem,
872 2786 996 2839 insanum
1023 2803 1078 2836 esse
1096 2783 1187 2854 argui,
1212 2782 1311 2854 quippe

268 2867 309 2936 qui
326 2868 485 2923 Ciceronem
512 2892 545 2924 ne
564 2872 666 2926 civitate
692 2874 800 2944 quidem
824 2873 922 2945 pellere
948 2872 1076 2943 potuerit,
1103 2871 1230 2942 quoniam
1254 2881 1309 2922 tum

267 2970 315 3008 non
334 2958 422 3012 civitas
441 2959 536 3025 luerit,
555 2948 617 3027 cum
638 2959 708 3031 leges
726 2960 752 3011 in
774 2980 802 3012 ea
823 2959 887 3012 nihil
907 2959 1036 3012 valerent:
1060 2958 1106 3011 sed
1131 2977 1191 3010 cum
1217 2975 1310 3008 omnes

265 3044 338 3097 aninsi
353 3047 568 3117 perturbationes
578 3048 630 3102 sint
642 3050 744 3112 morbi;
765 3049 810 3120 qui
829 3049 857 3101 in
878 3049 973 3101 morbo
986 3049 1046 3114 sint,
1064 3047 1174 3099 sanitate
1192 3055 1309 3109 careant,

269 3149 327 3199 quae
344 3135 456 3190 sanitate
468 3146 651 3203 careatmens,
671 3137 762 3190 insana
783 3138 864 3207 possit
883 3137 949 3190 dici:
968 3136 1006 3189 sic
1025 3156 1039 3188 a
1059 3135 1143 3188 serbis
1154 3133 1309 3187 Latinorum

268 3218 319 3273 duci
339 3242 353 3274 a
372 3220 507 3275 Cicerone
526 3235 682 3294 argumenta
702 3225 826 3280 stultitiae
845 3226 878 3278 ab
898 3225 1000 3278 insania
1019 3243 1075 3276 non
1094 3221 1308 3292 distinguendae:

269 3302 345 3378 ltaque
362 3309 447 3363 thesin
467 3309 549 3375 illam,
569 3331 668 3363 omnem
687 3315 804 3364 strrltum
820 3314 948 3379 insanire,
969 3312 1032 3365 lerri
1053 3331 1136 3382 posse,
1158 3311 1177 3362 si
1197 3310 1307 3362 verbum

269 3388 309 3447 boc
334 3397 460 3455 latissimo
487 3418 564 3452 sensu
591 3400 754 3472 intelligatur
778 3402 869 3455 omnia
895 3401 956 3453 vitia
987 3400 1133 3453 continere.
1177 3398 1308 3466 Quintum

220 3531 222 3538 .
272 3484 407 3545 paradoxon
426 3486 571 3539 commode
589 3489 698 3559 probari
718 3500 743 3541 et
768 3508 853 3561 prope
878 3488 983 3541 desiisse
1001 3508 1016 3539 a
1036 3499 1139 3540 nostrae
1160 3496 1231 3539 certe
1248 3482 1307 3556 pbi-

224 3585 227 3590 ’
272 3561 391 3640 losopbiae
409 3592 460 3626 usu
478 3572 606 3645 loquendi
624 3571 784 3641 abliorrere,
810 3571 872 3630 curn
892 3576 1002 3631 rationis
1025 3575 1063 3628 sel
1082 3574 1170 3647 potius
1185 3574 1306 3627 volunta·

273 3653 295 3707 lis
309 3656 411 3713 libertas
434 3660 462 3712 in
483 3680 589 3715 morum
615 3664 753 3735 disciplina
782 3666 892 3737 proprie
920 3665 1037 3728 dicatur,
1066 3663 1185 3734 opposita
1211 3680 1305 3714 eorum

273 3746 382 3815 servituti,
409 3750 456 3822 qui
478 3764 573 3821 parent
588 3752 748 3806 libidinibus.
795 3757 908 3805 Sextum
926 3752 1042 3823 (lenique
1060 3752 1234 3814 Paradoxon,
1261 3769 1306 3801 so—

274 3827 313 3883 lun
326 3838 474 3906 sapientem
492 3857 548 3891 esse
567 3841 689 3906 divitem,
707 3860 741 3893 eo
758 3840 876 3906 firmari,
894 3841 966 3912 quod
985 3840 1090 3910 sapiens
1107 3840 1139 3892 sit
1155 3838 1208 3891 suis
1227 3838 1305 3890 rebus

275 3931 409 3992 contentus,
430 3937 587 3980 contentum
607 3941 695 3982 autem
716 3930 795 3982 reb'us
818 3930 873 3982 suis
891 3947 960 3993 esse,
987 3947 1042 3981 non
1063 3927 1190 3979 maximae
1206 3925 1303 3991 solum,

273 4008 301 4059 nt
320 4014 395 4065 etiam
415 4014 576 4068 certissimae
589 4018 640 4070 sint
651 4018 767 4071 divitiae:
785 4017 861 4088 sequi
872 4017 942 4069 idem
956 4016 1035 4069 etiam
1046 4036 1075 4067 es
1090 4015 1208 4068 secundo
1222 4016 1304 4067 Para-

273 4095 322 4153 doso
339 4104 481 4163 (virtutem
500 4106 620 4172 sufficere
639 4108 677 4157 od
694 4107 800 4158 bentona
821 4106 933 4171 vitum),
961 4124 1023 4158 cum
1042 4104 1113 4156 solus
1129 4104 1232 4170 sapiens
1252 4103 1302 4152 sir-

272 4191 311 4238 tute
325 4189 355 4242 sit
374 4190 519 4260 praeditus,
539 4211 604 4262 ergo
620 4195 720 4258 beatus,
740 4195 832 4246 beatus
846 4203 934 4245 autem
946 4194 977 4245 sit
989 4191 1167 4252 felicissimum
1185 4188 1302 4241 felicissi-

267 4284 326 4325 mum
342 4295 402 4329 cum
418 4275 538 4330 dicamus
553 4280 605 4332 srni
622 4281 699 4334 bonis
716 4283 850 4347 omnibus,
870 4281 898 4333 in
911 4280 988 4334 bonis
1001 4291 1089 4333 autem
1104 4280 1254 4332 reserantur
1268 4276 1300 4327 ab

265 4362 374 4417 omnibus
392 4364 512 4430 divitiae,
534 4367 634 4424 divitias
653 4391 725 4422 veras
743 4370 813 4422 solus
832 4369 929 4422 habere
948 4369 1029 4441 possit
1046 4368 1157 4438 sapiens,
1175 4365 1237 4419 inde
1250 4364 1300 4435 igi-

261 4460 298 4501 tur
313 4451 376 4504 nilril
396 4453 527 4523 impedire
546 4457 689 4527 significat,
709 4478 764 4530 quo
785 4458 872 4511 minus
887 4468 1028 4528 sequatur,
1053 4467 1082 4509 ut
1107 4453 1178 4507 solus
1195 4453 1300 4525 sapiens

256 4537 352 4591 dicatur
369 4540 455 4604 dives,
483 4543 582 4597 etiamsi
604 4558 692 4601 careat
716 4548 747 4600 iis
772 4545 865 4608 rebm,
889 4545 987 4617 quibus
1011 4543 1088 4615 vulgo
1113 4541 1217 4595 divitiae
1235 4559 1299 4595 oen-
