3517 5450
455 679 529 754 288
778 701 949 750 rantnoxt
978 698 1172 748 srorconun.

454 884 531 926 rum,
562 864 637 918 cuius
656 861 739 915 multa
758 860 857 915 mentio
881 860 953 932 apud
972 852 1152 928 Ciceronem,
1183 858 1308 932 inprimis
1333 859 1361 912 in
1384 860 1498 924 Verrinis,

456 965 484 1008 ut
504 954 581 1006 Verr.
598 950 619 1019 Ι,
638 955 681 1006 56.
701 950 733 1004 ad
754 949 850 1017 Quint.
868 950 904 1002 sr.
924 948 968 1014 ΙΙΙ,
988 953 1014 1015 1,
1032 953 1077 1003 2.“
1112 949 1190 1002 Ero.

526 1041 613 1109 operis
632 1038 756 1105 dandis,]
794 1035 923 1108 „Operae
941 1037 1055 1104 dantur,
1081 1037 1101 1090 si
1123 1036 1184 1109 quis
1210 1034 1352 1108 operarios
1377 1035 1417 1089 vel
1444 1055 1499 1089 con-

456 1126 529 1182 ducit
547 1125 585 1179 vel
608 1126 739 1199 possidet,
760 1145 860 1196 eosque
879 1124 933 1190 dat,
953 1125 971 1177 i.
985 1144 1008 1178 e.
1028 1123 1122 1190 elocat,
1140 1135 1212 1179 certa
1231 1125 1389 1180 mercede.“
1405 1125 1499 1195 Wytt.

455 1215 584 1287 Sequitur
602 1215 630 1268 in
648 1214 716 1268 cod.
733 1213 813 1267 Drsd.
832 1219 856 1268 5.
873 1213 990 1284 publicis
1008 1213 1165 1268 tributis
1193 1213 1348 1278 sumendis,
1377 1225 1404 1267 et
1421 1213 1500 1267 eaden

456 1305 541 1377 glossa
561 1303 664 1370 addita,
683 1301 751 1355 Cod.
770 1301 850 1357 Suer.
864 1301 981 1372 publicis
1000 1303 1136 1355 sumendis
1154 1301 1320 1356 tributis.
1339 1330 1375 1340 -
1403 1301 1500 1366 „Publi-

456 1395 494 1446 cis
504 1393 654 1446 sumendis:
669 1390 786 1462 publicis
805 1389 958 1442 tributis
976 1390 1111 1443 sumendis
1125 1400 1261 1462 quattuor.
1298 1389 1423 1442 Publicis
1434 1391 1502 1440 dan·

456 1482 510 1535 dis
528 1480 663 1534 sumendis
683 1477 804 1550 [repetita
824 1498 889 1532 voce
906 1479 994 1533 media
1013 1498 1043 1531 er
1062 1479 1182 1551 proxime
1192 1478 1437 1545 antecedentibus‚]
1459 1497 1502 1530 esse

457 1570 486 1622 in
506 1568 623 1642 quodam
643 1579 730 1620 vetere
750 1565 794 1619 alii
813 1566 942 1620 scribunt.
980 1566 1115 1639 intellige:
1133 1566 1318 1622 conducendis
1332 1567 1500 1639 vectigalibus,

456 1657 529 1730 quod
549 1654 754 1728 publicanorum
775 1657 857 1707 erat.“
879 1653 952 1709 Ald.
973 1655 1060 1709 Man.
1103 1656 1140 1723 ,,ἰ.
1158 1676 1181 1710 e.
1201 1655 1383 1723 redimendis,
1412 1655 1503 1709 condu-

458 1743 550 1800 cendis
568 1742 678 1796 aedibus
697 1741 810 1813 publicis
828 1741 867 1795 rel
886 1744 967 1797 sacris
984 1743 1140 1798 reficiendis.
1183 1743 1314 1797 Similiter
1334 1743 1369 1796 de
1387 1743 1501 1797 decumis

458 1834 536 1886 Verr.
547 1832 591 1897 ΙΙΙ,
608 1835 656 1885 64;
675 1833 746 1882 Nom
763 1831 817 1883 nisi
834 1831 877 1881 itu
894 1841 979 1898 esset,
997 1850 1046 1883 cur
1063 1842 1095 1884 tu
1109 1832 1262 1902 Apronium
1278 1832 1416 1890 malebas,
1435 1851 1502 1905 quan

457 1920 623 1986 Minucium,
648 1920 809 1971 decumas
837 1921 899 1990 agri
925 1921 1050 1972 bantini
1067 1919 1225 1974 sumere?
1262 1920 1344 1992 Opus
1375 1921 1499 1993 publicum

457 2020 624 2062 memoratur
642 2008 675 2061 de
693 2007 806 2078 Harusp.
830 2006 911 2077 Resp.
929 2008 976 2062 8.“
1004 2008 1105 2079 Borg.
1124 2039 1158 2048 -
1204 2009 1342 2075 „Publica
1367 2010 1501 2075 sumit,si

458 2099 517 2171 quis
537 2096 675 2173 publicum
695 2115 763 2167 opus
788 2095 930 2162 conducit,
959 2095 1039 2151 veluti
1067 2098 1100 2150 ab
1119 2096 1250 2151 aedilibus
1280 2108 1329 2150 aut
1359 2097 1500 2150 censoribus

458 2198 568 2258 pontem
588 2185 705 2257 aliquem
725 2182 899 2237 reficiendum
918 2204 939 2237 s.
958 2185 1130 2252 struendum,
1155 2195 1227 2238 certa
1247 2185 1374 2256 pecunia.
1412 2184 1499 2238 Graece

458 2276 582 2345 δημόσιον
600 2275 674 2345 loyor
692 2269 859 2337 λαμβάνειν.“
896 2274 1003 2344 Wytt.
1190 2345 1192 2350 Ι

528 2381 595 2432 opus
613 2381 669 2414 esse
688 2361 822 2434 quaesito]
860 2361 933 2427 „Eos
951 2380 1006 2414 non
1025 2373 1165 2417 contentos
1182 2382 1238 2416 esse
1257 2382 1286 2418 re
1304 2383 1352 2418 sua
1375 2364 1497 2427 lamiliari,

465 2471 519 2504 non
539 2450 637 2503 babere
655 2449 744 2504 satis.“
779 2449 910 2504 Manut.

531 2558 598 2608 opus
617 2557 673 2590 esse
692 2540 826 2612 quaesito]
872 2543 946 2609 Opus
972 2540 1070 2594 omittit
1094 2539 1193 2605 Or.c.,·
1214 2559 1309 2593 vocem
1329 2561 1389 2594 esse
1408 2540 1456 2596 01.
1471 2558 1500 2604 n,

458 2648 515 2680 esse
535 2648 602 2699 opus
620 2628 718 2682 babent
739 2627 810 2682 Gud.
832 2626 862 2683 Β.
882 2639 908 2680 et
926 2627 1005 2682 Drsd.
1023 2633 1050 2682 4.
1089 2630 1270 2699 „Quaesitum
1294 2628 1313 2680 i.
1333 2649 1361 2700 q.
1387 2642 1500 2700 quaestus,

458 2717 475 2770 i.
495 2738 518 2771 e.
537 2717 673 2772 lucrum.“
692 2718 800 2789 Wytt.
837 2717 926 2769 Verba
946 2716 1016 2769 domi
1040 2728 1106 2770 tuce
1135 2717 1262 2771 omittunt
1283 2706 1379 2771 codd.
1397 2715 1501 2770 Gutt.

463 2805 493 2859 B.
514 2804 572 2858 Cra.
592 2810 617 2859 2.
637 2805 716 2859 Drsd.
734 2810 760 2860 4.
798 2806 903 2859 Absunt
932 2805 1025 2858 eadem
1050 2826 1065 2858 a
1095 2804 1182 2859 Codd.
1201 2805 1261 2859 Bas.
1279 2817 1307 2860 et
1326 2804 1419 2860 Guell.
1460 2806 1501 2858 Pro

459 2895 563 2964 pariter
581 2904 620 2948 est
635 2905 742 2965 portem
760 2896 787 2947 in
808 2894 893 2949 Codd.
913 2893 979 2947 On.
995 2912 1018 2959 σ,
1036 2912 1065 2957 ψ.
1087 2892 1160 2947 Gud.
1179 2895 1210 2947 Α.
1222 2894 1268 2945 -Βξ
1280 2896 1342 2947 Cri.
1360 2897 1388 2947 1.
1407 2893 1447 2965 (in
1464 2892 1501 2945 boc

461 3003 474 3036 a
495 3003 536 3054 pr.
554 2984 604 3051 m.)
622 2986 680 3036 Cra.
699 2988 723 3035 2.
742 2983 822 3037 Drsd.
842 2988 883 3051 1.;
901 2985 929 3036 in
947 2983 1027 3036 Drsd.
1045 2986 1070 3037 3.
1086 2993 1203 3052 putrem.
1239 2981 1299 3035 ΜΓ.

533 3081 721 3122 accusatorum
741 3082 825 3142 atque
844 3071 1010 3138 indicum]
1037 3071 1125 3138 .„Hic
1144 3070 1223 3142 plane
1247 3070 1397 3143 legendum
1424 3088 1501 3126 censeo

460 3168 651 3210 accusatorum
669 3169 752 3229 utque
771 3159 940 3222 indicum,
967 3158 1106 3230 multoque
1124 3159 1192 3212 adeo
1220 3160 1306 3231 magis
1330 3180 1415 3231 quam
1440 3176 1501 3229 supra

462 3246 534 3313 [Par.
553 3246 587 3310 V,
605 3247 659 3313 3.]:
686 3247 791 3298 index
819 3266 881 3300 vero
910 3258 1044 3320 quantum
1074 3247 1156 3299 babet
1178 3248 1370 3301 dominatum!
1377 3254 1393 3279 ‘⁴
1427 3250 1502 3301 Lan·

461 3334 530 3387 bin.
576 3336 732 3407 [Perperam
758 3336 786 3388 in
805 3336 931 3390 lemmate
956 3336 1006 3391 Ed.
1035 3335 1128 3389 Lamb.
1149 3339 1230 3390 1566.
1247 3334 1349 3407 legitur
1377 3337 1502 3397 iudicum,

460 3424 506 3495 qui
525 3443 603 3476 error
621 3424 684 3477 item
703 3425 786 3477 estin
806 3424 855 3478 Ed.
872 3424 982 3490 Graev.;
1001 3426 1046 3478 sed
1066 3426 1144 3478 etiam
1163 3423 1191 3477 in
1210 3443 1275 3479 ann.
1295 3426 1354 3496 ipsa
1376 3436 1416 3479 est
1432 3423 1504 3477 iudi-

460 3530 519 3563 cum
537 3511 565 3564 in
584 3511 633 3564 Ed.
651 3512 747 3568 Coton.
773 3524 799 3565 et
817 3513 910 3565 Lanib.
932 3516 1002 3567 158⁰
1027 3515 1091 3581 (nec
1110 3531 1171 3566 vero
1195 3513 1224 3565 in
1255 3513 1306 3566 Ed.
1325 3514 1395 3587 Arg.
1414 3512 1504 3580 libid:

461 3620 542 3671 quem
563 3620 683 3654 errorem
704 3613 776 3655 recte
796 3601 969 3673 reprehendit
987 3600 1016 3654 F.
1034 3600 1067 3656 N.
1087 3599 1225 3667 Kleinius,
1251 3601 1300 3672 qni
1318 3622 1343 3655 a.
1364 3606 1444 3659 1830.
1458 3600 1503 3654 edi·

461 3689 498 3743 dit
535 3688 687 3742 Emendatt.
705 3690 915 3757 Lambinianas.]
959 3690 1065 3756 „Miror
1083 3687 1231 3741 Gruterum
1250 3688 1295 3743 bic
1324 3702 1447 3745 secutum
1463 3705 1504 3740 esse

462 3777 585 3829 Lambini
605 3780 787 3832 coniecturam
807 3780 888 3848 [quae
918 3788 957 3831 est
981 3777 1045 3830 item
1073 3775 1152 3830 lectio
1173 3777 1243 3830 Vict.
1271 3789 1299 3830 et
1316 3778 1390 3832 Rob.
1417 3774 1503 3847 Stepbd

463 3876 556 3919 contra
575 3864 705 3920 Codicum
728 3867 850 3919 omnium
869 3866 957 3920 fidem.
1004 3867 1180 3919 Accusatores
1207 3877 1233 3920 et
1252 3865 1358 3921 indices
1378 3867 1452 3938 iungi
1467 3879 1505 3916 nec

462 3972 553 4006 rarum
581 3971 631 4005 nec
656 3953 785 4025 flagitium
805 3966 858 4007 est:
888 3956 954 4026 quin
972 3972 1078 4024 semper
1104 3953 1297 4023 iungebantur.
1347 3955 1505 4009 Accusatores

463 4042 534 4093 enim
554 4040 863 4096 indicum·testimoniis
887 4035 1049 4097 nitebantur.
1096 4041 1149 4093 Sed
1175 4052 1349 4097 accusatores
1369 4056 1396 4097 et
1423 4042 1505 4096 iudices

464 4132 537 4184 coire
556 4130 715 4202 flagitiosum
736 4142 781 4184 est.
827 4131 907 4185 ludex
926 4132 998 4185 enim
1017 4149 1068 4184 nec
1087 4140 1175 4201 partes
1193 4130 1284 4183 facere
1306 4150 1361 4185 nec
1380 4131 1452 4203 sequi
1469 4127 1505 4180 de-

465 4220 515 4273 bet.
550 4221 751 4274 conveniebant
768 4231 867 4285 autem,
887 4230 915 4273 ut
933 4227 1175 4289 corrumperentur
1186 4216 1290 4271 iudices
1308 4217 1343 4273 ad
1354 4215 1504 4273 damnandos

464 4325 538 4373 reos,
558 4327 675 4380 quorum
694 4307 772 4360 bonis
791 4307 937 4361 inhiabant.
988 4308 1018 4360 ln
1037 4305 1185 4360 Pithoeano
1202 4304 1308 4360 Codice
1336 4320 1364 4362 et
1390 4309 1440 4363 alio
1461 4300 1504 4357 MS·

466 4398 535 4449 domi
553 4406 635 4456 tuce,
654 4408 680 4449 et
697 4416 748 4468 pro
763 4398 870 4466 pariter
890 4398 1015 4451 scribitur
1031 4406 1152 4465 partem:
1180 4397 1235 4449 boc
1253 4396 1358 4450 modo:
1390 4398 1435 4469 qui
1451 4392 1504 4446 videt

471 4485 539 4541 domi
550 4495 615 4536 tuae
632 4496 737 4555 partem
747 4496 950 4545 accusatorum,
967 4484 1085 4537 iudicum
1098 4485 1267 4539 consociatos
1279 4490 1405 4560 greges.“
1423 4483 1505 4537 Grae·
