3517 5450
459 711 533 784 308
783 732 956 780 ernanum
985 731 1181 780 srorconuu.

458 899 577 950 risotum.
613 894 739 949 Ceterum
766 895 798 946 de
818 893 905 947 Crassi
929 894 1057 946 reditibus
1081 894 1190 948 cousuie
1217 894 1357 948 Budaeum
1387 896 1415 947 iu
1442 903 1456 950 2
1481 899 1506 950 de

459 986 522 1038 Asse
550 986 587 1054 [p.
608 988 667 1039 232.
694 984 720 1034 in
740 981 813 1037 Scrr.
841 982 877 1033 rei
899 981 1043 1034 Numanae
1060 982 1101 1035 ed.
1124 983 1155 1035 Α.
1173 982 1393 1055 Rechenberg.]“
1423 987 1505 1056 Xyst.

458 1072 566 1125 Betui.
612 1072 712 1124 Probat
731 1071 813 1141 Borg.
842 1071 1016 1141 scriptionem
1041 1089 1169 1124 sescena:
1194 1071 1282 1125 solent
1306 1073 1397 1138 enim,
1422 1075 1506 1146 inquit,

460 1161 564 1214 numeri
583 1159 731 1213 cardinales
750 1170 775 1212 et
793 1159 951 1212 distributiri
971 1160 999 1211 iu
1019 1158 1099 1213 MSS.
1119 1159 1259 1212 contundi.
1299 1160 1364 1215 Vid.
1384 1160 1466 1216 Drak.
1480 1164 1505 1215 ad

460 1250 513 1303 Liv.
533 1248 638 1315 XXXII,
661 1251 723 1302 tw
760 1246 927 1300 Forceliinus
945 1247 973 1300 iu
992 1247 1051 1300 Lex.
1070 1246 1102 1300 T.
1123 1246 1169 1299 IV.
1186 1252 1216 1318 p.
1236 1250 1298 1300 100.
1319 1267 1343 1299 a.
1363 1248 1406 1299 ed.
1427 1248 1506 1302 Germ.

459 1339 583 1389 sestertia
602 1337 627 1390 h.
647 1335 674 1402 1.,
693 1336 766 1407 quod
786 1335 882 1407 passim
902 1355 916 1387 a
937 1335 1022 1405 poetis
1041 1335 1142 1389 dictum
1163 1336 1195 1389 sit
1213 1337 1290 1388 metri
1310 1336 1398 1407 gratia
1418 1357 1506 1408 prose-

459 1427 599 1493 stertium,
619 1425 734 1496 positum
753 1425 832 1476 etiam
852 1443 906 1476 esse
924 1444 938 1476 a
958 1422 1106 1489 Cicerone,
1134 1423 1183 1476 nisi
1208 1424 1277 1476 sorte
1297 1443 1350 1495 pro
1376 1443 1441 1479 voce
1463 1424 1505 1476 118.

460 1514 586 1584 posuerit.
622 1513 763 1583 Zumptius
780 1513 806 1564 in
826 1511 948 1565 Gramm.
967 1512 1022 1564 Lat.
1041 1512 1064 1579 ξ.
1084 1515 1148 1566 stt.
1175 1532 1201 1582 p.
1219 1514 1281 1565 130.
1309 1510 1360 1564 Et.
1379 1515 1406 1565 9.
1448 1512 1504 1574 dicit,

461 1601 614 1655 Genitivum
634 1600 706 1652 mille
730 1598 893 1664 sestertium,
921 1620 970 1672 pro
996 1601 1181 1652 sestertiorum
1205 1599 1271 1670 (pro
1295 1598 1370 1652 mitte
1398 1600 1506 1667 sestertii)

462 1699 635 1759 usurpatum,
661 1705 766 1740 causam
785 1687 879 1752 fuisse,
909 1699 937 1740 ut
963 1707 1055 1740 errore
1077 1687 1194 1760 quodam
1220 1687 1403 1758 grammatico
1421 1699 1505 1740 sester-

462 1777 532 1826 tium
550 1774 740 1834 existimaretur
767 1793 821 1826 esse
839 1792 939 1827 nomen
966 1774 1072 1843 generis
1098 1786 1184 1827 neutr.
1212 1785 1298 1847 utque
1325 1795 1350 1830 v.
1370 1795 1395 1830 c.
1415 1775 1503 1828 dicere-

462 1873 506 1916 tur
530 1873 656 1914 sexcenta
675 1860 801 1914 sestertia
820 1883 871 1933 pro
900 1873 1026 1914 sexcenta
1054 1862 1140 1915 milit'a
1164 1861 1336 1917 sestertium:
1364 1866 1444 1936 idque
1461 1884 1504 1916 non

463 1951 617 2022 frequenter
642 1949 750 2020 quidem
780 1951 881 2004 iactum
913 1970 1044 2022 apparere
1072 1950 1143 2022 apud
1169 1951 1348 2017 Ciceronem,
1378 1952 1504 2023 aliquoties

463 2051 565 2103 tamen,
585 2049 614 2091 ut
631 2039 658 2090 in
680 2040 756 2090 Verr.
774 2041 800 2103 3,
819 2043 862 2092 50.
880 2038 976 2091 Parad.
997 2043 1022 2093 6.
1044 2068 1078 2078 -
1106 2040 1213 2110 Wytt.
1242 2040 1363 2112 denique
1383 2042 1411 2093 in
1424 2040 1505 2094 scholis

462 2128 539 2180 iiaec:
574 2131 723 2192 „Sescenta
743 2156 776 2165 -
803 2138 915 2179 centena
934 2156 969 2167 -·
996 2132 1112 2181 Centena
1139 2128 1155 2180 i.
1175 2147 1197 2181 e.
1225 2132 1375 2201 quotannis
1399 2143 1504 2185 centum:

462 2218 496 2269 ita
516 2214 587 2267 enirn
606 2214 671 2268 haec
689 2213 831 2269 differunt:
851 2215 940 2270 Veluti
959 2236 1020 2270 cum
1040 2217 1153 2272 dicimus
1171 2217 1204 2270 de
1224 2229 1344 2290 quatuor
1359 2218 1505 2277 hominibus,

463 2323 508 2356 eos
526 2303 657 2374 accepisse
676 2315 802 2358 centenos
827 2304 976 2370 sestertios,
1000 2304 1178 2375 significatur,
1205 2323 1434 2378 unumquemque
1451 2323 1504 2358 cen·

463 2403 519 2445 turn
538 2391 681 2463 accepisse:
698 2403 724 2445 at
743 2393 763 2444 si
782 2391 861 2458 dicas,
883 2391 929 2445 hos
948 2402 1065 2462 quatuor
1078 2404 1186 2447 centurn
1202 2393 1348 2464 accepisse,
1369 2393 1421 2448 hoc
1435 2403 1504 2454 notet,

463 2501 507 2535 eos
525 2480 604 2533 simul
621 2499 675 2533 non
699 2479 757 2551 plns
777 2501 857 2552 quarn
876 2493 984 2534 centurn
1011 2481 1153 2552 accepisse.
1201 2479 1296 2553 ltaque
1316 2480 1416 2535 Cicero
1438 2490 1505 2542 notat,

463 2588 490 2621 se
509 2568 653 2640 quotannis
670 2579 778 2621 centum
797 2569 913 2622 sestertia
934 2569 1099 2640 accepisses
1124 2569 1177 2622 suis
1195 2570 1323 2640 praediis:
1353 2569 1399 2622 sed
1423 2566 1504 2621 deinde

401 2723 403 2728 Ι
464 2659 542 2711 etiarn
561 2657 689 2708 sententia
709 2656 874 2728 postulabat,
894 2669 923 2710 ut
942 2658 974 2710 de
992 2658 1102 2723 ditiore,
1128 2657 1173 2730 qui
1192 2658 1273 2710 sexies
1297 2658 1430 2709 maiorem
1448 2653 1506 2707 redi·

465 2735 520 2798 tum
540 2744 663 2811 baberet,
688 2745 800 2810 diceret,
820 2764 881 2798 eum
901 2758 1061 2799 sexcentena
1080 2749 1215 2817 accipere,
1239 2745 1313 2798 unde
1334 2746 1438 2798 librarii
1455 2762 1505 2795 ser-

466 2843 543 2885 eenta
565 2832 656 2885 fecisse
675 2833 810 2898 videntur,
831 2853 881 2887 nec
900 2834 957 2887 sine
976 2834 1080 2887 ratione
1098 2832 1265 2887 Faccioiatus
1292 2834 1321 2885 in
1341 2833 1403 2885 Lex.
1416 2830 1504 2884 Latinit.

465 2942 487 2973 v.
506 2920 647 2976 Sestertius
664 2922 813 2993 suspicatur
831 2940 886 2974 esse
904 2921 977 2974 hunc
996 2921 1134 2975 Ciceronis
1154 2920 1243 2973 iocum
1263 2931 1435 2991 corruptum.
1468 2915 1504 2967 Ci-

465 3008 569 3062 ceronis
585 3008 685 3061 reditus
703 3019 760 3061 erat
786 3012 891 3062 145000
917 3007 1098 3073 florenorum,
1126 3006 1214 3061 Crassi
1239 3027 1303 3061 vero
1330 3010 1463 3063 utsuutt‘
1478 3034 1503 3045 -

465 3094 495 3147 in
514 3116 536 3147 r.
556 3105 681 3147 sexcenta
699 3115 755 3147 non
774 3096 876 3148 variant
895 3095 954 3148 libri
976 3097 1073 3159 nostri,
1094 3115 1145 3167 ego
1170 3107 1276 3163 tamen,
1302 3114 1466 3170 quamquam
1484 3094 1503 3144 in

465 3184 592 3237 contestis
610 3196 748 3237 servarunt
765 3204 822 3236 earn
842 3185 1016 3256 scriptionem
1035 3184 1135 3237 Geraia.
1155 3196 1181 3239 et
1199 3184 1329 3252 Oreliius‚
1348 3202 1458 3238 sexcena
1471 3201 1504 3233 es-

466 3272 556 3324 hibere
576 3291 630 3324 non
650 3271 774 3325 dubitari.
812 3273 865 3323 Pro
885 3274 1010 3325 sestertia
1029 3282 1066 3325 est
1084 3273 1217 3324 sestertia
1235 3273 1264 3324 in
1283 3270 1374 3325 codd.
1394 3274 1477 3324 Cra2.
1486 3271 1503 3320 1.

465 3359 602 3422 Drsd.1.;
632 3359 658 3411 in
680 3360 759 3413 Drsd.
779 3363 804 3412 4.
831 3372 957 3412 sexcenta
983 3361 1099 3412 miliia
1122 3359 1306 3427 sextaria,
1338 3361 1367 3412 in
1396 3358 1503 3412 Βαὰλ

457 3445 591 3499 'sexcenta
609 3449 783 3500 sextaria.
821 3446 894 3501 Gud.
913 3448 945 3501 Α.
961 3468 1010 3521 ego
1027 3467 1060 3500 ex
1080 3447 1143 3500 meis
1162 3458 1281 3500 centena.
1319 3448 1380 3502 Mr.

535 3534 578 3584 illi
593 3545 695 3586 aurata
715 3546 788 3586 tecta
807 3538 836 3587 iu
855 3537 938 3604 villis]
976 3536 1044 3590 cod.
1063 3536 1143 3590 Drsd.
1162 3540 1187 3591 5.
1214 3547 1240 3589 et
1264 3535 1375 3591 suerin.
1405 3536 1451 3587 itte
1467 3551 1503 3605 pro

465 3622 522 3683 itti,
549 3619 600 3673 Ox.
620 3620 654 3673 U.
680 3641 764 3674 aurea
784 3643 834 3694 pro
861 3635 982 3686 auratn‚·
1011 3625 1060 3679 Ox.
1078 3625 1110 3678 N.
1134 3624 1188 3677 vist
1213 3623 1277 3692 (sic)
1304 3644 1356 3695 pro
1386 3624 1464 3677 viliis.
1481 3647 1503 3661 -·

468 3711 556 3761 Verba
575 3711 603 3760 in
623 3710 695 3762 villis
714 3712 810 3764 absunt
827 3714 860 3764 ab
880 3731 936 3765 uno
955 3712 1043 3766 Atti.
1087 3712 1198 3766 Videtur
1212 3711 1308 3783 legisse
1328 3713 1391 3766 Fre.
1405 3710 1505 3783 sytria

466 3796 538 3853 iltis5
561 3795 639 3850 habet
658 3799 730 3851 enini
750 3799 800 3853 hoc
812 3799 909 3853 lemma
928 3802 961 3853 ad
980 3802 1053 3855 hunc
1071 3802 1161 3855 iocum
1181 3812 1207 3855 et
1224 3800 1358 3871 explicata
1377 3800 1426 3867 „in
1443 3817 1506 3870 prae·

468 3882 543 3934 diis.“
590 3884 631 3936 De
656 3885 840 3940 Romanorum
860 3889 962 3942 insania
989 3891 1018 3942 in
1048 3889 1114 3942 vittis
1138 3888 1312 3943 aedificandis
1331 3889 1424 3945 laudat
1441 3889 1505 3955 Borg.

467 3970 624 4022 Abramium
644 3973 677 4024 ad
696 3974 752 4027 Cic.
770 3996 819 4047 pro
839 3978 934 4031 Milon.
954 3984 996 4032 20.
1039 3979 1167 4032 Universa
1189 3977 1222 4030 de
1247 3976 1312 4031 luxu
1336 3979 1506 4032 Romanorum

467 4058 516 4111 vid.
537 4078 605 4129 quae
631 4063 761 4133 congessit
787 4064 824 4118 1ο.
844 4066 978 4120 Meursius
1000 4070 1028 4120 in
1059 4068 1143 4134 libro,
1168 4084 1251 4137 quern
1275 4065 1416 4138 inscripsit
1438 4066 1505 4119 tum

466 4145 621 4198 Luxurians.
642 4147 720 4201 Hasn.
739 4154 817 4206 1031.
836 4159 861 4207 4.
880 4184 915 4195 -
943 4158 1006 4206 Sola
1026 4155 1138 4226 explicat
1156 4154 1218 4207 Fre.
1231 4152 1306 4225 Syiv.
1324 4151 1505 4226 ‚‚pavimeote.“

388 4303 391 4312 Ι
468 4232 496 4284 in
517 4230 600 4285 codd.
622 4234 715 4316 Duisb.
732 4237 802 4292 Gud.
817 4240 846 4295 Β.
867 4241 925 4295 Bas.
943 4255 980 4296 est
999 4244 1058 4294 sula
1075 4261 1221 4304 maturaret
1242 4243 1268 4295 in
1286 4242 1386 4297 (ΞΜ.
1407 4255 1433 4296 et
1442 4241 1505 4295 Oar-

467 4321 536 4372 solo
555 4340 711 4389 marmore,
731 4325 781 4379 Ox.
801 4328 831 4380 E.
852 4329 870 4382 1.
891 4352 915 4401 η.
935 4333 1077 4384 solaria
1092 4349 1241 4384 maturares
1260 4351 1327 4385 curn
1347 4332 1429 4385 Bern.
1447 4324 1505 4383 urst·

469 4411 492 4458 1·
512 4411 551 4470 3·;
570 4409 597 4461 in
617 4409 666 4463 Ox.
687 4412 718 4465 N.
737 4425 762 4467 et
780 4414 860 4469 Drsd.
879 4423 906 4471 4.
926 4420 1018 4471 solia
1038 4436 1181 4484 marmore;
1208 4417 1260 4471 Ox.
1280 4438 1313 4481 ψ.
1334 4421 1415 4475 Drsd.
1432 4424 1455 4473 2.
1475 4425 1503 4465 3⁰·

468 4494 558 4545 laria
578 4516 726 4553 marmore.
776 4502 820 4556 Est
845 4506 924 4559 etiam
948 4508 1005 4559 sola
1025 4524 1170 4559 marmore
1194 4507 1225 4559 in
1243 4506 1295 4561 Ed.
1323 4528 1396 4580 pec-3
1426 4508 1451 4559 in
1471 4496 1503 4551 111
