3517 5450
358 717 407 792 34
693 736 865 785 statuam
894 736 1090 785 srorcouuu.

361 903 458 974 ellipsis
471 897 638 973 pronominis
653 915 694 946 se:
714 913 775 947 nam
790 893 868 965 plene
883 893 1028 947 dicendum
1044 905 1109 961 erat,
1129 913 1210 967 quam
1229 905 1314 948 tanta
1333 917 1375 951 res
1392 917 1411 951 st

362 992 415 1041 dici
425 991 519 1058 poscit,
537 996 628 1057 estque
642 982 694 1036 boc
708 981 828 1035 Graecae
843 981 1055 1034 consuetudinis:
1075 984 1198 1049 λέγεσθαι
1217 986 1299 1038 θέλει.
1339 987 1411 1058 Apud

362 1083 453 1151 politas
476 1073 570 1129 similia
596 1071 781 1141 reperiunt-ur.
822 1067 887 1119 lior.
908 1067 958 1140 Ep.
974 1069 1008 1136 ss,
1027 1075 1052 1136 2,
1072 1073 1104 1123 δι
1132 1071 1196 1142 Cogi
1221 1090 1301 1140 posse
1328 1085 1411 1142 negat.

360 1167 410 1238 (sc.
433 1164 502 1230 se.)“
531 1161 634 1231 Wytt.
679 1157 885 1211 Weissenborn.
908 1157 982 1224 (W.)
1011 1157 1038 1209 in
1067 1155 1151 1210 lahuii
1177 1157 1286 1211 Annall.
1313 1159 1411 1213 Pbiloll.

364 1258 445 1308 1842.
464 1256 490 1304 4.
510 1269 536 1320 p.
551 1251 613 1300 448.
633 1257 754 1300 nostrum
774 1246 866 1298 locum
885 1245 913 1296 in
932 1243 963 1297 iis
982 1245 1068 1314 ponit,
1091 1245 1188 1317 quibus
1206 1245 1308 1316 positus
1325 1247 1358 1300 sit
1373 1248 1411 1300 ln·

363 1340 477 1395 finitivus
495 1347 554 1408 post
578 1336 704 1401 verbum,
731 1334 804 1405 quod
831 1351 941 1402 poscere
969 1332 1089 1385 videatur
1114 1331 1362 1402 Conjunctionem,
1388 1343 1411 1386 ut

362 1430 433 1480 insto
452 1427 479 1478 in
500 1424 577 1476 Verr.
598 1422 641 1490 ttl,
660 1425 704 1487 59,
724 1423 784 1475 136.
805 1421 865 1472 Fin.
883 1421 917 1485 V,
934 1425 977 1485 ²2,
996 1424 1047 1486 623
1068 1431 1176 1489 persto,
1195 1419 1313 1490 Madvig.
1332 1420 1365 1472 ad
1383 1420 1411 1473 de

362 1516 441 1567 Finn.
467 1533 494 1584 p.
512 1513 580 1574 3263
610 1510 696 1580 gestio
716 1508 770 1560 An.
791 1507 837 1573 lV,
857 1509 900 1572 11,
921 1511 952 1573 1;
984 1509 1111 1559 admoneo
1137 1526 1188 1578 pro
1212 1505 1285 1560 Cael.
1305 1510 1349 1573 14,
1367 1511 1410 1570 345

363 1621 453 1655 moneo
471 1600 504 1651 de
522 1599 589 1649 Fato
608 1601 633 1651 3.
674 1596 732 1648 Μι.

435 1690 580 1757 Nunquam
600 1685 746 1735 mehercule
764 1686 823 1756 ego]
852 1682 938 1736 Codd.
958 1682 1052 1735 Duisb.
1071 1679 1142 1736 Gud.
1156 1681 1187 1735 Β.
1209 1679 1269 1735 Cra.
1290 1687 1316 1735 2.
1337 1681 1408 1734 Drsd.

308 1821 315 1835 .
363 1781 389 1831 1.
408 1781 433 1829 2.
452 1780 479 1828 4.
504 1772 555 1827 Ox.
574 1772 607 1824 N.
626 1792 650 1840 η.
671 1789 701 1833 ψ.
725 1771 806 1823 Bern.
830 1771 890 1824 Bas.
929 1769 978 1822 Ed.
997 1769 1081 1822 llub.:
1108 1771 1256 1840 Nunquam
1274 1768 1408 1821 hercule

362 1883 427 1936 egos
446 1860 497 1914 Ox.
514 1859 545 1911 E.
564 1858 645 1911 Drsd.
664 1861 689 1912 3.
715 1857 764 1911 Ed.
783 1858 866 1910 Paris.
886 1860 965 1911 1501.
994 1857 1081 1929 Lugd.
1096 1859 1177 1910 1515.
1201 1875 1344 1928 nunquam
1360 1874 1404 1906 rne-

362 1950 480 2002 dercle
497 1966 560 2018 ega,
579 1966 641 1999 cum
659 1944 708 1998 Ed.
728 1944 812 1997 Sussr.
830 1945 903 1997 Petu.
922 1943 1051 1997 Darentr.
1070 1945 1156 2007 1515;
1182 1940 1269 1995 Cudd.
1290 1940 1360 1995 Gud.
1377 1940 1404 1994 Α.

362 2039 412 2094 Ed.
430 2036 513 2090 Paris.
527 2055 546 2087 s.
561 2054 583 2086 a.
605 2052 743 2103 nunquam
761 2050 809 2101 ego
826 2030 930 2089 hercles
951 2029 1002 2084 Ox.
1016 2030 1051 2084 U.
1069 2048 1208 2101 nunquam
1226 2029 1343 2080 hercle
1357 2047 1404 2098 ego.

362 2127 458 2179 Graes.
478 2146 507 2178 ex
521 2121 589 2176 Cod.
605 2121 674 2174 Pitb.
688 2119 824 2189 rescripsit
843 2119 992 2189 Nunquam
1009 2139 1058 2190 ego
1075 2119 1190 2179 hercule,
1208 2117 1324 2172 addens:
1342 2102 1401 2188 quod

363 2232 425 2265 sane
450 2230 507 2264 uon
532 2209 763 2280 aspernabuntur,
791 2206 838 2278 qui
864 2225 942 2259 aures
966 2206 1066 2260 babent
1088 2204 1274 2260 Ciceronianis
1299 2203 1400 2259 numeris

362 2299 487 2351 imbutos.
523 2295 617 2365 Neque
639 2305 728 2347 tamen
754 2293 910 2347 obedientes
935 2291 1028 2347 habuit
1052 2293 1167 2347 editores
1186 2304 1342 2364 sequentes,
1363 2289 1397 2362 qui

363 2394 435 2436 recte
453 2384 481 2435 in
499 2382 664 2451 optimorum
683 2379 816 2432 librorum
835 2398 967 2433 consensu
986 2380 1052 2433 nibil
1071 2390 1211 2433 noverunt.
1248 2380 1345 2434 Notum
1360 2398 1397 2432 au·

363 2483 417 2524 tem
442 2479 481 2522 est
507 2487 562 2521 esse
590 2487 605 2520 a
629 2465 761 2520 Cicerone
789 2467 817 2519 in
844 2466 962 2521 Oratore
979 2473 1024 2535 47,
1043 2472 1106 2522 tat.
1130 2468 1262 2539 scriptum
1288 2466 1395 2518 libentius

363 2558 473 2608 dixerint
496 2555 708 2618 mehercule,
737 2574 818 2625 quam
844 2556 1014 2608 mehercules.
1058 2554 1112 2609 Sed
1137 2556 1243 2608 hercule
1271 2556 1334 2608 item
1354 2554 1395 2604 sre-

363 2663 447 2716 quens
466 2653 504 2696 est
516 2641 650 2708 Ciceroni,
670 2643 744 2713 quod
764 2643 802 2695 vel
822 2643 903 2697 leuica
923 2644 1030 2697 docent.
1043 2673 1078 2683 —
1096 2643 1139 2697 Ad
1152 2644 1311 2697 sententiam
1325 2643 1393 2712 Wytt.

361 2735 389 2788 in
409 2733 518 2787 scholis:
544 2730 660 2797 „Cicero
679 2731 810 2797 oratorie,
835 2752 888 2785 nec
912 2745 1005 2805 aperte
1031 2745 1120 2788 tamen
1145 2733 1328 2787 definitionem
1344 2730 1393 2785 boui

363 2820 474 2892 quaeris
510 2818 568 2871 Hoc
586 2820 657 2872 enim
678 2820 746 2889 agit,
773 2830 802 2871 ut
820 2820 958 2887 ostendat,
977 2840 1022 2887 ea,
1042 2840 1111 2892 quae
1130 2821 1209 2892 vulgo
1227 2823 1301 2875 bona
1318 2822 1394 2873 dicun·

362 2919 415 2972 tur,
434 2923 489 2958 non
509 2923 564 2956 esse
582 2904 663 2972 bona,
683 2906 760 2960 ueluti
778 2908 893 2976 pecunia
912 2917 939 2960 et
956 2927 1050 2962 omnes
1069 2910 1253 2979 possessiones,
1277 2929 1343 2982 quae
1357 2905 1393 2959 ali·

364 2994 436 3067 quod
455 2994 569 3064 pretium
587 2992 698 3047 babent:
724 3005 797 3045 tecta
817 2996 978 3067 magnifica.-
1003 2996 1179 3051 habitationes
1196 3016 1296 3068 magna
1314 3008 1363 3051 arte
1376 3002 1394 3044 tt

362 3081 512 3153 sumptibus
529 3081 622 3134 factae.
670 3081 744 3153 Opes
762 3093 850 3135 autem
869 3082 987 3154 intellige
1007 3084 1153 3155 potentiam
1173 3086 1393 3151 auctoritatemque

362 3169 390 3221 iu
409 3189 438 3221 re
456 3167 572 3239 publica,
592 3189 661 3239 quae
675 3170 761 3222 oritur
779 3190 808 3223 ex
827 3170 931 3237 divitiis,
950 3172 1080 3237 amicitiis,
1100 3171 1268 3226 clientibus.“
1282 3202 1316 3212 -
1331 3169 1393 3223 Cete-

363 3276 423 3310 rum
440 3266 514 3309 recta
532 3255 633 3309 Gernb.
652 3270 745 3310 contra
765 3258 871 3313 Graevii
891 3260 1033 3312 verborum
1054 3259 1269 3325 collocationem,
1288 3279 1334 3331 ego
1350 3263 1393 3327 post

361 3362 500 3414 nunquam
519 3345 650 3415 ponentis,
670 3348 783 3408 monuit,
802 3348 909 3399 hercule
927 3347 961 3400 ad
979 3367 1118 3419 nunquam
1136 3348 1281 3418 pertinere.
1316 3346 1392 3415 Neque

363 3431 509 3488 adiuvatur.
521 3430 628 3486 Graevii
651 3435 782 3487 sententia
807 3453 854 3499 eo,
884 3433 956 3504 quod
982 3434 1011 3487 iu
1037 3433 1096 3487 Cra.
1121 3446 1212 3487 nostro
1233 3438 1258 3487 1.
1285 3455 1299 3488 a
1324 3431 1393 3503 print

361 3539 442 3573 manu
464 3531 501 3572 est
519 3519 599 3573 lectio
620 3519 726 3575 Codicis
751 3522 890 3575 Pithoeani
916 3540 1055 3593 nunquam
1072 3540 1121 3592 ego
1139 3522 1262 3574 hercule:
1290 3526 1392 3576 correcta

361 3618 398 3660 est
416 3625 430 3658 a
450 3625 531 3658 manu
550 3608 675 3674 secunda,
696 3622 724 3663 ut
748 3629 797 3663 nos
818 3608 979 3676 exhibemus,
998 3610 1032 3663 ita
1053 3619 1151 3674 tamen,
1171 3619 1202 3662 ut
1217 3628 1266 3679 ego
1286 3608 1391 3664 deletum

360 3713 416 3747 non
436 3694 612 3765 postpositum
630 3696 670 3750 sit.
708 3697 767 3750 Mr.

432 3783 585 3853 Numquam
604 3784 749 3836 nubercule
768 3804 816 3856 ego
835 3786 899 3852 eta]
921 3783 958 3836 Ex
975 3782 1130 3836 Stoicorum
1149 3781 1280 3854 opinione
1298 3774 1391 3835 admittit

360 3869 432 3922 buna
450 3868 546 3921 animi:
574 3869 677 3941 reliqua
696 3871 748 3923 sive
767 3871 903 3942 corporis,
925 3872 978 3924 sive
996 3870 1122 3923 fortunae
1141 3889 1171 3923 ex
1188 3887 1305 3922 numero
1321 3868 1391 3919 bauo·

359 3975 420 4010 rum
439 3954 601 4009 excludenda
621 3977 676 4011 esse
695 3959 841 4012 contendit.
876 3958 974 4011 Facc.

431 4046 524 4115 Neque
539 4047 670 4113 pecunias
688 4047 814 4113 istorum]
841 4047 943 4099 Vocem
966 4062 1051 4115 neque
1076 4054 1135 4115 post
1157 4063 1207 4115 ego
1225 4042 1324 4097 omittit
1338 4031 1389 4090 Cot.

356 4130 465 4185 Suerin.
501 4130 531 4183 ln
552 4134 679 4204 excerptis
697 4132 826 4203 Eybianis
843 4153 888 4205 ap.
906 4132 956 4186 Or.
975 4130 1003 4184 iu
1022 4150 1097 4203 seqq.
1123 4141 1161 4185 est
1187 4149 1271 4201 neque
1291 4130 1389 4201 facta*

356 4218 448 4288 Pergit
473 4216 523 4271 Ox.
543 4218 563 4272 l.
588 4221 735 4290 magnifica
760 4222 944 4286 domorum,
973 4220 1046 4292 qnod
1070 4230 1109 4272 est
1133 4218 1296 4289 glossatoris.
1334 4212 1388 4266 'lum

357 4305 437 4358 Drsd.
454 4308 480 4358 1.
501 4324 561 4358 nec
578 4325 655 4376 opes:
675 4327 735 4360 mox
754 4307 835 4362 Drsd.
849 4313 875 4363 4.
892 4326 976 4379 neque
994 4325 1105 4359 omnes
1123 4324 1179 4359 eas.
1216 4305 1387 4368 verbumque

358 4410 404 4443 eas
421 4411 506 4464 usque
524 4393 558 4446 ad
579 4395 734 4463 voluptates
749 4394 845 4450 desunt
862 4396 891 4449 iu
907 4392 974 4448 Cod.
991 4392 1064 4449 Gud.
1100 4392 1144 4446 Ad
1161 4412 1185 4446 v.
1201 4392 1329 4462 pecunias
1341 4382 1385 4435 Frss·

354 4474 426 4547 Sylr.
444 4477 522 4534 haec:
551 4479 687 4548 „Nomine
703 4482 879 4551 pecuniarum
898 4482 1003 4539 divitiae
1027 4479 1229 4552 intelliguntur,
1258 4494 1324 4550 quae
1338 4475 1386 4526 sunt
