3517 5450
749 729 944 775 rinauoxou
967 732 1001 778 tt.
1350 713 1401 784 99

352 887 467 940 Platonis
490 887 656 952 Menexeno,
683 889 700 941 i.
720 909 742 942 e.
767 891 872 943 funebri
899 890 1033 952 oratioue,
1064 911 1088 960 p.
1108 894 1169 943 4118.
1187 889 1224 963 [ρ.
1244 895 1303 945 241.
1339 905 1401 946 extr.

350 974 453 1046 Steph.;
484 996 510 1047 p.
525 980 586 1030 4112.
604 976 634 1030 P.
649 975 682 1043 ll,
702 982 727 1034 3.
754 976 881 1044 Belrlrer.;
906 979 938 1031 T.
959 979 991 1031 V.
1013 999 1038 1047 p.
1057 980 1119 1031 3112.
1138 978 1219 1049 Βὶρ.].
1253 973 1326 1048 Ὅτῳ
1351 983 1401 1047 yslo

349 1060 425 1129 eivdoi
443 1068 480 1121 eie
498 1061 589 1116 a'nrtrdv
608 1061 754 1134 ἀνήρτηται
772 1065 858 1120 πάντα
877 1065 911 1118 nt
930 1064 994 1135 πρδς
1012 1063 1178 1126 εὐδαιμονίαν
1197 1071 1307 1135 φέροντα
1326 1069 1345 1137 η’
1361 1073 1402 1133 ἱρ-

348 1151 393 1216 ytic
412 1149 523 1213 τούτου,
552 1157 596 1204 καὶ
614 1149 650 1221 μή
671 1158 697 1205 lv
716 1152 805 1215 cillere
829 1152 981 1225 ἀνθρώποις
1005 1158 1153 1222 αἰωρεῖται,
1180 1158 1204 1212 ll
1229 1141 1264 1205 dv
1289 1157 1309 1224 ἤ
1332 1153 1361 1206 ni
1386 1158 1405 1222 'l'

349 1246 431 1299 κακῶς
450 1237 603 1310 πραξάντων
621 1243 775 1295 πλανᾶσθαι
792 1240 954 1313 ἠνάγκασται
979 1248 1023 1293 ταὶ
1042 1241 1174 1309 τάκείνου,
1202 1243 1287 1310 τούτῳ
1307 1242 1402 1312 ἄριστα

348 1325 556 1399 παρεσκεύασται
574 1328 620 1401 ζῇν
639 1352 661 1385 κ.
681 1351 706 1384 τ.
726 1332 749 1388 l.
769 1350 830 1385 narn
850 1343 921 1385 totus
941 1331 1016 1384 locus
1033 1330 1133 1383 Tusce.
1153 1331 1186 1395 V,
1206 1333 1248 1382 12.
1267 1350 1296 1382 ex
1315 1328 1399 1384 Grae·

349 1419 384 1472 cia
401 1418 434 1470 ad
456 1419 567 1471 verbum
586 1438 729 1473 conversus
748 1429 793 1472 eet.
831 1418 904 1487 [Vid.
922 1418 963 1472 ed.
983 1430 1064 1470 nostr.
1084 1417 1116 1470 Τ.
1126 1415 1171 1469 lll.
1190 1422 1260 1488 ρ.15
1278 1437 1318 1489 sq.
1336 1418 1400 1489 ibiq.

347 1517 449 1559 annott.
470 1518 553 1560 nostr.
573 1506 646 1574 Μα]
674 1525 791 1579 eumque
810 1507 867 1561 aliis
887 1507 965 1561 etiam
991 1507 1018 1558 iu
1038 1505 1112 1558 libris
1131 1505 1247 1558 imitatus
1265 1518 1314 1559 est:
1335 1526 1402 1578 quos

347 1595 456 1665 quidem
476 1594 551 1648 locos
569 1594 697 1650 Graevius
717 1596 861 1660 annotarit,
882 1614 933 1648 nec
952 1607 1040 1649 tamen
1060 1595 1161 1647 sontem
1181 1593 1299 1646 Platonis
1312 1604 1400 1646 osten-

346 1680 411 1736 dit.“
432 1683 680 1754 Wyttenbaclt.
726 1684 793 1738 Add.
812 1683 963 1736 Gernlrard.
983 1683 1015 1736 ad
1040 1682 1097 1737 cte.
1123 1683 1155 1733 de
1177 1680 1235 1734 Oll.
1254 1682 1274 1746 l,
1295 1683 1338 1744 18,
1357 1685 1400 1734 tttt.

348 1791 373 1842 p.
391 1777 435 1826 tt.
473 1772 569 1825 Parad.
590 1774 623 1837 V,
644 1776 675 1825 l:
695 1774 778 1824 cutus
797 1774 886 1825 omnia
904 1772 1015 1823 consilia
1035 1789 1128 1841 resque
1147 1787 1249 1831 omnes,
1267 1787 1336 1840 qnos
1354 1788 1400 1837 ge-

347 1859 397 1922 rit,
416 1858 527 1927 abipso
543 1860 753 1928 proficiscuntur
770 1861 910 1929 eodemque
924 1859 1068 1927 seruntur.
1106 1857 1165 1911 lltlr.

417 1955 502 2015 aptus
519 1964 552 1997 ex
570 1949 637 2016 rese]
658 1949 700 2001 cui
721 1967 750 2000 ex
770 1949 872 2017 seipso
891 1958 951 2017 apta
971 1956 997 1999 et
1021 1947 1112 1998 iuncta
1137 1944 1243 2007 omnia,
1273 1943 1318 2014 qui
1345 1962 1400 1994 non

347 2031 424 2094 hebet
442 2034 605 2087 ertriusecus
623 2055 763 2108 suspensas
781 2034 882 2088 vivendi
902 2035 1033 2098 rationes,
1054 2045 1084 2087 ut
1103 2033 1165 2086 alibi
1185 2032 1312 2102 loquitur.
1350 2029 1399 2082 tttc

347 2134 434 2177 autern
455 2143 525 2176 unua
542 2124 637 2177 virtute
655 2125 790 2197 praeditus
808 2123 860 2178 dici
880 2133 983 2193 potest,
1003 2133 1036 2187 et,
1057 2122 1128 2194 quod
1150 2118 1331 2191 consequitur,
1351 2115 1398 2167 uri·

346 2207 454 2281 τάρκρς.
490 2211 587 2265 Face.

418 2300 517 2369 quique
536 2302 564 2350 in
589 2318 616 2350 ae
636 2318 688 2353 uno
713 2318 764 2350 cua
780 2300 857 2369 ponit
887 2299 996 2363 omnim]
1022 2295 1090 2350 Cod.
1108 2296 1167 2350 cn.
1185 2300 1210 2351 3.
1237 2297 1295 2367 qui
1321 2297 1349 2345 in
1373 2312 1399 2344 se

347 2407 417 2447 unm·
437 2385 496 2439 Cra.
517 2390 542 2440 1.
562 2387 655 2458 quive
671 2388 748 2456 ponit
768 2389 795 2439 in
814 2407 841 2438 ae
861 2407 914 2438 uno
932 2388 1020 2438 omnia
1039 2405 1090 2437 suu
1109 2386 1143 2436 in
1162 2403 1208 2436 ae:
1237 2382 1281 2436 sed
1302 2382 1399 2452 repeti-

347 2485 401 2527 turn
419 2475 450 2525 in
467 2493 495 2525 ea
514 2474 548 2526 ab
567 2473 600 2526 el.
620 2494 654 2526 nr.
673 2487 834 2545 expunctum
854 2487 907 2537 est,
934 2474 992 2526 Cre.
1012 2477 1036 2524 2.
1070 2474 1168 2543 quique
1188 2472 1216 2522 in
1234 2490 1262 2521 aa
1281 2489 1333 2522 uno
1351 2489 1398 2537 ρο-

347 2565 386 2614 m't
405 2564 494 2614 onznia
513 2581 580 2625 cua,
600 2581 661 2616 curn
681 2562 760 2617 Drsd.
779 2566 822 2627 5.;
841 2562 949 2615 Suerin.
966 2562 1043 2629 ponit
1064 2578 1115 2609 auu
1136 2559 1232 2610 onznia.
1267 2555 1328 2609 Mr.

417 2650 500 2700 Cuius
519 2659 608 2700 nutem
627 2669 686 2718 spes
706 2651 799 2716 omnis]
818 2650 886 2712 „Cui
901 2667 960 2700 vero
978 2666 1038 2716 apes
1057 2647 1154 2708 munis,
1174 2657 1233 2697 tres.
1272 2644 1320 2695 Cui
1339 2661 1399 2710 aper

349 2741 443 2795 annis,
463 2738 600 2792 tredecim.
649 2740 731 2790 cratus
750 2756 810 2806 spes
829 2738 926 2798 omnic,
951 2747 1013 2788 tres.
1064 2735 1113 2784 (αἱ
1137 2752 1205 2805 quae
1223 2751 1283 2802 epea
1308 2731 1399 2792 omnis,

348 2845 422 2881 uuus.
448 2828 546 2881 male.“
564 2828 636 2880 Atd.
662 2827 749 2880 Man.
802 2825 848 2878 Est
874 2827 901 2877 io
929 2823 988 2876 Cra.
1015 2826 1040 2877 3.
1065 2824 1110 2873 cui
1128 2833 1242 2874 nutem
1268 2838 1343 2889 apes,
1371 2819 1398 2870 in

349 2912 396 2968 01.
416 2915 433 2967 l.
453 2917 565 2987 cuique
585 2935 659 2983 apes,
679 2916 705 2967 in
725 2913 775 2968 Ox.
795 2935 820 2983 η.
839 2932 869 2975 ψ.
890 2913 970 2965 Drsd.
989 2918 1014 2964 2.
1034 2912 1077 2961 cui
1096 2931 1174 2961 vero
1192 2928 1267 2979 epea,
1287 2907 1398 2961 Drad.4.

349 3004 388 3052 rui
406 3022 488 3053 vero
508 3003 590 3053 otonis
609 3021 684 3071 aper,
703 3022 764 3057 curn
784 3002 857 3055 Gud.
876 3002 910 3055 Β.
929 3003 955 3054 in
976 3000 1048 3053 Gud.
1068 3000 1099 3051 Α.
1137 2999 1187 3049 Cui
1206 3015 1265 3065 spes
1284 2997 1398 3051 animi.

349 3086 467 3144 Nostram
487 3089 642 3156 lectionem,
664 3111 715 3162 qua
737 3092 899 3145 omittuntur
919 3089 1080 3162 particulae,
1100 3106 1161 3141 cunt
1181 3085 1307 3138 tredecim
1327 3085 1397 3148 Aldi,

349 3173 441 3229 babent
460 3176 546 3230 Codd.
564 3177 629 3232 On.
648 3191 764 3250 quatuor
783 3178 895 3249 reliqui,
915 3178 974 3230 Cra.
987 3180 1013 3230 1.
1030 3181 1055 3228 2.
1075 3175 1167 3228 Duisb.
1178 3172 1284 3226 Suerio.
1295 3185 1320 3226 et
1330 3173 1397 3226 Edd.

349 3262 413 3319 Viet.
432 3264 502 3317 Rot.
519 3263 611 3337 Steph.
631 3265 714 3321 Suttr.
732 3268 803 3320 Petr.
823 3266 901 3319 Grut.
924 3277 950 3318 et
968 3266 1091 3333 (excepto
1110 3261 1226 3315 Facciol.
1246 3262 1291 3331 qui
1319 3259 1397 3313 habet

349 3355 449 3405 euius
468 3363 587 3404 autem
606 3372 678 3421 τρττ,
700 3373 762 3407 cum
783 3364 842 3406 vett.
864 3352 979 3421 aliquot)
997 3369 1071 3421 seqq.
1097 3348 1217 3409 Paucae,
1238 3349 1298 3398 Asc.
1318 3349 1397 3399 1511.

349 3439 427 3494 Paris.
453 3459 473 3494 s.
498 3459 521 3493 c.
548 3441 639 3495 Lamb.
662 3441 758 3496 Colon.
785 3445 864 3496 toto.
894 3439 993 3492 liabent
1021 3438 1064 3487 cui
1092 3454 1169 3486 vero
1198 3451 1299 3491 omnes,
1331 3432 1397 3483 aliae

349 3548 405 3581 cum
422 3528 502 3580 Facc.
521 3527 619 3582 habeut
638 3532 738 3582 cuiue
755 3540 882 3580 nutem·
893 3546 953 3597 sper
964 3527 1071 3582 omnio,
1100 3533 1129 3575 ut
1147 3524 1207 3573 Car.
1226 3517 1317 3589 Steplt.
1336 3517 1396 3572 Atd.

348 3619 423 3672 1552.
442 3617 554 3670 Lambb.
573 3616 653 3670 Goth.
671 3616 747 3689 syth.
772 3615 803 3669 ll.
823 3615 910 3667 Wolf.
934 3614 979 3686 qui
1001 3614 1038 3664 rir
1058 3610 1217 3681 plerumque
1241 3605 1313 3659 aliud
1333 3605 1396 3677 quid

348 3703 372 3756 in
387 3705 514 3758 lemmate
534 3707 714 3759 annotationis
730 3705 808 3758 habet
826 3703 865 3771 (lt.
880 3703 897 3756 l.
919 3702 976 3769 cui)
995 3719 1076 3773 quarn
1096 3698 1123 3751 in
1143 3694 1282 3757 contextis3
1301 3692 1396 3765 reliqui

347 3811 437 3847 omnes
455 3794 555 3847 liabent
573 3796 616 3844 cui
634 3804 751 3844 nutem
769 3810 828 3861 aper
848 3792 939 3843 omnis.
987 3790 1077 3841 Verba
1104 3798 1130 3838 et
1150 3786 1222 3837 ratio
1249 3783 1344 3836 desunt
1370 3781 1396 3833 in

347 3881 423 3936 Dred.
441 3886 469 3935 4.
488 3886 512 3935 5.
549 3880 618 3947 Sed,
638 3893 667 3934 ut
687 3892 778 3935 nostro
798 3881 873 3945 loco,
905 3879 954 3933 tria
973 3878 1039 3930 haec
1058 3875 1141 3927 iunxit
1160 3871 1318 3926 substantiva
1338 3867 1396 3921 Cic.

346 3970 370 4024 in
390 3970 440 4024 Or.
461 3967 687 4039 propterera:
716 3970 772 4019 alia
797 3980 823 4019 te
844 3969 953 4028 ratio,
971 3966 1035 4015 -alia
1055 3962 1238 4033 cogitatio
1255 3960 1293 4009 ad
1310 3972 1398 4025 apem

345 4058 424 4109 liniue
453 4057 616 4125 opprimendi
634 4058 774 4109 excitavit.
792 4054 906 4109 Gudtt.
923 4072 956 4105 ex
969 4053 1093 4124 fortuna,
1109 4048 1214 4118 pendet.
1251 4044 1302 4099 Ox.
1321 4062 1350 4103 ψ·
1370 4043 1397 4095 iu

343 4166 415 4218 seqq.
443 4145 541 4212 pendet
560 4155 592 4194 et
615 4144 744 4214 fortuna.
791 4144 839 4197 Ed.
860 4142 910 4194 Tlr.
935 4139 1046 4194 Bentleii
1072 4148 1131 4208 poet
1148 4136 1269 4205 fortuna
1298 4129 1397 4201 pergit:

342 4237 399 4287 cui
425 4230 498 4285 nituit
514 4259 548 4271 -
575 4232 642 4282 diem
651 4252 660 4292 ‚·
695 4250 753 4282 euru
783 4242 813 4282 tu
842 4230 970 4281 hominem
997 4239 1047 4281 etc.
1089 4224 1159 4275 Turn
1184 4219 1270 4273 Codd.
1295 4216 1355 4268 Crz.
1374 4221 1395 4266 2.

340 4320 421 4373 Drsd.
442 4324 468 4371 1.
487 4323 512 4373 3.
537 4320 683 4371 tutcnittit
701 4330 789 4389 potest
807 4337 864 4371 esce
882 4327 1027 4369 certum·
1065 4315 1124 4365 tttr.

412 4407 497 4468 nihil,
517 4425 580 4476 quo
598 4407 769 4476 exploratum
787 4406 887 4457 babeat
908 4406 954 4471 —]
975 4403 1039 4468 „Est
1058 4421 1071 4453 a
1092 4398 1196 4450 duobus
1213 4393 1277 4447 Patt.
1291 4402 1398 4445 seuten-

337 4501 372 4552 tia
394 4510 451 4551 tarn
472 4493 607 4565 expedita,
634 4507 661 4547 ut
680 4496 712 4547 de
733 4497 789 4548 eius
808 4496 915 4547 veritate
937 4494 1046 4545 verbum
1065 4488 1153 4540 lacere
1173 4499 1397 4554 supervacaneum

1065 4574 1111 4647 7.
