3517 5450
665 759 860 808 ramnoxon
882 760 930 808 vr.
963 761 1034 809 cir.
1056 761 1078 810 ι.
1331 739 1406 815 277

349 930 468 974 mentum
489 917 659 973 amicorum?
679 919 728 972 nisi
747 920 832 973 dicas:
861 929 1016 990 exspectare
1035 921 1123 988 aride,
1149 932 1230 994 atque
1255 942 1316 976 cum
1344 935 1404 978 voto

349 1007 465 1080 quodam
483 1005 578 1059 mortis
595 1024 699 1060 eorum.
744 1009 823 1061 Certe
843 1007 879 1060 ris
904 1008 987 1061 estin
1007 1010 1087 1062 verbo
1105 1022 1275 1080 exspectare,
1303 1023 1328 1066 et
1347 1012 1405 1065 sor·

347 1094 417 1149 tussis
435 1091 491 1147 huc
512 1093 590 1161 facit,
619 1094 691 1166 quod
710 1095 825 1149 Rutilius
850 1096 943 1167 Lupus
960 1097 988 1150 in
1006 1096 1193 1151 schematibus
1211 1099 1306 1153 reteri:
1339 1105 1404 1154 Cum

348 1182 507 1236 Proculeius
520 1181 613 1251 filiurn
627 1201 706 1234 suurn
722 1183 890 1248 hortaretur,
909 1185 1041 1236 audacter
1059 1185 1164 1255 depuis
1176 1185 1255 1238 rebus
1268 1197 1404 1257 sumptum

344 1269 467 1342 faceret,
487 1268 570 1320 etiarn
589 1287 617 1321 se
635 1270 712 1322 sivo:
733 1270 868 1341 filiusque
886 1273 1081 1340 respondisset,
1108 1293 1162 1326 non
1179 1292 1235 1326 esse
1252 1293 1285 1325 ea
1303 1276 1406 1329 adhor-

348 1359 451 1410 tatione
475 1376 552 1426 opus.
597 1358 658 1408 Non
683 1357 752 1408 enim
782 1368 992 1426 exspectare
1018 1378 1047 1411 se
1068 1361 1160 1431 patris
1185 1372 1310 1413 mortem:
1346 1367 1404 1415 Into

347 1465 420 1502 otro,
439 1445 549 1517 inquit,
569 1464 633 1510 oro,
653 1455 763 1496 mortem
783 1462 866 1497 meam
885 1458 1082 1515 exspectes,
1101 1467 1148 1499 nec
1165 1467 1288 1519 properes
1308 1449 1401 1513 moliri,

348 1544 378 1586 ut
395 1534 516 1586 velocius
535 1534 661 1587 moriar.“
681 1530 711 1585 C.
729 1533 832 1604 Lang.
870 1532 971 1601 [Locus
989 1546 1028 1590 est
1044 1535 1141 1597 injtrt
1164 1533 1270 1589 Ruhnh.
1289 1540 1355 1608 pau
1363 1556 1402 1608 sq.

349 1621 391 1675 red
410 1621 505 1675 iocum
530 1621 558 1673 in
582 1621 688 1674 brevius
712 1623 843 1675 contraxit
865 1621 1004 1693 langius]
1050 1623 1173 1693 „Noiiem
1199 1622 1243 1678 hie
1268 1623 1405 1679 haesitasse

347 1711 430 1764 virum
450 1707 579 1779 elegantis
598 1710 698 1781 ingenii
718 1721 743 1763 et
763 1711 880 1782 peractis
894 1711 992 1764 iudicii.
1027 1715 1193 1781 Exspectare
1212 1722 1404 1764 testamentum

348 1797 446 1852 dicitur
463 1795 507 1850 hic
523 1796 616 1868 utique
634 1797 776 1865 invidiose,
804 1809 833 1852 ut
859 1810 1015 1870 exspectare
1040 1810 1158 1854 mortem.
1204 1800 1349 1872 Proprium
1376 1801 1404 1853 in
1452 1845 1456 1853 .

349 1884 394 1939 hac
413 1905 446 1938 re
466 1885 578 1938 verbum
599 1896 651 1951 est,
683 1886 756 1956 quod
780 1896 911 1958 usurpant
930 1886 962 1939 de
980 1885 1026 1952 iis,
1052 1886 1098 1958 qui
1117 1896 1228 1956 optant,
1256 1899 1286 1941 ut
1310 1886 1406 1959 aliquis

350 1975 489 2028 moriatur.
533 1973 642 2027 Terent.
670 1972 785 2045 Adelph.
803 1974 836 2040 V,
851 1978 878 2027 4.
903 1974 970 2041 [aa]
1013 1974 1097 2026 Illum
1122 1985 1154 2028 ut
1179 1975 1272 2040 vivat,
1297 1985 1404 2045 optant,

348 2080 430 2114 neam
449 2070 543 2113 autent
561 2071 671 2112 mortem
694 2070 853 2131 exspectant
871 2061 989 2113 scilicet:
1014 2073 1122 2134 optant,
1152 2074 1182 2116 ut
1207 2063 1314 2117 moriar.
1349 2063 1403 2116 He-

349 2167 409 2220 cyra
429 2147 477 2214 IV,
498 2152 523 2201 2.
543 2149 589 2216 [19
608 2149 659 2220 sq.]

380 2266 416 2277 —
456 2264 492 2276 -
529 2236 595 2288 haec
614 2237 679 2288 mihi
696 2255 768 2289 nunc
787 2254 854 2289 curo
870 2247 913 2289 est
931 2255 1075 2305 maxuma,
1094 2249 1127 2292 ut
1146 2259 1178 2292 ne
1194 2241 1239 2293 cui
1256 2260 1314 2292 mea

380 2325 587 2397 Longinquitas
604 2325 706 2376 aetatis
725 2324 826 2390 obstet,
844 2335 985 2378 mortemue
1003 2338 1139 2397 exspectet
1157 2346 1250 2382 meam.

349 2413 474 2468 Procuiei
493 2413 594 2466 dictum
614 2413 652 2466 sic
669 2413 760 2466 extulit
776 2411 906 2480 Quinctii.
933 2414 979 2471 tib.
999 2415 1042 2469 ΙΧ.
1061 2435 1084 2470 c.
1103 2421 1133 2471 4:
1162 2421 1227 2469 Curn
1247 2419 1404 2470 Proculeius

350 2511 508 2576 quereretur
526 2503 557 2552 de
569 2502 649 2569 filio,
666 2502 779 2573 quadis
797 2513 908 2554 mortem
925 2521 1003 2555 suum
1022 2514 1198 2574 exspectaret,
1215 2516 1242 2556 et
1253 2505 1300 2558 itte
1319 2506 1405 2558 dieis-

349 2603 403 2658 set,
424 2608 453 2665 se
473 2608 535 2642 oero
553 2609 605 2641 non
623 2600 791 2659 exspectare,
818 2595 919 2659 Immo,
945 2593 1050 2663 inquit,
1079 2611 1144 2664 rogo
1161 2603 1305 2662 exspectes.
1339 2594 1404 2663 [Lo-

350 2697 393 2733 cus
412 2688 452 2732 est
471 2677 516 2745 lX,
533 2680 558 2733 8.
578 2696 603 2748 p.
624 2679 685 2731 819.
705 2676 746 2730 ed.
765 2676 858 2732 Burm.
884 2698 910 2750 p.
930 2681 991 2734 385.
1009 2676 1034 2751 fi.
1053 2682 1097 2735 68.
1121 2679 1163 2733 ed.
1186 2678 1300 2748 Gernh]
1348 2681 1403 2735 Pro

350 2768 400 2823 huc
417 2766 533 2821 Ovidius
551 2765 613 2819 dixit
631 2766 650 2818 i.
677 2769 785 2819 Metam.
806 2768 891 2836 [148]
937 2769 1027 2821 Filius
1050 2778 1116 2820 ante
1145 2768 1214 2819 diem
1230 2768 1336 2837 patrios
1361 2771 1406 2822 in-

350 2858 437 2929 quirit
454 2857 484 2908 in
502 2873 595 2908 annos.
632 2853 680 2908 Sic
697 2853 779 2925 igitur
796 2866 953 2927 exspectare
972 2865 1164 2909 testamentum
1182 2867 1220 2910 est
1238 2866 1347 2927 optare,
1375 2868 1405 2911 ut

349 2944 409 3017 quis
428 2944 573 2997 moriatur:
602 2954 632 2996 ut
649 2953 678 2996 ιιι
697 2941 871 2997 hereditatem
890 2963 997 3011 cernae,
1026 2955 1072 2998 aut
1101 2944 1219 3015 legatum
1244 2942 1403 3015 promissum

350 3031 530 3103 consequaris.
567 3034 720 3100 Supponere
739 3049 801 3083 vero
821 3041 1013 3085 testamentum
1036 3043 1074 3086 est
1097 3043 1282 3086 testamentum
1309 3033 1404 3087 iaisum

349 3121 452 3193 tingere
472 3131 497 3174 et
516 3139 566 3191 pro
587 3138 649 3173 vero
667 3120 841 3186 substituere,
861 3121 934 3193 quod
953 3132 993 3175 est
1009 3120 1206 3174 falsariorumt‘
1224 3119 1404 3177 Graevius.

340 3203 343 3207 λ
420 3212 446 3262 si
464 3216 630 3261 testamenta
648 3209 793 3260 amicorum
811 3219 952 3278 exspectas
978 3210 1097 3281 quidem,
1121 3220 1204 3281 atque
1226 3210 1283 3278 ipse
1304 3227 1406 3279 suppo-

348 3299 402 3366 nis]
440 3296 490 3363 „in
509 3295 575 3349 cod.
593 3288 705 3366 antiquo
725 3295 820 3348 meiius
837 3296 968 3367 scriptum
993 3296 1058 3349 mihi
1076 3297 1179 3350 ridetur
1203 3298 1236 3350 ad
1255 3296 1329 3351 hunc
1344 3317 1404 3351 mo-

350 3386 433 3439 dum:
452 3386 483 3436 Si
501 3394 664 3437 testamenta
682 3385 828 3437 amicorum
845 3395 986 3455 exspectas
1014 3395 1122 3457 atque
1142 3394 1175 3435 te
1200 3384 1277 3453 ipse
1305 3403 1404 3455 suppo-

348 3474 399 3527 nis.
445 3472 526 3544 Apud
551 3472 655 3525 Vallem
676 3473 705 3525 L.
722 3472 768 3526 Vl.
785 3473 820 3526 ita
852 3471 928 3542 legor
958 3472 982 3525 si
1009 3482 1172 3525 testamenta
1195 3473 1339 3524 amicorum
1356 3491 1406 3523 ex-

348 3571 473 3631 spectas,
492 3578 530 3611 ac
547 3578 586 3612 ne
604 3571 796 3631 exspectas
814 3560 966 3632 quidem,
984 3571 1068 3633 atque
1084 3560 1141 3631 ipse
1158 3561 1294 3630 supponis.
1331 3561 1404 3614 Haec

349 3647 430 3701 iectio
449 3647 514 3700 mihi
534 3647 667 3702 videretur
685 3648 796 3716 melior,
817 3648 855 3715 si,
874 3648 936 3702 ioco
955 3659 1046 3721 atquc,
1063 3650 1112 3702 sed
1127 3648 1295 3703 scriberetur.
1332 3652 1406 3719 Sup-

345 3755 445 3806 ponere
464 3748 502 3790 est
520 3736 617 3790 salsum
636 3748 662 3790 et
678 3737 858 3792 aduitera'num
877 3736 939 3792 loco
959 3738 1012 3791 veri
1030 3737 1174 3804 subiicere3
1193 3748 1223 3791 ut
1242 3756 1326 3809 quum
1345 3736 1406 3809 quis

348 3826 445 3893 matri,
463 3826 568 3880 sublato
587 3825 658 3893 silio,
679 3825 735 3879 eius
753 3825 813 3880 ioco
832 3826 931 3893 atium,
960 3836 990 3879 ut
1007 3827 1042 3880 ita
1061 3826 1163 3892 dicam,
1190 3824 1310 3897 reponit,
1342 3843 1406 3896 par·

349 3924 407 3965 tum
427 3931 575 3982 supponere
593 3913 699 3967 dicitur.
737 3913 802 3966 inde
820 3931 969 3983 supponere
987 3924 1178 3966 testamentum
1196 3924 1235 3967 est
1244 3911 1339 3988 falsum
1354 3931 1404 3983 pro

349 4020 412 4053 vero
431 4001 570 4055 subiicere.
590 4030 625 4041 -
643 4030 679 4067 ·,·
715 4001 810 4070 Quum
835 4012 1054 4055 testamentorum
1073 4002 1180 4056 libertas
1197 4012 1278 4068 esset,
1305 4000 1406 4054 muita·

347 4108 410 4142 rum
431 4090 581 4144 amicorum
601 4090 692 4143 haeres
710 4089 750 4143 M.
769 4088 880 4143 Crassus
898 4090 984 4144 sactus
1001 4099 1053 4143 est:
1072 4089 1161 4144 multis
1179 4089 1242 4142 item
1261 4089 1405 4142 testamen-

348 4178 382 4231 tis
400 4176 493 4231 haeres
510 4180 663 4250 suppositus
681 4188 735 4246 est,
764 4190 794 4232 ut
811 4190 908 4233 auctor
926 4190 965 4232 est
983 4179 1079 4233 Cicero
1097 4177 1131 4231 de
1149 4176 1255 4232 Officiis
1272 4175 1317 4241 ΙΙΙ,
1337 4175 1403 4242 [ts]

348 4271 382 4319 L.
402 4268 521 4320 Minucii
542 4268 646 4336 Basttt,
666 4269 808 4339 locupletis
826 4270 948 4332 hominis,
964 4270 1071 4341 falsum
1089 4276 1280 4321 testamentum
1295 4264 1405 4335 quidam

348 4375 363 4407 e
382 4357 497 4408 Graecia
515 4359 628 4409 Romam
640 4358 814 4411 attulerunt:
835 4359 908 4431 quod
922 4378 975 4430 quo
987 4358 1106 4431 facilius
1121 4355 1278 4418 obtinerent,
1292 4352 1406 4422 scripse-

350 4454 416 4496 runt
435 4445 565 4497 haeredes
583 4464 671 4499 secum
690 4448 730 4502 M.
750 4450 877 4514 Crassum
897 4457 924 4498 et
943 4450 975 4518 Q.
994 4444 1182 4509 Hortensium,
1207 4442 1309 4495 aetatis
1332 4441 1407 4495 eius·

349 4531 408 4583 den
427 4532 547 4585 homines
564 4536 775 4604 potentissimos.
810 4536 872 4606 Qui,
892 4555 974 4609 quum
991 4534 1063 4587 iliud
1072 4531 1182 4605 falsum
1194 4531 1406 4602 suspicarentur,
