3517 5450
587 732 782 781 mmnomn
801 734 821 780 r.
849 734 918 782 car.
938 735 986 783 nr.
1269 718 1318 789 79

276 891 357 944 llunst.
370 893 450 946 1168.
464 892 504 961 4.)
522 901 548 944 et
566 889 584 943 l.
597 891 625 943 F.
645 891 823 946 Christius
842 891 942 963 (Abhh.
955 893 999 947 iib.
1010 893 1034 946 d.
1051 894 1110 949 hitt.
1122 913 1147 949 u.
1159 896 1185 951 d.
1196 897 1319 955 Kunstw.

274 980 293 1032 d.
311 978 425 1032 strenh.
447 981 529 1034 1116.
549 976 594 1048 8.).
631 979 691 1033 Mr.

335 1070 383 1140 qui
400 1068 555 1120 marmoreis
574 1069 653 1120 tectis
672 1068 718 1136 -]
737 1066 788 1121 Th.
807 1066 958 1122 Bentleium
971 1070 1114 1123 coniecisse
1125 1071 1206 1126 refert
1219 1071 1320 1127 Gernb.

272 1157 292 1207 in
310 1155 463 1209 Addendis:
489 1155 536 1228 qui
554 1156 618 1208 solis
636 1156 803 1220 marmoreis,
821 1156 869 1227 qui
887 1157 966 1208 tectis
991 1157 1066 1210 ebore
1084 1170 1134 1213 cet.
1158 1161 1233 1213 cuius
1251 1181 1319 1215 con·

272 1248 364 1298 iectura
384 1243 489 1297 nemini
509 1242 612 1297 ridetur
634 1242 777 1314 placuisse:
803 1261 892 1315 neque
916 1262 945 1297 ea
971 1263 1039 1316 opus
1063 1257 1110 1300 est.
1155 1247 1226 1301 Solis
1248 1261 1319 1305 certe

271 1329 403 1385 Ciceronis
421 1349 533 1384 manum
554 1349 610 1384 non
628 1329 736 1384 redolet.
755 1330 815 1384 Mr.

333 1437 403 1470 auro
421 1427 449 1468 et
467 1419 591 1490 argento]
610 1418 701 1471 Verba
719 1428 745 1469 et
764 1427 880 1490 argento
898 1417 995 1472 desunt
1012 1419 1040 1472 in
1058 1418 1126 1475 Cod.
1142 1421 1222 1476 Drsd.
1239 1428 1265 1479 4.
1283 1454 1318 1466 ·-

269 1504 319 1570 „Ex
338 1523 401 1557 aere
419 1502 562 1558 Corinthio
581 1516 640 1578 post
665 1504 750 1577 ipsam
769 1503 930 1558 Corinthum
956 1507 1019 1560 ah.
1036 1507 1170 1563 Mummio
1195 1532 1322 1568 eversam·

269 1591 410 1661 Operibus,
432 1611 485 1645 ses.
503 1592 604 1662 Opibus
622 1591 779 1647 duodecim:
808 1595 849 1660 [ex
873 1612 1016 1665 perperam
1042 1594 1111 1650 lecto
1138 1602 1322 1672 compendio].

268 1679 313 1733 lles
340 1679 515 1733 Corinthium
540 1680 616 1752 Virg.
647 1678 748 1751 Georg.
774 1679 806 1733 ll.
832 1680 917 1748 [466]
943 1683 1083 1752 Ephyreia
1100 1703 1151 1737 ora
1175 1688 1320 1759 appellat.“

269 1767 336 1821 ttd.
353 1767 486 1824 Manut.
525 1766 653 1839 „Ephyre
671 1765 817 1822 Corinthus
834 1778 881 1834 est,
901 1778 931 1821 ut
949 1769 986 1823 ait
1002 1769 1117 1825 Servius.
1153 1772 1211 1829 Hoc
1229 1793 1273 1828 aes
1291 1795 1320 1829 ex

269 1857 290 1911 S.
302 1855 334 1910 C.
343 1856 430 1911 deleta
448 1875 463 1909 a
482 1855 511 1908 lr.
521 1855 655 1908 Mummio
671 1853 802 1909 Corintho
814 1854 915 1908 iactum
925 1866 950 1908 et
963 1857 1108 1911 conflatum
1129 1871 1179 1914 est:
1200 1881 1262 1915 narn
1275 1882 1320 1916 ae-

269 1946 300 1998 ris
316 1957 413 1998 notam
430 1944 616 2016 pretiosiorem
634 1944 691 2016 ipsa
710 1943 926 2015 opulentissimae
945 1944 1019 1997 urbis
1035 1946 1098 2000 iecit
1115 1947 1226 2001 iniuria:
1257 1952 1319 2021 quia

268 2032 392 2088 incendio
409 2030 524 2104 perustis
541 2031 664 2103 plurimis
681 2031 772 2086 statuis
789 2042 870 2103 atque
889 2031 1037 2086 simulacris
1054 2034 1129 2098 aeris,
1147 2037 1205 2088 auri
1222 2057 1320 2109 argen-

269 2123 337 2194 tique
356 2140 439 2174 venae
457 2120 486 2174 in
504 2138 649 2174 commune
665 2119 775 2173 fluxere.
811 2120 864 2171 Aes
874 2119 1053 2187 corinthium,
1071 2120 1212 2176 Deliacum
1231 2135 1257 2178 et
1268 2125 1322 2178 Ae-

269 2209 412 2281 gineticum
431 2227 494 2262 cum
512 2226 542 2260 ex
561 2207 651 2262 multis
669 2208 860 2280 scriptoribus,
890 2219 947 2261 tum
966 2208 1078 2262 maxime
1102 2230 1131 2262 ex
1150 2210 1237 2265 Plinio
1256 2225 1320 2268 nota

269 2307 337 2350 sunt:
356 2299 401 2363 34,
420 2301 446 2350 2.
483 2295 626 2367 Legendus
643 2295 756 2349 omnino
775 2296 822 2349 tibi
841 2295 933 2348 Lazari
952 2295 1059 2368 [Bayfii]
1078 2297 1148 2352 liber
1162 2299 1196 2353 de
1214 2302 1319 2356 Vascu·

268 2386 371 2440 lisest.“
392 2386 485 2456 Xyst.
503 2383 694 2438 Betuleius.
731 2383 891 2449 „Corinthio
903 2401 984 2453 opero
1002 2396 1079 2438 erant
1093 2405 1161 2453 vasa,
1183 2387 1246 2440 item
1264 2401 1320 2443 sta·

269 2485 323 2527 tuae
341 2485 368 2526 et
387 2471 482 2525 similia
502 2489 584 2542 opere
604 2490 634 2522 er
660 2489 721 2524 aere
740 2469 880 2523 Corinthio
899 2471 982 2525 sacta:
1009 2472 1081 2543 quod
1105 2473 1155 2528 iuit
1185 2494 1229 2529 aes
1249 2489 1321 2531 certe

269 2564 366 2616 ratione
386 2560 586 2633 compositum,¹
599 2577 668 2630 quae
688 2557 849 2629 compositio
868 2557 955 2611 diruta
975 2559 1105 2613 Corintho
1119 2561 1147 2613 in
1160 2562 1320 2617 oblivionem

269 2650 341 2716 abiit,
361 2649 435 2704 unde
453 2666 511 2701 rasa
531 2645 670 2701 Corinthia
696 2645 806 2697 immani
836 2646 923 2715 pretio
950 2645 1140 2700 vendebantur.
1182 2651 1321 2704 cretarum

269 2758 376 2792 aarum:
404 2748 442 2791 est
467 2736 519 2791 hoc
544 2754 643 2789 nomen
670 2735 770 2788 sactum
791 2754 805 2787 a
825 2732 931 2788 Graeco
957 2731 1054 2803 soriis,
1084 2747 1110 2790 et
1136 2736 1322 2809 significantur

269 2847 295 2881 eo
313 2845 392 2892 vasa,
412 2824 510 2897 quibus
528 2822 658 2895 imagines
676 2822 858 2894 insigniuntur
875 2833 1020 2889 exstantes,
1048 2824 1120 2895 quod
1147 2837 1238 2897 postea
1257 2827 1320 2880 item

269 2916 384 2984 sculpere
402 2913 505 2966 dictum
525 2922 578 2977 est,
598 2922 624 2964 et
642 2929 708 2980 opus
726 2910 869 2979 sculptum.
892 2939 925 2950 ·-
969 2912 1082 2982 Signum
1100 2914 1230 2968 Romanis
1255 2935 1320 2988 pro·

269 3003 321 3071 prie
340 3000 441 3055 dicitur
460 2998 585 3071 sigillum,
606 3018 660 3071 quo
672 2999 776 3052 litterae
794 3008 820 3051 et
830 2998 880 3051 alia
893 2998 1077 3070 obsignantur.
1114 3001 1219 3056 Deinde
1230 3004 1321 3057 omnis

269 3109 346 3162 opera
366 3089 445 3154 artis,
464 3087 574 3154 annuli,
592 3086 698 3141 tabulae
716 3087 817 3159 pictae,
848 3086 964 3139 caelatae
989 3098 1015 3141 et
1035 3100 1135 3143 statuae
1156 3090 1251 3143 eodem
1270 3109 1321 3145 no-

268 3178 337 3231 mine
355 3174 490 3248 appellata
511 3178 599 3228 sunt.“
611 3174 651 3224 W
658 3175 792 3246 yttenb.
830 3172 938 3245 „Super
951 3194 1012 3229 aere
1020 3177 1170 3245 Corinthio,
1189 3198 1319 3251 quaenam

269 3266 335 3318 illius
354 3264 433 3335 origo
452 3262 550 3328 suerit,
570 3263 639 3315 varia
660 3263 754 3315 tradite
774 3263 887 3315 suntab
907 3264 1031 3335 antiquis.
1068 3266 1171 3319 Plinius
1188 3286 1249 3319 casu
1269 3268 1321 3319 mi—

270 3363 336 3406 stum
356 3371 413 3405 esse
431 3351 474 3418 ait,
493 3350 633 3417 Corintho,
654 3370 716 3404 cum
736 3361 885 3422 caperetur,
905 3352 1022 3405 incensa.
1058 3352 1206 3423 h.quoque
1225 3354 1321 3408 Florus
1341 3399 1343 3401 .

269 3441 378 3495 eandem
398 3438 557 3492 sententiam
576 3440 712 3510 sequitur,
739 3458 753 3491 a
776 3456 831 3508 quo
850 3436 885 3490 ita
904 3435 1053 3490 haedere
1072 3440 1200 3508 scriptum
1219 3449 1257 3492 est
1276 3440 1320 3507 [ll,
1368 3422 1380 3453 '⁸

269 3529 365 3595 16,1.]
401 3527 484 3580 Aeris
502 3536 595 3578 notans
616 3527 799 3595 pretiosiorem
829 3525 890 3594 ipsa
914 3525 1131 3594 opulentissimae
1156 3526 1230 3578 urbis
1248 3528 1320 3597 fes-it

268 3618 384 3678 iniuria,·
403 3616 470 3688 quia
486 3614 606 3666 incendio
621 3614 759 3683 permistis
777 3612 904 3682 plurimis
923 3613 1026 3665 statuis
1050 3622 1133 3684 atque
1157 3614 1318 3679 simulacris,

268 3707 349 3769 reris,
368 3703 432 3753 auri
445 3702 603 3774 argentique
620 3719 705 3753 venae
722 3702 751 3752 in
769 3718 903 3753 commune
913 3702 1029 3771 fluxere.
1066 3701 1210 3772 [Adquem
1228 3702 1319 3756 locum

268 3793 315 3846 rid.
336 3793 511 3862 interpretes,
530 3789 558 3841 in
576 3788 670 3860 primis
688 3787 849 3857 Dulrerum.]
887 3788 922 3843 At
940 3788 984 3842 alii
1002 3807 1084 3841 unam
1104 3789 1185 3842 modo
1204 3791 1320 3864 antiquis

268 3881 434 3953 temporibus
453 3878 565 3930 domum
581 3878 673 3930 arsisse
691 3877 794 3942 dicunt,
813 3878 841 3930 in
862 3895 987 3950 quacum
1006 3877 1064 3929 auri
1078 3877 1235 3949 argentique
1248 3899 1319 3932 non-

268 3968 331 4021 nihil
351 3969 464 4033 inesset,
484 3965 552 4018 aeris
570 3976 658 4018 autem
678 3985 776 4037 magna
794 3968 844 4029 vis,
862 3964 1000 4020 commista
1024 3963 1069 4017 ills
1099 3975 1125 4018 et
1150 3965 1177 4017 in
1206 3967 1317 4019 eandem

267 4058 378 4113 confusa
396 4072 526 4119 massam,
545 4072 574 4105 ex
593 4071 626 4105 eo
645 4054 766 4116 metallo.
786 4056 862 4108 cuius
880 4055 968 4107 maior
985 4055 1072 4106 inerat
1088 4071 1165 4123 pars,
1187 4052 1317 4106 Corinthii

266 4147 332 4200 aeris
350 4161 453 4196 nomen
472 4142 633 4211 acceperint.
670 4141 724 4195 Alii
743 4143 837 4209 etiam,
864 4141 938 4213 quod
958 4142 1070 4213 propius
1092 4142 1197 4195 adseri
1225 4141 1318 4193 simili·

265 4236 386 4288 tudinem
405 4230 534 4285 accedere
553 4229 663 4295 videtur‚
683 4241 802 4295 narrant,
823 4230 957 4283 aerarium
970 4229 1103 4301 quendam
1118 4230 1224 4282 fabrum
1239 4228 1318 4280 fuisse

263 4321 404 4389 Corinthi,
432 4319 479 4392 qui
498 4337 560 4372 curn
578 4317 713 4371 incidisset
731 4317 758 4370 in
785 4317 891 4370 thecam
910 4318 968 4370 auri
994 4316 1102 4389 plenam
1130 4333 1243 4386 eamque
1269 4314 1318 4367 sibi

262 4411 427 4476 abstulisset,
447 4427 481 4460 ne
499 4405 527 4459 id
546 4406 703 4470 resciretur,
722 4416 861 4471 metuens,
890 4406 1030 4458 dissectum
1053 4405 1081 4457 in
1101 4403 1216 4456 minutas
1234 4403 1319 4474 parti·

261 4498 335 4553 culas
351 4515 449 4554 aurum
466 4492 603 4567 paullatim
622 4494 677 4545 aeri
696 4493 882 4560 admiscuerit,
901 4492 1139 4563 admirabilemque
1157 4490 1229 4545 illam
1249 4502 1318 4545 tem-
