3517 5450
597 744 791 792 nauanoxou
809 745 838 790 v.
863 745 932 794 oen.
950 747 984 792 u.
1229 718 1302 794 207

255 913 542 978 extimescendum.
605 912 676 992 Ego
703 930 784 978 vero
810 914 908 976 istum
940 929 1008 977 non
1033 912 1135 977 modo
1160 929 1303 992 servum,

251 1051 308 1116 sed
334 1050 573 1131 nequissimum
601 1067 753 1129 servum,
788 1052 941 1116 etiamsi
968 1052 1002 1116 in
1025 1052 1226 1134 amplissima
1255 1054 1305 1117 la-

251 1188 342 1251 milia
370 1191 466 1252 natus
488 1187 539 1265 sit,
566 1187 799 1283 appellandum
815 1193 905 1270 puto.
958 1191 1064 1270 Atque
1080 1194 1115 1254 ut
1130 1190 1164 1254 in
1185 1205 1305 1270 magna

249 1325 376 1391 familia
402 1327 478 1390 sunt
500 1324 556 1388 alii
581 1324 757 1424 lautiores,
783 1328 818 1388 ut
844 1325 906 1389 sibi
933 1325 1100 1403 videntur,
1123 1327 1221 1405 servi,
1246 1325 1304 1389 sed

248 1470 361 1528 tamen
385 1461 491 1536 servi:
514 1462 562 1524 sic
579 1462 602 1524 ii
618 1461 690 1542 pari
712 1462 847 1526 stultitia
868 1466 955 1542 sunt,
981 1480 1065 1544 quos
1091 1464 1195 1544 signa,
1221 1482 1304 1545 quos

247 1601 401 1678 tabulae,
439 1614 522 1679 quos
565 1597 728 1663 caelatum
774 1602 966 1678 argentum,
1010 1616 1094 1680 quos
1135 1560 1305 1664 Corinthia

248 1754 372 1819 opera,
398 1750 482 1816 quos
507 1734 656 1801 aedilicia
682 1735 857 1817 magnilica
881 1736 986 1800 nimio
1004 1754 1107 1818 opere
1133 1735 1305 1801 delectant.

249 1868 303 1938 At
330 1891 480 1955 stemus,
514 1870 637 1952 inquit,
672 1867 834 1936 civitatis
857 1869 1062 1961 principes,
1121 1875 1188 1938 Vos
1222 1890 1303 1937 vero

249 2031 291 2076 no
324 2027 500 2076 servorum
534 2009 666 2091 quidem
699 2013 886 2074 vestrorum
919 2010 1093 2092 principes.
1169 2008 1233 2074 Sed
1268 2014 1304 2072 ut

249 2153 282 2214 in
309 2148 455 2225 familia,
481 2147 538 2229 qui
564 2152 703 2213 tractant
720 2148 808 2227 ista,
833 2149 890 2229 qui
912 2153 1059 2230 tergunt,
1086 2150 1141 2231 qui
1167 2150 1302 2229 ungunt,

250 2289 305 2369 qui
332 2289 486 2363 verrunt,
512 2285 568 2367 qui
591 2292 768 2368 spargunt,
799 2304 866 2350 non
893 2287 1161 2353 honestissimum
1193 2288 1303 2352 locum

249 2425 416 2491 servitutis
436 2428 565 2488 tenent:
590 2426 696 2488 sicin
723 2426 865 2502 civitate,
886 2425 943 2507 qui
968 2442 1004 2489 so
1030 2426 1166 2490 istarum
1193 2444 1315 2491 rerum·

248 2561 481 2643 cupiditatibus
509 2526 719 2639 dediderunt,
743 2562 844 2642 ipsius
874 2562 1039 2626 servitutis
1064 2564 1173 2627 locum
1196 2581 1302 2644 paene

247 2701 400 2765 intimum
439 2699 596 2765 obtinent.
668 2692 834 2787 Magoa,
877 2698 998 2780 inquit,
1046 2692 1142 2764 bella
1181 2699 1303 2789 gessi:

248 2834 398 2926 sseagnie
426 2833 594 2925 imperiis
621 2843 656 2900 et
677 2831 886 2925 provinciis
908 2830 1078 2923 praesui.
1132 2835 1218 2903 Gere
1241 2836 1303 2920 igi·

246 2984 301 3040 tur
327 2975 477 3040 animum
502 2974 599 3040 laude
622 2974 766 3054 dignum.
819 2971 976 3038 Echionis
1008 2975 1120 3039 tabula
1146 2979 1179 3038 te
1197 2977 1302 3057 stupi-

245 3116 326 3181 dum
354 3114 503 3192 detinet,
533 3116 589 3177 aut
623 3114 754 3193 signum
792 3113 928 3194 aliquod
957 3114 1126 3194 Polycleti.
1196 3114 1302 3191 Mitto,

244 3253 337 3318 unde
363 3251 550 3329 sustuleris,
577 3250 747 3331 quomodo
773 3249 907 3313 habeas.
958 3252 1143 3314 Intuentem
1165 3255 1215 3327 te,
1242 3252 1303 3336 ad·

242 3390 442 3465 mirantem,
468 3387 630 3477 clamores
657 3387 826 3450 tollentem
853 3402 954 3466 quum
977 3384 1086 3462 video,
1111 3400 1244 3449 servum
1270 3392 1302 3452 te

244 3547 321 3595 esse
346 3530 547 3611 ineptiarum
574 3528 722 3592 omnium
756 3525 898 3591 iudico·
944 3522 1029 3589 Nou
1066 3520 1183 3613 igitur
1216 3533 1301 3588 sient

242 3665 315 3733 illa
333 3658 511 3753 festiva?
563 3664 653 3730 Sunt.
713 3663 797 3730 Nam
832 3680 895 3728 nos
922 3678 1055 3743 quoque
1081 3662 1197 3728 oculos
1223 3679 1300 3724 eru-

242 3808 333 3870 ditos
358 3806 528 3869 habemus.
580 3802 645 3869 Sed
666 3804 807 3867 obsecro
833 3807 884 3880 te,
918 3802 964 3864 ila
990 3804 1127 3865 venusta
1153 3799 1337 3863 debean·-

241 3953 299 4012 tur
325 3947 403 4021 ista,
439 3959 508 4007 non
541 3947 577 4004 ut
602 3942 734 4004 vincula
768 3911 1030 4015 virorumsint,
1072 3937 1130 4002 sed
1166 3942 1202 4000 ot
1239 3938 1302 4001 ob·

241 4085 445 4151 lectamenta
470 4097 661 4163 puerorum.
694 4077 800 4156 .Quid
827 4079 915 4141 enim
930 4078 1068 4140 censes?
1092 4076 1120 4139 si
1146 4075 1180 4139 L.
1191 4076 1301 4139 Mum·

237 4221 330 4286 mius
355 4220 502 4299 aliquem
517 4218 663 4281 istorum
690 4215 835 4314 videret,
852 4212 1076 4278 matellionem
1095 4210 1300 4276 Corinthium

236 4357 459 4442 cupidissime
485 4358 699 4430 tractantem,
734 4368 836 4432 quum
870 4351 941 4431 ipse
976 4353 1077 4413 totam
1105 4345 1298 4449 Corinthum

235 4496 514 4577 contempsisset:
561 4498 670 4558 utrum
708 4493 799 4555 illum
837 4491 942 4554 civem
983 4485 1215 4559 excellentem,
1256 4499 1298 4545 an
