3517 5450
458 685 545 759 -300
799 712 973 761 ranaooxs
1002 711 1187 760 srorconuu

466 876 528 929 tiam
547 875 652 928 confert
670 874 766 945 Borg.
812 874 890 928 Auct.
914 874 947 928 ad
976 870 1231 938 Herenn.lV,1'l:
1260 876 1354 945 Egens
1381 891 1463 946 neque
1479 886 1509 927 est

465 967 504 1026 is,
522 963 569 1033 qni
587 981 638 1014 non
657 964 727 1015 sctis
744 961 840 1027 labet,
857 973 885 1014 et
903 962 937 1027 is,
956 962 1001 1014 cui
1018 961 1089 1014 nillil
1104 961 1175 1013 satis
1191 970 1370 1029 potestesse,
1391 963 1452 1016 oott.
1464 963 1509 1015 llu-

465 1051 502 1104 tit.
519 1052 586 1123 Lup.
606 1071 632 1122 p.
647 1055 708 1106 11⁵.
727 1062 753 1105 et
771 1053 832 1105 125.
851 1050 897 1104 ubi
915 1060 978 1103 suut
996 1048 1143 1103 sententiae
1161 1048 1323 1103 consimiles.
1344 1047 1414 1103 cod.
1430 1048 1508 1105 Crat.

466 1141 572 1210 Copinm
583 1150 674 1191 autem
692 1140 828 1192 sacietas
845 1158 934 1192 rarum
954 1138 1076 1191 declarat
1094 1148 1178 1210 atque
1196 1137 1414 1194 habundantia.
1449 1137 1509 1193 Sm'-

464 1227 536 1282 bitur
555 1227 635 1281 etiam
651 1225 842 1279 habundantia
858 1227 888 1280 in
907 1226 966 1280 Cra.
984 1231 1010 1282 2.
1045 1225 1105 1279 ΜΓ.

535 1327 666 1388 quamtis
686 1318 813 1389 quoniam
829 1335 968 1388 nunquam
986 1334 1127 1388 assequere
1134 1318 1155 1384 ,]
1182 1314 1312 1383 Quatuor
1331 1315 1414 1368 rerba
1432 1315 1508 1386 priore

464 1406 490 1458 in
511 1405 578 1457 cod.
598 1405 677 1457 Drsrl.
695 1409 721 1458 4.
740 1406 775 1458 ita
794 1405 963 1469 scribuntur,
991 1415 1019 1457 ut
1040 1404 1091 1474 legi
1110 1422 1167 1457 nou
1186 1403 1303 1474 possint:
1323 1419 1443 1475 qoam,
1465 1414 1509 1457 tun

463 1477 584 1564 sequitur
602 1511 751 1564 assequere.
788 1493 868 1547 Drsd.
888 1497 913 1546 1.
933 1493 1032 1548 omittit
1046 1502 1091 1546 tn.
1129 1490 1188 1544 Cra.
1209 1496 1235 1544 2.
1255 1502 1282 1544 et
1300 1490 1354 1544 Os.
1373 1510 1399 1544 σ.
1426 1491 1509 1545 liabent

395 1651 398 1656 ¹
462 1600 608 1653 assequare
627 1601 689 1635 cum
710 1582 828 1636 Distu.
866 1582 955 1635 Verba
975 1592 1007 1634 tu
1026 1581 1153 1655 quoniam
1168 1579 1264 1633 omissa
1278 1591 1344 1634 suut
1357 1581 1388 1632 in
1401 1580 1508 1646 Βαὰλ,

464 1670 588 1739 quonium
606 1671 635 1723 in
654 1668 726 1722 Gud.
737 1669 770 1723 Α.
783 1681 808 1724 et
821 1670 880 1726 Bas.
917 1669 1043 1743 Denique
1056 1668 1115 1722 Cra.
1126 1672 1153 1722 1.
1170 1668 1250 1722 lrabet
1260 1669 1445 1740 assequeris.
1463 1668 1508 1721 Mr.

535 1775 672 1829 nunquam
691 1758 795 1809 omniuo
812 1776 841 1808 es
853 1757 977 1829 futurus
996 1757 1080 1825 dives]
1106 1756 1149 1809 De
1167 1755 1263 1809 ordine
1281 1757 1432 1810 verborum
1450 1777 1508 1810 raun-

464 1864 546 1918 quam
563 1848 667 1900 omnino
684 1844 848 1898 Goerenzius
866 1845 900 1899 ad
919 1844 1020 1906 Acadd.
1039 1843 1071 1912 ll,
1091 1846 1117 1911 8,
1137 1848 1180 1898 25.
1206 1843 1253 1912 (ad
1274 1844 1356 1897 rerba
1382 1844 1453 1897 niliil
1467 1863 1507 1896 un-

464 1952 545 2006 quam
563 1934 666 1986 omnino
683 1934 778 2006 aget),
807 1933 961 1999 contendit,
987 1951 1048 1987 cum
1075 1931 1102 1984 in
1122 1932 1189 1986 cod.
1209 1931 1265 1984 Erl.
1292 1932 1328 1986 sit
1346 1934 1453 1986 omnino
1468 1952 1507 1984 aa·

463 2041 558 2094 qnam,
576 2041 638 2075 eum
657 2021 780 2075 ordinem
799 2041 849 2094 per
865 2041 894 2075 se
913 2022 996 2076 unice
1011 2039 1104 2073 rerum
1122 2041 1192 2074 esse:
1216 2031 1289 2075 certa
1310 2020 1386 2074 enim
1406 2021 1506 2094 quadan

463 2109 554 2180 regula
574 2109 703 2181 praeponi
728 2111 833 2163 omnino
857 2107 944 2163 solere
970 2108 1107 2182 particulis
1130 2128 1281 2182 nunquam,
1309 2129 1450 2183 unquam,
1470 2129 1507 2161 ns·

463 2216 559 2268 priam,
586 2219 653 2250 non:
683 2199 727 2251 sed
747 2198 792 2251 illo
811 2197 1037 2253 Academicorum
1056 2198 1116 2252 loco
1135 2198 1163 2250 in
1183 2215 1306 2270 nuquam
1337 2197 1451 2270 repetite
1467 2217 1507 2270 po·

463 2288 509 2339 sita
529 2305 555 2338 se
575 2286 710 2351 dubitare,
739 2286 835 2340 collato
864 2286 925 2342 loco
945 2298 1053 2355 nostro,
1081 2286 1126 2339 ubi
1156 2286 1219 2339 item
1246 2303 1393 2358 nunquam
1411 2284 1507 2358 repetite

464 2372 588 2444 ponitur:
608 2372 705 2426 lrabere
724 2386 812 2427 autem
834 2386 926 2428 nostro
947 2375 1007 2428 loco
1021 2393 1161 2446 nunqnam
1175 2375 1280 2426 omnino
1299 2374 1417 2446 scriptos
1429 2392 1508 2427 omnes

463 2473 488 2515 et
506 2472 606 2532 septem
626 2480 735 2535 quoqne
753 2482 815 2516 suos
834 2464 931 2517 refert:
958 2463 1034 2517 cuius
1050 2463 1152 2516 ordinis
1169 2463 1237 2516 ratio
1263 2462 1288 2515 ei
1309 2462 1451 2516 ridebatur
1467 2481 1508 2534 po·

462 2549 509 2603 sita
528 2549 556 2602 in
575 2550 633 2602 soni
653 2549 795 2603 relatione:
821 2550 962 2623 additque:
987 2551 1036 2616 „ln
1057 2550 1096 2603 his
1115 2561 1186 2604 certe
1212 2562 1291 2604 caute
1310 2551 1509 2624 circumspecte·

463 2657 516 2710 que
534 2638 693 2692 versandum
711 2650 765 2705 est,
785 2656 861 2706 cum,
881 2639 921 2691 rel
942 2641 1073 2710 probante
1091 2639 1199 2711 regula,
1218 2640 1371 2722 peccaris.“
1390 2671 1426 2680 —
1466 2642 1507 2691 Est

462 2745 601 2799 nunquam
619 2728 723 2780 omnino
740 2729 813 2781 eris
833 2730 906 2780 dives
925 2730 952 2781 in
972 2727 1038 2782 Cod.
1057 2733 1116 2783 Cre.
1136 2732 1176 2793 1.;
1200 2747 1229 2781 es
1253 2728 1330 2781 dives
1350 2729 1471 2801 futurus
1485 2729 1506 2780 in

462 2813 542 2867 Drsd.
561 2817 587 2869 5.
614 2814 691 2868 Suer.
717 2816 811 2869 Duisb.
829 2816 898 2870 Edd.
918 2818 987 2871 Vict.
1014 2818 1083 2871 Rob.
1101 2816 1193 2889 Stepli.
1213 2816 1309 2883 Cam.;
1337 2818 1368 2870 in
1399 2816 1467 2871 Gud.
1482 2814 1506 2867 ll.

461 2913 499 2955 est
517 2903 591 2954 sies
610 2903 682 2954 dives
694 2903 817 2974 futurus
836 2904 906 2973 (non
926 2904 1028 2958 omissis
1047 2906 1133 2959 verbis
1150 2924 1292 2977 nunquam
1306 2907 1442 2973 ‘omniunt
1483 2903 1506 2956 ln

461 2988 541 3042 Drsd.
556 2992 583 3042 4.
602 2988 701 3061 legitur
717 3009 856 3063 nunquam
875 2992 980 3045 omnino
993 2993 1019 3065 s
1021 2994 1071 3045 ies
1091 2994 1179 3057 dives,
1204 2993 1266 3060 ubi,
1294 3006 1324 3047 ut
1350 2995 1380 3047 in
1407 2994 1464 3048 Cra.
1480 2996 1506 3056 l.,

462 3079 540 3131 rerba
559 3076 695 3148 scriptoris
712 3091 849 3134 cesserunt
866 3080 978 3151 glossae.
1013 3079 1139 3153 Denique
1156 3080 1184 3133 in
1197 3081 1278 3135 Drsd'.
1289 3087 1316 3135 2.
1337 3082 1437 3155 legitur
1448 3100 1507 3133 mr·

462 3184 543 3237 quam
560 3185 589 3217 es
607 3168 680 3219 dives
698 3170 803 3221 omnino
815 3170 947 3241 futurus.
983 3168 1043 3223 llllr.
1121 3228 1123 3232 ,
1287 3227 1294 3238 ,

532 3258 622 3307 Meam
637 3267 728 3308 nutem
746 3264 872 3330 quonium
889 3259 1032 3327 pecnmam
1045 3256 1215 3325 contemnis]
1235 3254 1411 3312 Cod.Cra.2.
1429 3262 1506 3310 Mean

461 3355 552 3397 nutem
563 3348 706 3398 contemnis
721 3347 877 3416 pecuniam,
894 3348 993 3400 omisso
1010 3346 1143 3419 quoniam.
1169 3344 1475 3417 Scribiturcontempnis
1485 3344 1507 3397 in

461 3424 527 3487 Cod.
538 3434 616 3488 Sner.
636 3436 739 3489 Vocem
756 3434 797 3486 nd
814 3453 868 3487 om.
887 3434 955 3488 Cod.
975 3433 1068 3489 Grai.
1105 3433 1147 3487 Ad
1166 3435 1245 3488 rerba
1262 3443 1306 3488 est
1324 3437 1398 3488 enim
1416 3437 1453 3488 ad
1467 3448 1507 3489 etc·

460 3523 566 3597 Wytt.
595 3523 675 3577 haec:
702 3524 837 3595 „Elegans
862 3535 901 3578 est
926 3542 989 3577 usus
1013 3522 1216 3595 praepositionis
1237 3520 1280 3573 'cd
1297 3541 1351 3595 pro
1374 3524 1507 3577 secundnm

461 3613 607 3681 opinionem
617 3612 702 3684 vulgi,
720 3612 794 3684 quod
813 3624 903 3666 tamen
922 3630 979 3665 non
998 3612 1034 3666 ita
1051 3612 1238 3685 frequentetur
1255 3612 1389 3667 alatinis
1405 3614 1508 3684 scripto·

461 3701 540 3753 ribus.
575 3699 663 3771 Magis
680 3701 924 3773 utuntur'simplici
943 3700 1077 3756 Ablativo:
1097 3700 1218 3771 opinione
1235 3702 1344 3773 uulgi.“
1384 3702 1425 3755 Ad
1439 3702 1507 3754 rerba

462 3790 597 3841 mediocris
614 3816 649 3829 -
667 3790 745 3841 nullo
763 3817 797 3827 -
817 3791 920 3841 modica
935 3790 1025 3843 idems
1049 3788 1116 3857 „Est
1133 3788 1241 3859 elegans
1258 3789 1386 3860 gradatio
1404 3792 1433 3844 in
1451 3790 1507 3843 line:

462 3876 612 3934 mediocris,
630 3878 722 3935 nullo,
741 3878 853 3930 modica.
873 3905 906 3918 -
952 3878 1096 3930 Mediocris
1115 3886 1141 3931 et
1157 3876 1236 3928 nullo
1256 3878 1378 3933 refertur
1395 3878 1430 3933 ad
1450 3878 1508 3932 alio·

462 3983 521 4018 rum
541 3966 709 4035 opinionem:
727 3963 780 4020 Sed
798 3965 915 4019 aliorum
935 3967 1027 4038 opinio
1052 3967 1085 4019 de
1106 3967 1203 4021 nostris
1228 3966 1326 4021 divitiis
1355 3969 1423 4023 nilsil
1443 3968 1507 4031 valet,

462 4053 522 4127 quia
545 4072 594 4106 nos
614 4064 669 4107 tum
689 4055 798 4108 demum
817 4074 909 4109 sumus
926 4056 1033 4123 divites,
1062 4057 1082 4110 si
1108 4067 1199 4109 nostro
1217 4054 1320 4110 indicio
1349 4059 1413 4124 satis
1437 4058 1508 4111 habe-

462 4165 536 4215 mns,
554 4156 581 4199 et
596 4145 687 4200 divites
705 4165 754 4199 nos
772 4143 919 4200 censemus.
958 4148 1094 4199 Modicum
1113 4155 1208 4199 autem¹
1221 4156 1261 4200 est
1279 4147 1322 4213 id,
1357 4148 1433 4221 quod
1451 4165 1509 4201 eon·

462 4237 530 4291 venit
548 4246 641 4289 nostro
660 4235 755 4300 modo,
781 4235 863 4288 idest
887 4245 993 4290 nostrae
1011 4234 1218 4307 magnitudini.“
1264 4232 1400 4289 Similiter
1426 4234 1509 4289 distin·

461 4328 517 4396 guit
536 4324 592 4380 Cic.
610 4326 642 4378 de
668 4324 734 4395 Rep.
754 4324 783 4389 ll,
802 4329 850 4381 31:
878 4329 967 4378 Hnucl
990 4329 1179 4380 mediocris
1208 4326 1250 4378 vir
1274 4326 1355 4396 fuit,
1385 4329 1434 4399 qui
1459 4344 1510 4377 mo-

463 4416 539 4465 dica
557 4415 683 4467 libertate
700 4415 799 4484 populu
818 4416 885 4465 data
900 4417 1118 4486 facilius-tenuit
1135 4416 1333 4469 auctoritatem
1349 4419 1509 4489 principatui

464 4521 518 4555 non
549 4502 685 4572 distinguit
713 4503 739 4555 in
767 4502 845 4557 Orat.
864 4508 915 4571 29,
934 4510 1000 4561 tut:
1037 4508 1171 4578 Eloquens
1199 4534 1234 4544 ·-
1261 4525 1366 4579 magna
1390 4508 1507 4579 graviter,
