3517 5450
575 726 778 774 emineres
800 729 829 775 v.
870 729 939 774 uie.
962 730 983 775 ι.
1232 708 1306 782 205

259 892 361 941 Camer.
392 885 505 962 Aldinae
525 889 602 942 toti.
636 891 713 943 1552.
737 887 801 958 Arg.
828 888 911 959 Lugd.
943 889 1043 944 Sturm.
1070 891 1138 946 dud.
1164 894 1222 948 Tel.
1247 897 1308 951 Par.

258 979 332 1032 isit.
372 975 431 1029 Mt.

567 1203 910 1281 Pondnuxuu
942 1209 991 1284 V.

361 1394 456 1481 Ὅτι
502 1396 608 1498 μόνος
643 1397 660 1482 ὁ
703 1398 810 1506 σοφὸς
847 1398 1075 1509 ἐλεύθερος,
1121 1403 1190 1486 καὶ
1231 1415 1308 1488 acis

423 1529 558 1641 ἄφρων
585 1528 726 1619 δοῦλος.

369 1735 513 1824 [Solum
540 1738 746 1832 sapientem
779 1762 857 1806 esse
885 1738 1062 1830 liberum,
1095 1755 1130 1809 ei
1164 1765 1307 1810 ornnem

424 1874 577 1942 stultum
604 1875 779 1965 servunt]

327 2114 495 2191 Laudetur
519 2133 599 2179 vero
626 2117 680 2183 hio
705 2118 905 2198 imperator,
932 2123 990 2182 aut
1024 2118 1124 2185 etiam
1157 2119 1328 2199 appelle-r

253 2261 328 2348 tur,
346 2259 404 2318 aut
430 2254 494 2318 hoc
516 2257 650 2321 nomine
677 2257 794 2338 dignus
819 2262 959 2339 putetur.
1022 2257 1097 2337 Quo
1123 2259 1223 2322 modo
1251 2262 1307 2323 aut

252 2396 303 2458 eui
328 2394 463 2463 tandem
489 2396 542 2463 hie
568 2397 674 2462 iibere
700 2398 891 2479 imperabit,
931 2400 987 2480 qui
1019 2417 1087 2463 non
1113 2402 1221 2481 potest
1247 2415 1306 2462 eu·
1364 2471 1367 2477 ,

250 2532 440 2614 piditatibus
467 2535 534 2599 suis
561 2535 749 2616 imperare?
794 2536 949 2600 Refrenet
975 2536 1118 2618 primum
1146 2537 1305 2610 libidines,

249 2678 386 2757 spernat
411 2674 613 2756 voluptates,
636 2675 842 2741 iratundiam
867 2678 994 2751 teneat,
1017 2677 1174 2748 coereeat·
1196 2675 1305 2739 avari·

249 2812 348 2889 tiam,
375 2815 500 2876 ceteras
529 2812 628 2880 animi
656 2812 748 2877 labes
775 2812 931 2893 repellat:
967 2816 1036 2877 tum
1067 2812 1200 2894 incipiat
1233 2812 1305 2876 aiiis

249 2922 432 3035 imperare,
460 2971 561 3035 qrrum
588 2955 658 3035 ipse
681 2924 935 3036 improbissimis
958 2952 1117 3029 dominis,
1149 2952 1305 3018 dedecori

249 3110 289 3156 ae
313 3090 517 3173 turpitudini,
544 3110 661 3173 parere
685 3093 828 3157 desierit.
879 3090 967 3156 Dum
987 3092 1120 3172 quidem
1146 3090 1196 3156 his
1222 3090 1304 3153 obe-

247 3212 326 3307 diet,
353 3187 422 3293 non
447 3227 549 3292 mode
575 3228 765 3310 imperator,
791 3228 848 3292 sed
876 3228 961 3291 liber
978 3227 1149 3294 habendus
1166 3230 1303 3294 omnino

245 3384 316 3432 non
339 3368 412 3432 erit.
464 3366 637 3435 uraniae
661 3365 748 3430 enim
776 3368 825 3427 est
851 3363 916 3427 hoe
931 3367 1163 3443 usurpetuma
1181 3364 1303 3428 doetis-

246 3502 360 3579 simis,
395 3464 548 3587 (quornm
583 3519 646 3583 ege
683 3500 878 3565 auctoritate
905 3516 973 3565 neu
1000 3503 1127 3576 uterer,
1161 3500 1189 3564 si
1222 3500 1303 3564 mihi

246 3640 337 3722 apud
374 3640 505 3721 aliqum
546 3643 690 3721 agrestes
731 3640 815 3704 haee
855 3639 1008 3705 habenda
1050 3645 1136 3703 esset
1177 3640 1302 3703 oratio:

247 3792 351 3857 quum
377 3792 459 3839 vern
484 3775 571 3857 apud
597 3776 869 3857 prudentissimos
883 3738 1031 3858 induar,
1068 3778 1187 3859 quibus
1220 3777 1303 3841 haee

243 3911 401 3977 inaudita.
421 3928 490 3975 uon
515 3917 607 3989 sum,
634 3931 693 3977 eur
719 3931 782 3993 ego
806 3913 976 3990 simulem,
1011 3932 1083 3992 me,
1109 3915 1137 3977 si
1165 3913 1243 3996 quid
1268 3914 1300 3976 in

242 4048 296 4114 his
327 4048 444 4114 studiis
473 4066 596 4131 operae
622 4053 808 4133 posuerim,
845 4050 1025 4132 perdidisse
1034 4047 1059 4140 i)
1104 4051 1225 4115 dietum
1254 4056 1302 4114 est

243 4182 347 4263 igitur¹
368 4184 411 4249 ab
439 4184 667 4253 eruditissimis
697 4187 794 4263 viris,
830 4187 892 4252 nisi
923 4188 1124 4267 sapientem,
1160 4186 1298 4249 liberum

240 4336 318 4384 esse
343 4323 524 4388 neminem.
575 4322 664 4402 Quid
688 4328 739 4387 est
765 4323 853 4390 enim
877 4323 1035 4392 libertast
1074 4322 1222 4386 Potestas
1248 4322 1300 4385 ri·

237 4459 359 4537 vendi,
401 4465 446 4548 ut
462 4461 564 4525 veiis,
614 4460 696 4560 Quis
724 4461 822 4540 igitur
848 4452 945 4538 tivit,
971 4457 1115 4533 mvelt,
1149 4457 1211 4521 nisi
1243 4459 1298 4539 qui
