3517 5450
649 729 843 778 rasauoxos
868 732 890 776 1.
929 731 997 778 aar.
1016 732 1064 778 ιιι.
1345 709 1394 781 77

348 901 387 942 tur
396 911 404 949 ‚·
426 888 508 942 Drsd.
524 890 551 939 4.
572 906 608 940 an
624 899 754 956 putamus
772 906 820 940 rios
845 888 906 940 illos
924 891 1066 962 cogitasse.
1085 919 1119 928 -
1137 889 1188 942 sibi
1206 908 1263 942 esse
1281 908 1340 959 esp.
1359 920 1393 930 -

347 978 414 1030 laud.
433 989 528 1028 esset
548 984 576 1026 et
592 976 692 1043 procel.
714 975 866 1036 violaretur5
887 976 1004 1034 Drsd.5.
1022 981 1158 1029 Putamus
1176 997 1229 1030 noa
1248 978 1340 1048 quidq.
1358 978 1394 1028 il-

347 1065 378 1118 los
395 1066 424 1116 iu
451 1065 513 1116 vita
537 1062 588 1114 sibi
610 1079 670 1130 exp.
699 1063 832 1133 cogitasse
854 1091 890 1103 -·
911 1064 984 1118 laud.
1003 1075 1072 1116 esset
1091 1085 1145 1124 -,·
1171 1062 1239 1117 cod.
1260 1064 1334 1116 Voss.
1352 1065 1396 1116 84.

348 1150 451 1221 (Rorg.)
470 1151 604 1221 cogitasse
624 1150 710 1220 quicq.
728 1151 758 1202 iu
774 1151 835 1203 ritu
853 1150 904 1202 sibi
922 1170 978 1204 esse
995 1170 1055 1221 erp.
1074 1180 1108 1192 -
1129 1152 1243 1204 ridetur.
1263 1152 1339 1204 Voss.
1353 1153 1396 1203 16.

348 1238 449 1309 (berg.)
467 1255 505 1290 au
524 1237 657 1307 cogitasse
675 1237 705 1290 in
724 1238 782 1289 vita
800 1238 888 1310 quicq.
908 1238 957 1290 ribi
974 1258 1034 1304 exp.
1052 1259 1123 1305 esse,
1146 1240 1198 1292 nisi
1222 1239 1295 1311 quod
1318 1239 1393 1292 laud.

348 1335 367 1375 st
383 1325 557 1393 praeclarum
574 1335 663 1387 essct,
679 1324 850 1377 eicientur
868 1325 954 1396 (unde
973 1347 1022 1380 nos
1040 1328 1191 1400 recepimus
1215 1328 1326 1380 verbum
1352 1347 1396 1380 er-

349 1412 478 1479 tremum).
521 1411 571 1465 Ed.
591 1431 647 1483 pre.
672 1429 708 1462 au
732 1413 865 1482 cogitasse
892 1414 1034 1485 quicquam
1058 1424 1188 1483 putamus
1212 1444 1247 1455 -
1265 1411 1395 1466 videtur?

349 1500 421 1552 Paris.
440 1520 461 1552 s.
482 1519 519 1552 a.:
537 1517 574 1550 an
590 1508 721 1567 putamus
739 1517 893 1570 quemquem
918 1501 1011 1552 borum
1036 1503 1170 1573 cogitasse
1194 1503 1339 1574 quicquam
1358 1530 1393 1542 —

350 1586 414 1642 laud.
434 1597 505 1639 asset
520 1596 547 1637 et
562 1586 735 1655 praeclarum
752 1586 898 1640 videretur.
935 1587 1003 1642 Edd.
1021 1589 1131 1644 Medici.
1156 1595 1236 1644 1492.
1256 1594 1340 1645 1514:
1360 1608 1396 1640 an

351 1673 473 1744 cogitasse
491 1674 635 1745 quicquam
657 1683 789 1742 putamus
815 1674 844 1725 iu
871 1674 931 1724 aito
957 1675 1008 1727 sibi
1029 1680 1221 1747 expetendum,
1247 1680 1300 1732 nisi
1324 1678 1396 1749 quod

351 1759 528 1813 laudabilior
546 1759 598 1828 (sic
616 1760 679 1826 haer
697 1760 753 1814 sola
771 1760 837 1832 Arg.
857 1765 936 1816 1515.
954 1764 1135 1817 laudabilius:
1156 1765 1274 1837 reliquae
1293 1766 1393 1817 usta.

352 1844 401 1908 bile)
419 1857 492 1899 esset
511 1857 538 1899 et
554 1849 726 1916 praeclarum
750 1849 909 1901 videretur?
945 1851 1073 1922 Reliquae
1092 1864 1152 1906 vett.
1171 1854 1315 1927 pleraeque
1333 1863 1395 1907 ante

351 1933 433 1988 Lami).
453 1935 594 1988 laudabile
619 1955 701 1991 esse.
745 1936 776 1989 ln
798 1936 891 1989 Lamb.
911 1939 981 1992 1566
1008 1950 1059 1992 est:
1091 1942 1224 2011 cogitasse
1247 1941 1394 2012 quidquam

349 2030 469 2087 putamus
487 2022 517 2077 iu
536 2023 595 2075 rita
614 2022 664 2077 sibi
682 2041 755 2092 exp„
774 2023 827 2075 uisi
845 2025 917 2094 quod
935 2024 1071 2077 laudabile
1095 2045 1152 2078 esse
1170 2038 1198 2077 et
1221 2027 1393 2095 praeclarum

352 2108 498 2163 rideretur?
535 2109 603 2164 Edd.
625 2109 698 2165 Crat.
720 2110 795 2164 Man.
816 2110 909 2182 Magn.
937 2109 999 2166 Car.
1023 2112 1116 2185 Stepb.
1141 2112 1203 2167 Alo.
1219 2117 1298 2168 1511.
1315 2117 1393 2168 1552.

353 2217 378 2248 ιιι
393 2208 525 2268 putamus
537 2218 695 2270 quemquam
713 2201 807 2252 borum
825 2201 958 2269 cogitasse
977 2202 1120 2272 quicquam
1138 2201 1167 2253 iu
1185 2222 1211 2256 e.
1226 2222 1247 2256 s.
1265 2220 1323 2270 exp.
1343 2199 1395 2251 nisi

352 2305 370 2354 q.
385 2285 403 2342 l.
421 2305 479 2339 esse
495 2296 523 2338 et
538 2305 584 2356 pr.
602 2287 760 2340 videretur?
789 2287 1049 2342 Atd.1548.Bout.
1078 2291 1126 2341 Aa
1149 2290 1282 2360 cogitasse
1307 2289 1394 2360 quicq.

351 2386 469 2442 potamus
487 2377 517 2428 iu
536 2398 560 2432 v.
579 2396 601 2430 s.
622 2395 682 2445 esp.
702 2403 735 2414 —
755 2378 836 2428 etsie
855 2375 935 2428 etiam
953 2375 1044 2429 ilerw.
1064 2375 1340 2431 Cam.Poris.1553.
1359 2402 1393 2413 -·

354 2461 1113 2519 camLamb.taaiunst1.vvott.escalon.1tts.-
1144 2465 1246 2518 Victor.
1276 2474 1303 2516 et
1328 2463 1396 2516 Rob.

355 2549 434 2624 Stepb.
452 2573 490 2605 au
509 2553 644 2625 cogitasse
661 2556 805 2624 quicquam
822 2554 850 2603 ia
870 2553 929 2603 oita
947 2551 999 2605 eibi
1015 2569 1156 2620 esseexp.,
1174 2551 1227 2602 uisi
1239 2551 1394 2621 quodloud.

353 2651 371 2691 rt
384 2661 424 2711 pr.
442 2643 590 2696 uideretur.
626 2639 705 2695 Grut.
724 2651 750 2692 ct
766 2638 853 2692 Gron.
871 2639 959 2705 idem,
977 2640 1022 2692 sed
1043 2638 1142 2692 omisso
1157 2648 1303 2707 putamus,
1322 2637 1394 2707 quod

354 2730 514 2783 restituerunt
536 2729 632 2783 Graev.
659 2729 725 2782 Era.
755 2730 836 2782 Verb.
864 2741 890 2783 et
915 2730 967 2795 sic,
987 2730 1032 2801 qui
1059 2747 1105 2781 eos
1130 2726 1213 2781 seculi
1237 2736 1314 2791 sunt,
1345 2727 1394 2779 nisi

355 2818 414 2887 quod
433 2817 537 2871 Gernh.
556 2829 583 2871 et
600 2818 686 2871 Nobb.
705 2817 811 2870 uncinis
830 2816 998 2870 incluserunt
1015 2836 1072 2869 esse
1091 2828 1151 2889 post
1170 2815 1315 2869 laudabile.
1335 2814 1394 2867 Als-

356 2903 404 2959 iecit
418 2917 553 2975 putamus
571 2905 701 2972 Orellius,
719 2925 781 2959 cum
801 2925 815 2957 a
833 2905 924 2958 multis
941 2907 1094 2970 omittatur,
1115 2904 1159 2958 alii
1178 2903 1294 2957 habeam
1308 2913 1396 2971 puta-

355 2991 433 3055 bimus,
445 3005 619 3063 putamusne,
631 3005 754 3063 putasne,
761 3004 881 3063 putesne,
892 3004 918 3047 et
927 2992 1018 3065 paullo
1029 3002 1091 3046 ante
1101 2992 1158 3046 Cic.
1167 2991 1264 3045 scribat
1276 3000 1393 3059 putaue-

355 3094 414 3134 runt.
425 3113 458 3123 -
478 3084 533 3135 Pro
552 3101 598 3135 sua
616 3082 802 3135 emendatione
821 3082 911 3135 laudat
922 3082 1002 3152 Borg.
1011 3081 1044 3135 ad
1058 3080 1124 3133 illud
1134 3078 1226 3150 Quid?
1243 3078 1334 3131 locum
1342 3075 1395 3129 Pa·

355 3170 398 3223 aa
416 3173 448 3235 V,
468 3176 499 3223 2:
518 3169 611 3240 Quid?
635 3172 688 3221 iam
706 3170 758 3221 illo
773 3171 910 3239 cupiditas
922 3198 964 3222 -.
982 3168 1064 3237 Quod
1086 3168 1193 3222 extruat
1211 3185 1248 3217 au
1267 3176 1293 3218 ot
1308 3175 1395 3233 puta-

355 3275 413 3317 mus.
430 3261 459 3312 iu
478 3278 510 3312 eo
530 3270 653 3312 auctores
669 3259 748 3311 habet
774 3258 861 3313 codd.
880 3260 1071 3323 Vossiauos‚e
1098 3275 1213 3328 quorum
1239 3272 1294 3306 uno
1320 3271 1395 3305 rece·

355 3346 430 3413 pimus
445 3366 508 3400 cum
527 3365 560 3399 eo
576 3347 713 3411 videntum
733 3366 790 3399 esse
807 3359 897 3401 autem
915 3347 992 3416 eiecit
1010 3357 1070 3415 post
1088 3344 1153 3407 sibi,
1172 3362 1233 3396 cum
1253 3341 1306 3393 suis
1323 3341 1392 3392 Vos·

356 3432 436 3485 sienis:
454 3453 488 3485 ue
505 3434 622 3505 denique
641 3446 700 3505 post
718 3435 850 3505 cogitasse
870 3452 921 3505 ego
940 3435 1030 3504 recepi
1056 3450 1085 3485 er
1103 3430 1170 3483 cod.
1189 3429 1285 3483 Duisb.
1329 3426 1393 3495 Qua

354 3519 411 3576 lacto
430 3522 537 3588 locum,
557 3534 688 3593 quantum
705 3522 763 3575 fieri
782 3522 884 3592 potuit,
904 3532 1026 3573 sanstsun
1045 3519 1173 3573 existimo.
1210 3516 1250 3568 Ad
1264 3513 1392 3585 loquendi

354 3606 487 3663 formulam
506 3610 578 3663 conf.
597 3609 647 3664 Or.
665 3630 717 3682 pro
734 3609 828 3664 Coelio
847 3612 897 3662 1¹1:
924 3609 1002 3661 Nilril
1026 3608 1055 3660 irs
1074 3608 1134 3658 vita
1150 3604 1324 3674 expetendum
1340 3619 1391 3669 pu·
1462 3619 1465 3624 ’

355 3706 423 3763 taret,
441 3699 495 3751 nisi
512 3699 586 3770 qaod
601 3710 670 3751 esset
684 3718 743 3750 cum
762 3699 842 3749 laude
861 3708 890 3749 et
910 3717 969 3750 cum
986 3697 1121 3765 dignitate
1138 3694 1317 3772 coniunctum.
1336 3689 1390 3745 Mr.

415 3787 533 3838 Veniant
557 3786 645 3855 igitur
677 3786 724 3838 isti
749 3786 881 3853 irrisores]
909 3786 1045 3849 „Veniant
1077 3784 1125 3834 isti
1152 3782 1240 3851 igitur
1264 3780 1391 3833 irrisores.

354 3872 484 3938 undecim,
506 3873 623 3926 Veniant
641 3874 722 3925 istius
742 3874 830 3943 igitur
846 3874 984 3937 irrisores,
1007 3872 1091 3926 buo.“
1111 3869 1181 3923 Atd.
1199 3868 1286 3923 Man.
1321 3865 1392 3919 Cod-

353 3957 410 4013 Pitls.
431 3962 550 4014 Veniant
568 3961 654 4031 igitur
674 3962 795 4013 irrisores
813 3962 894 4013 istius
911 3962 1069 4018 orationis.“
1088 3958 1206 4011 Graes.
1252 3954 1320 4007 Cum
1341 3974 1391 4006 un·

353 4047 428 4103 decim
447 4050 500 4101 illis
518 4047 623 4101 Aldinis
640 4050 729 4102 facere
745 4051 782 4103 ait
809 4048 912 4102 Gernh.
937 4047 1090 4100 Editionem
1108 4045 1193 4115 lrugd.
1212 4046 1296 4105 1555,
1320 4058 1390 4093 cam·

352 4155 394 4207 que
407 4138 532 4191 exhibere
548 4138 709 4209 istiigitur.
734 4138 807 4191 ldem
826 4138 907 4191 refert
923 4137 1013 4190 abesse
1027 4138 1075 4188 isti
1093 4136 1126 4188 ab
1151 4133 1254 4204 aliquot
1270 4130 1330 4184 cdd.
1348 4148 1389 4180 ve·

350 4227 453 4280 teribus:
473 4244 563 4297 neque
582 4245 875 4298 magnopere-apustio
894 4245 949 4278 esse
967 4224 1102 4277 existimat.
1137 4222 1196 4294 Ego
1216 4220 1326 4273 eandem
1347 4236 1390 4266 vo·

348 4332 400 4367 cem
417 4315 511 4368 abesse
531 4314 582 4366 vidi
603 4334 618 4367 a
637 4315 727 4368 multis
745 4314 812 4369 Edd.
831 4327 856 4369 et
874 4316 960 4367 tribus
978 4311 1064 4367 codd.
1080 4310 1191 4366 nostris:
1219 4308 1264 4362 sed
1284 4316 1388 4359 luculli!

346 4421 398 4456 eam
417 4424 459 4457 sex
474 4401 564 4456 codd.
582 4401 647 4455 Οιι.
664 4402 759 4456 Duisb.
789 4402 897 4458 Suesia.
916 4401 975 4456 Cra.
995 4404 1019 4456 3.
1044 4400 1124 4454 Drsd.
1141 4404 1168 4451 2.
1186 4400 1212 4450 5.
1236 4410 1300 4448 cum
1323 4390 1392 4449 Edd.

341 4493 398 4545 Asc.
420 4495 501 4546 1511.
520 4487 552 4541 H.
572 4489 666 4552 Wolf,
684 4491 753 4543 vics.
778 4490 846 4543 Rois.
873 4488 965 4560 Steph.
992 4487 1068 4542 Cam.
1087 4486 1165 4539 Grut.
1194 4492 1220 4535 et
1246 4491 1304 4553 post
1330 4500 1389 4537 eum
