3517 5450
690 757 887 805 rtnrnuxon
917 761 946 806 v.
972 761 1042 808 err.
1068 762 1089 809 t.
1345 742 1419 817 225

365 919 477 991 quisque
495 935 529 969 ea
543 918 622 989 sorte
634 918 773 990 fungitur
791 917 929 974 moribun·
953 918 1044 975 Unus:
1063 924 1121 975 suis
1132 941 1166 974 oa
1177 925 1273 996 cuique
1286 927 1421 999 fungitur

364 1004 491 1061 moribus.
516 1015 544 1058 ct
570 1003 702 1072 deletum,
727 1007 867 1078 iacuitque
883 1017 911 1058 et
929 1006 1005 1062 adda
1035 1010 1167 1082 quisquer
1197 1011 1287 1067 Unus:
1314 1016 1372 1068 suia
1388 1035 1422 1068 eu

364 1095 459 1168 cuique
472 1094 590 1166 fruitur
607 1090 739 1155 moribus5
760 1112 844 1149 unus:
863 1096 924 1165 quis
943 1096 1040 1168 cuique
1054 1097 1168 1168 fruitur
1185 1099 1319 1162 moribuss
1339 1121 1420 1156 unus:

362 1183 419 1235 suis
444 1182 516 1234 enim
536 1182 649 1254 quisque
668 1181 759 1234 utitur
786 1179 911 1234 moribus.
962 1183 1053 1237 Unus:
1081 1186 1140 1239 suis
1167 1187 1281 1259 quisquo
1301 1190 1422 1263 fingitur

362 1269 509 1324 mortbert*
537 1269 610 1322 Ald.
630 1269 717 1325 Man.
766 1270 862 1335 „Satn
889 1270 967 1336 dicit,
999 1273 1113 1345 quisque
1134 1275 1259 1345 fingitur
1286 1277 1420 1331 moribus.-

361 1377 417 1411 non
438 1368 530 1411 autem
550 1357 662 1429 fingitur
687 1359 819 1411 fortunae.
869 1357 937 1411 Nam
960 1359 1089 1415 fortunae
1114 1368 1176 1415 suae
1205 1365 1317 1436 quisque
1342 1367 1419 1420 saber

362 1457 406 1500 est.
444 1445 529 1500 Suam
549 1447 662 1518 quisque
679 1445 756 1517 fingit
775 1445 921 1500 lor-tunam.
957 1447 1044 1518 Igitur
1060 1468 1106 1502 sua
1126 1451 1238 1522 cuique,
1262 1453 1419 1523 praesertim

361 1535 474 1605 sapienti
494 1535 603 1588 fortuna
623 1533 718 1588 cedit.“
742 1533 815 1585 Frc.
834 1531 925 1603 Sylv.
976 1534 1122 1600 „Erasmus
1145 1539 1172 1591 in
1192 1539 1351 1593 Proverbiot
1369 1540 1420 1592 Sui

362 1624 458 1696 cuique
476 1641 561 1677 morea
572 1624 688 1695 fingunt
701 1622 862 1693 fortunam,
882 1621 956 1676 hunc
973 1622 1064 1677 locum
1083 1625 1121 1680 sic
1137 1627 1335 1680 emendandum
1353 1642 1419 1681 cen·

361 1720 412 1763 set:
432 1710 479 1761 cui
498 1711 605 1783 quidem
623 1711 721 1774 etiam,
741 1710 825 1781 quia
843 1709 897 1760 vim
916 1709 1021 1762 habet
1041 1714 1198 1777 maximum,
1217 1715 1339 1785 fortuna
1357 1716 1419 1785 ipsa

361 1799 447 1864 cedit,
472 1809 506 1850 et
523 1799 596 1851 sicut
615 1799 723 1868 sopiens
739 1803 823 1867 poe'tu
842 1798 928 1864 dixit,
958 1801 1017 1852 suis
1035 1801 1131 1872 cuique
1157 1801 1273 1854 moribus
1284 1803 1417 1874 fingitur.

359 1885 447 1941 Sentit
464 1887 553 1953 enim,
572 1886 672 1958 inquit,
691 1888 826 1940 fortunam
847 1885 912 1958 fingi
926 1887 1024 1958 cuique
1034 1889 1089 1940 suis
1106 1888 1234 1943 moribus.
1253 1918 1288 1932 -
1307 1890 1418 1944 Dictum

359 1975 410 2030 hoc
436 1975 632 2028 Volaterranus
659 1974 757 2029 alicubi
783 1976 867 2030 citans
896 1975 981 2029 Accio
1008 1976 1110 2030 tribuit.
1156 1979 1266 2030 Constat
1291 1989 1363 2030 certe
1387 1997 1416 2030 ex

360 2073 455 2135 quarta
474 2062 637 2129 Tusculana,
658 2063 739 2135 Appii
756 2063 835 2117 Caeci
854 2081 964 2116 carmen
983 2064 1141 2117 Panaetium
1159 2064 1288 2132 laudasse,
1307 2067 1334 2118 in
1349 2085 1416 2137 qua-

358 2150 420 2204 dam
444 2150 477 2203 ad
497 2149 533 2218 Q.
550 2151 725 2204 Tuberonem
753 2150 879 2228 epistola,
898 2150 980 2223 idque
998 2150 1123 2206 Ciceroni
1150 2151 1358 2225 Pythagoricum
1377 2154 1417 2206 vi·

359 2237 447 2292 deri.“
465 2241 561 2310 Xyst.
580 2238 731 2292 Betulei.
820 2233 824 2240 ’
1304 2247 1306 2253 “

432 2328 498 2380 Suis
525 2345 557 2379 ea
585 2328 681 2399 cuique
702 2315 826 2399 fingitur
852 2326 989 2395 moribus]
1040 2327 1096 2394 ,,Μ.
1124 2327 1278 2381 Antoninus
1306 2327 1351 2380 lib.
1370 2327 1416 2381 lll.

358 2417 410 2466 τῶν
429 2418 467 2473 οἷς
485 2411 589 2466 iuvem·
609 2412 738 2484 Εἷῖμοιρος
756 2411 863 2482 α’γαθήν
881 2429 976 2485 μοῖραν
995 2419 1096 2486 σεαυτῷ
1118 2413 1267 2477 ἀπονείμας.
1303 2416 1416 2469 luvena-

357 2502 388 2556 lis
407 2513 482 2557 recte
506 2502 584 2570 dicit,
613 2505 762 2557 Fortunam
790 2503 895 2557 nullum
924 2523 979 2556 esse
1004 2503 1125 2569 Numen,
1159 2504 1202 2558 sed
1230 2504 1414 2575 prudentiam:

357 2589 468 2643 stultitia
487 2589 628 2643 hominum
648 2591 719 2644 inter
737 2591 800 2644 deas
820 2590 916 2643 referri
934 2591 1091 2644 Fortunam:
1116 2592 1172 2646 Sa't·
1190 2593 1229 2645 X:
1330 2633 1334 2641 .

452 2679 568 2733 Nullum
585 2699 682 2733 numen
701 2678 798 2744 lrabcs,
816 2679 840 2731 ai
858 2678 897 2730 ait
913 2679 1070 2748 prudentia.
1109 2682 1165 2733 Nos
1183 2690 1224 2743 tc,

451 2768 508 2820 Noa
522 2767 661 2838 facimus,
680 2772 819 2824 Fortuna,
839 2767 930 2832 deam,
950 2767 1075 2839 coeloque
1092 2768 1240 2820 locamus.“
1259 2798 1293 2808 -

356 2851 414 2920 „lta
434 2853 463 2907 in
482 2855 551 2907 Ven.
571 2855 712 2927 exemplis:
731 2856 789 2909 alii:
813 2854 878 2907 Suis
897 2855 1027 2926 cuiusque
1038 2856 1190 2927 ῄηρςίτιιν,Ι
1219 2856 1356 2910 Sententia
1376 2866 1415 2909 est

356 2940 491 2994 Plautina.
529 2941 581 2995 Sed
601 2944 710 3003 Cicero,
738 2956 768 2998 ut
787 2954 915 3015 apparet,
944 2941 1051 2996 alterius
1070 2956 1163 3015 poetae
1188 2943 1249 2998 loco
1269 2963 1331 2997 usus
1347 2947 1414 2997 est.“

355 3032 487 3083 (lamen.
525 3029 599 3097 Ern,
618 3032 662 3084 sed
682 3032 823 3098 dubitans,
851 3033 915 3085 item
933 3031 1029 3084 Plauto
1048 3032 1142 3085 tribuit
1159 3030 1332 3096 sententiam,
1352 3031 1414 3085 loco

354 3136 369 3171 a
398 3117 479 3171 Face.
505 3118 592 3172 citato.
645 3120 729 3173 Totus
757 3138 847 3173 versus
867 3117 967 3183 (troch.
993 3131 1082 3174 octon.
1110 3120 1174 3189 cat.)
1199 3124 1262 3174 est:'
1282 3121 1344 3172 362.
1370 3117 1412 3169 ed.

355 3203 519 3257 Hermanni:

449 3293 522 3343 Nalm
539 3293 646 3363 sapiens
666 3295 771 3365 quidem
787 3296 836 3364 pol
853 3296 909 3364 ipse
922 3295 1015 3365 fingit
1029 3295 1175 3364 surturitlm
1193 3294 1252 3347 sibi.

353 3380 483 3448 „Primus
500 3378 552 3433 hoc
569 3380 632 3435 dixit
648 3382 809 3449 Heraclitus,
828 3384 906 3437 cuius
924 3400 1050 3454 graecam
1068 3380 1226 3433 sententiam
1238 3380 1411 3450 explicuimus

354 3468 426 3522 Bibl.
445 3466 511 3521 Crit.
530 3468 561 3521 P.
579 3467 622 3522 lX.
638 3489 664 3541 p.
684 3473 749 3530 19,“
768 3470 875 3541 Wytt.
918 3469 1007 3522 Locus
1027 3467 1157 3520 Antonini
1186 3476 1225 3519 est
1241 3466 1271 3519 L.
1290 3468 1325 3518 V.
1346 3475 1411 3518 extr.

354 3578 381 3629 p.
401 3560 466 3611 170.
491 3554 533 3609 ed.
558 3555 653 3611 Gatalr.
670 3577 696 3629 q.
716 3577 754 3622 ng
781 3555 911 3609 luvenalis
929 3556 962 3621 X,
981 3559 1034 3610 ³65
1052 3575 1091 3627 sq.
1116 3554 1181 3625 ibiq.
1204 3554 1331 3622 interprr.
1349 3550 1412 3636 'lle-

354 3643 442 3700 racliti
461 3643 536 3704 locus
555 3663 599 3715 ap.
616 3644 791 3698 Plutarchum
812 3655 865 3711 est,
893 3646 1042 3697 Hierum.
1061 3646 1198 3711 Ζητηματ.
1218 3661 1245 3712 p.
1257 3643 1318 3693 999.
1343 3638 1412 3705 ἦθος

353 3729 501 3802 ἀνθρώπου
519 3734 637 3799 δαίμων,
655 3733 688 3785 de
707 3753 761 3805 quo
781 3754 804 3788 v.
823 3734 912 3805 Wytt.
931 3734 949 3786 l.
966 3752 990 3787 c.
1010 3753 1037 3803 p.
1055 3733 1184 3785 18-21.
1219 3728 1250 3782 ll.
1270 3728 1302 3808 A.
1315 3725 1411 3779 Wotfii

352 3818 425 3873 Mus.
451 3820 478 3874 d.
503 3818 615 3874 Alterth.
640 3820 721 3873 Wiss.
740 3821 760 3886 l,
780 3824 805 3875 3.
821 3820 887 3892 ibiq.
913 3821 943 3874 F.
968 3817 1205 3873 Schleiermaclrer.
1231 3812 1338 3868 lleralrl.
1363 3813 1412 3865 der

352 3905 464 3959 Duntte
484 3927 510 3977 p.
530 3911 584 3961 5⁰4
602 3926 641 3979 sq.
658 3935 692 3947 -
729 3906 833 3960 Gernlr.
850 3908 904 3960 sibi
916 3918 1068 3977 suspectum
1086 3924 1119 3956 ea
1139 3904 1204 3957 dicit
1222 3916 1277 3955 esse
1295 3901 1410 3971 ideoque

352 3994 461 4049 uncinis
479 3993 603 4061 inclusit,
631 4012 694 4046 cum
713 3996 813 4049 absita
840 3995 931 4049 multis
955 3994 1056 4059 coda,
1085 4012 1137 4065 qua
1156 3990 1323 4045 correctione
1342 4005 1410 4058 opus

352 4101 409 4136 non
429 4093 483 4146 est,
502 4082 522 4134 si
541 4082 682 4135 nobiscum
700 4080 772 4153 legas
789 4085 827 4147 si,
846 4092 886 4135 ut.
925 4081 1013 4134 Verba
1033 4092 1122 4135 autem
1142 4083 1236 4150 po‘e'tae
1256 4094 1310 4147 quo
1322 4073 1411 4124 minus

352 4169 404 4224 sint
424 4170 530 4236 Plauti,
549 4169 614 4222 nihil
633 4170 759 4241 impedite
778 4189 841 4223 nam
859 4188 938 4240 saepe
956 4169 1068 4236 Cicero,
1093 4175 1234 4238 poetarum
1258 4163 1332 4215 locos
1350 4177 1409 4210 ver-

353 4258 393 4312 bis
410 4259 466 4312 suis
485 4259 662 4322 interserens,
682 4267 797 4310 metrum
816 4257 901 4312 solvit.
937 4255 1073 4309 Bentleius
1090 4255 1156 4308 haec
1176 4251 1264 4305 omnia
1277 4249 1348 4301 sicut
1362 4262 1409 4297 su-

349 4348 425 4415 piens
444 4376 482 4387 -
501 4344 619 4397 moribus
637 4344 722 4411 delet,
743 4357 805 4399 uta
826 4344 910 4400 sciolo
929 4344 1046 4398 invecta:
1074 4342 1170 4395 merito
1189 4356 1244 4392 non
1269 4333 1407 4387 auditusa

353 4433 558 4502 posterioribus.
593 4432 653 4486 Mr.
695 4435 698 4441 '

371 4554 374 4558 ·
423 4522 486 4575 suis
504 4536 537 4570 co
557 4520 654 4593 cuique
665 4521 788 4593 fingitur
808 4509 945 4589 mitibus]
994 4522 1050 4575 Vox
1083 4535 1115 4567 ea
1134 4515 1207 4568 abest
1230 4511 1264 4565 ab
1292 4508 1358 4564 Oxx.
1376 4509 1407 4562 E.

1134 4605 1179 4676 15
