3517 5450
361 723 436 797 220
673 748 845 798 etnanoxt
874 748 1068 798 srorconnu.

356 921 420 962 tarr.
440 908 543 980 Epictet
562 909 619 962 Lib.
640 908 685 960 lV.
705 928 727 963 c.
748 912 772 961 1.
795 927 853 978 pro.
897 904 1048 977 Ἐλιὺθερὸς
1072 901 1174 960 ἐστινὸ
1197 905 1247 966 ξῦν
1266 901 1301 965 sic
1317 903 1394 971 florile-

356 1019 415 1060 τσι,
435 994 463 1048 iis
481 993 535 1049 οὔτ’
551 994 697 1063 ἀναγκάσαι
713 1000 797 1059 ἐστὶν,
825 992 885 1048 οὔτε
904 995 1032 1060 κωλύσαι,
1059 990 1299 1060 strepsicerotes·
1326 981 1354 1045 οὗ
1375 994 1394 1044 ei

357 1081 436 1154 ὅρμσὶ
453 1082 649 1146 defendebam,
668 1084 696 1136 al
714 1081 804 1155 ὀρέξεις
823 1086 1012 1146 luncuernet,
1036 1085 1064 1134 el
1080 1085 1205 1141 instincto
1222 1079 1394 1151 ἅπερίπτυτσι.

356 1173 399 1225 De
423 1171 557 1226 locutione
582 1173 689 1224 vivendi
707 1173 767 1239 vio,
796 1172 874 1224 etiam
901 1170 1012 1225 Graecis
1028 1181 1055 1224 et
1070 1170 1197 1224 Hebraeis
1222 1170 1332 1237 usitata,
1355 1170 1393 1221 vit.

357 1257 480 1334 Creuzer.
498 1259 531 1311 ed
550 1258 648 1327 Plotin.
674 1257 745 1311 Enn.
766 1256 812 1325 lll,
832 1263 858 1323 2,
876 1263 903 1313 5.
931 1279 960 1330 p.
986 1261 1046 1313 259.
1074 1256 1123 1310 Ed.
1148 1277 1191 1329 pr.
1237 1258 1281 1310 De
1312 1257 1394 1310 Datim

258 1341 260 1345 Α
356 1364 417 1399 cum
436 1346 541 1400 Passivo
569 1347 620 1400 vid.
645 1346 775 1400 Ottonem
803 1346 831 1398 in
851 1345 971 1400 Excursu
999 1346 1033 1400 ad
1052 1344 1109 1400 Cic.
1133 1346 1167 1399 de
1192 1346 1275 1399 linn.
1301 1365 1328 1418 p.
1347 1349 1394 1401 314.

356 1434 398 1487 At
417 1434 496 1487 verba
516 1435 588 1489 conl.
606 1434 665 1488 Cic.
687 1435 716 1487 in
734 1436 812 1488 Verr.
831 1433 892 1488 Act.
912 1435 945 1488 ll.
969 1435 1028 1489 bib.
1047 1432 1115 1502 l,'li,
1135 1437 1185 1492 tte
1210 1437 1279 1487 Mea
1302 1434 1393 1506 quidem

356 1522 428 1575 ratio
444 1523 586 1592 explorata
605 1532 687 1594 atque
703 1522 813 1592 proviso
830 1531 880 1576 est.
919 1521 977 1575 Mr.

428 1611 474 1681 qui
491 1609 595 1680 legibus
613 1611 719 1681 quidem
736 1626 789 1661 non
804 1619 916 1680 propter
934 1619 1033 1661 nutum
1048 1609 1140 1678 peret]
1186 1608 1282 1676 „Libri
1309 1618 1392 1660 veteres

356 1696 465 1751 babent:
485 1698 533 1768 qui
549 1716 588 1749 ne
606 1697 710 1768 legibus
733 1699 839 1769 quidem
856 1708 967 1768 propter
993 1707 1091 1749 metum
1115 1699 1227 1766 paret.“
1252 1695 1391 1749 Lambin.

356 1785 456 1852 „Recte
474 1784 563 1856 itaque
580 1784 624 1838 ille
644 1784 689 1838 eitz
769 1806 774 1817 ·

469 1873 591 1925 Oderunt
606 1891 716 1942 peccare
735 1871 794 1925 boni
812 1873 926 1925 virtutis
943 1890 1047 1925 ansere:

470 1961 589 2013 Oderunt
606 1978 716 2029 peccare
736 1960 801 2012 moli
812 1960 962 2033 furneidine
978 1953 1106 2031 poenae.‘¹
1125 1959 1149 2011 X
1156 1969 1221 2030 yet.
1239 1957 1349 2013 Betul.

355 2048 473 2102 Auctore
492 2046 624 2102 Cicerone
651 2066 702 2120 pro
727 2049 760 2101 Α.
780 2047 907 2102 Cluentio
925 2054 1028 2122 Legum
1050 2048 1148 2100 idcirco
1166 2066 1256 2099 omnes
1272 2048 1342 2099 servi
1355 2066 1392 2098 se·

355 2154 429 2200 mus,
447 2145 480 2186 ut
496 2134 573 2186 liberi
589 2154 646 2189 esse
662 2137 821 2205 possimus.‘⁸
838 2137 913 2192 Frc.
931 2136 1021 2208 Sylv.
1057 2135 1146 2202 „ilinc
1163 2136 1306 2188 Demonas
1323 2132 1391 2206 Cyni-

355 2243 402 2276 cus
422 2222 494 2296 apud
508 2224 673 2277 Lucienum:
694 2224 716 2275 ol
734 2221 834 2291 ἀγαθοὶ
852 2219 936 2285 uta-r
954 2220 985 2276 osi
999 2225 1116 2277 δίοκταιι
1136 2223 1208 2293 quia,
1228 2234 1258 2276 ut
1276 2221 1390 2275 Salomon

356 2311 434 2377 dicit,
452 2312 560 2382 sopiens
576 2311 627 2364 sibi
645 2313 701 2381 ipse
719 2312 763 2363 lex
780 2323 831 2366 est.
877 2309 912 2365 Et
929 2310 1081 2381 Aristippus
1098 2328 1160 2364 curn
1185 2310 1390 2380 interrogaretur,

354 2421 406 2471 qua
428 2420 457 2453 re
477 2411 622 2472 praestaret
641 2397 813 2471 philosophus
841 2398 899 2452 aliis
917 2397 1084 2451 bominibus:
1112 2394 1157 2450 triv
1172 2395 1270 2456 utimr
1288 2397 1312 2448 el
1333 2392 1391 2456 κὸμιι

355 2484 541 2557 ἀναιρεθῶσιν,
557 2484 649 2550 ὁμοίως
665 2485 801 2553 fladonum,
819 2498 883 2541 teste
901 2486 1024 2557 Diogene
1043 2485 1174 2540 Laertiof‘
1193 2485 1316 2539 Graev.
1348 2484 1390 2535 bo·

355 2594 402 2630 cus
420 2574 558 2630 Orationis
576 2595 627 2646 pro
645 2573 752 2628 Cluent.
771 2585 810 2628 est
827 2593 850 2629 c.
861 2578 905 2641 53,
923 2577 990 2638 1463
1009 2574 1084 2628 locus
1102 2574 1215 2628 Luciani
1232 2575 1261 2628 in
1281 2578 1314 2628 ei·
1345 2572 1390 2624 De·

355 2675 479 2731 monacte
498 2666 542 2718 59.
561 2683 587 2736 p.
599 2665 660 2718 394.
679 2663 712 2716 T.
722 2662 754 2715 ll.
772 2662 822 2716 Ed.
841 2661 1005 2729 llemsterb.;
1023 2663 1099 2717 locus
1115 2661 1213 2717 Laertii
1231 2662 1262 2715 la.
1273 2660 1306 2714 ll.
1323 2678 1390 2732 segm.

355 2753 397 2804 68.
415 2772 442 2822 p.
460 2755 521 2807 tte.
542 2752 584 2805 ed.
602 2751 731 2805 Meibom.
750 2781 784 2792 -
828 2751 954 2824 Legitur,
984 2751 1057 2823 quod
1076 2751 1169 2810 Lamb.
1194 2751 1224 2804 in
1243 2749 1319 2804 libris
1334 2761 1392 2803 vete·

356 2840 429 2891 ribus
447 2858 502 2892 esse
521 2839 598 2904 dicit,
625 2839 653 2891 in
672 2838 738 2893 On.
757 2838 788 2893 E.
809 2856 837 2902 ψ.
863 2840 943 2893 Drstl.
958 2845 983 2892 2.
1004 2839 1098 2893 Duisb.
1120 2856 1152 2890 ne
1175 2838 1282 2910 legibus
1303 2837 1392 2910 quidem

353 2946 413 2998 pm
435 2947 485 2999 pro
508 2936 607 2978 metum
626 2938 665 2981 est
682 2937 769 2979 metus
788 2927 816 2980 in
843 2926 911 2981 eod.
936 2926 1016 2980 Drsd.
1034 2930 1059 2979 1.
1085 2924 1152 2979 cod.
1177 2923 1252 2980 Gud.
1272 2925 1303 2978 B.
1327 2923 1392 2976 babet

353 3025 464 3085 propter
481 3025 579 3066 metum
597 3034 651 3067 non
665 3024 754 3084 paret.
791 3013 864 3067 Gud.
883 3015 915 3068 A.
942 3030 992 3087 pro
1016 3025 1096 3085 peret
1113 3013 1218 3069 exbibet
1236 3014 1329 3069 servit.
1367 3009 1391 3061 ln

356 3100 436 3154 Drsd.
452 3106 478 3156 4.
497 3102 565 3155 mira
583 3112 645 3155 sunt
659 3102 819 3173 compendia
838 3103 876 3157 sic
896 3122 1016 3174 expressa
1031 3113 1142 3173 propter
1160 3111 1262 3155 nectum
1281 3105 1336 3155 tX
1350 3118 1392 3152 non

356 3200 451 3258 paret,
470 3208 538 3261 quae
560 3188 624 3261 quid
642 3189 692 3243 sibi
712 3190 807 3257 velint,
827 3191 926 3245 nescio.
963 3190 1023 3245 Mn.

429 3279 475 3350 qui
492 3276 596 3349 legibus
615 3278 720 3349 quidem
737 3297 789 3330 non
805 3289 918 3347 propter
935 3279 1045 3348 metum]
1082 3278 1145 3343 „ste
1168 3278 1306 3332 undecim.
1339 3274 1394 3327 Tres

356 3366 403 3439 qui
421 3384 481 3418 nec
498 3365 603 3436 legibus
629 3366 735 3437 quidem
757 3377 869 3435 propter
897 3377 1005 3419 metum.
1046 3366 1124 3419 Unus
1155 3368 1203 3437 qui
1227 3364 1331 3438 legibus
1351 3378 1393 3415 non

351 3464 463 3524 propter
487 3464 594 3507 metum.
613 3482 647 3493 -
691 3457 812 3505 Metam:
836 3473 873 3509 sc.
903 3456 1106 3526 magistratuum
1133 3464 1159 3508 et
1184 3449 1393 3526 suppliciorum·“

355 3541 426 3595 ΑΜ.
444 3542 530 3594 Mau.
572 3541 607 3595 Et
628 3540 679 3595 boc
705 3541 814 3614 quidem
839 3542 917 3609 loco,
944 3543 965 3596 si
994 3562 1056 3615 quo
1076 3541 1143 3607 alio,
1171 3543 1264 3595 denuo
1288 3547 1393 3612 apparel,

355 3649 435 3702 quam
455 3629 533 3682 facile
553 3638 638 3694 erret,
666 3629 713 3699 qui
733 3649 762 3681 ex
781 3630 895 3684 aliorum
920 3630 1093 3684 relationibus
1111 3629 1145 3683 de
1162 3630 1281 3683 lectione
1298 3624 1395 3681 alicuius

355 3717 406 3771 loci
426 3717 515 3770 refert.
553 3714 590 3770 lta
611 3716 714 3773 Gernb.
734 3718 797 3773 vidit
822 3720 849 3772 in
868 3720 1042 3774 annotatione
1069 3717 1246 3772 Lambiniana
1265 3716 1394 3771 lectionem

355 3825 388 3857 ne
403 3803 506 3876 legibus
524 3806 646 3877 quidem.-
664 3806 742 3875 inde,
766 3826 822 3861 non
841 3809 893 3862 visa
912 3808 1037 3863 Editione
1054 3807 1179 3860 Lambini
1206 3827 1231 3860 a.
1252 3811 1330 3862 tstt.
1354 3824 1394 3859 ne·

357 3912 409 3964 que
427 3893 600 3947 Lambiniana
620 3893 708 3966 aliqua
728 3896 890 3966 posteriore,
918 3896 953 3951 ita
971 3896 1063 3967 legisse
1082 3895 1245 3948 Lambinum
1263 3892 1395 3949 concludit

355 3980 409 4035 sed
429 3999 517 4051 neque
536 4000 595 4033 vera
623 3982 798 4037 Lambiniana
817 4004 905 4056 neque
931 3986 1107 4056 posteriores,
1135 4002 1206 4056 quae
1230 3983 1330 4037 babent
1351 3982 1395 4033 eins

355 4068 556 4132 annotationes,
575 4078 673 4121 textum
692 4088 754 4123 vero
773 4083 834 4126 ante
852 4072 1014 4125 Lambinum
1033 4070 1184 4141 vulgatum,
1209 4069 1291 4123 aliam
1310 4068 1395 4123 babent

356 4158 514 4224 lectionem,
536 4175 616 4228 quam
635 4176 685 4210 nos
703 4156 862 4212 exhibemus.
898 4158 1004 4212 llabent
1021 4169 1109 4212 eutem
1129 4177 1162 4211 ne
1179 4158 1286 4230 legibus
1303 4154 1395 4227 quiden

353 4256 463 4315 propter
481 4255 580 4298 metum
598 4244 666 4298 Edd.
685 4244 755 4299 Vict.
778 4245 862 4299 Sussr.
881 4248 953 4301 Petr.
970 4258 997 4300 et
1021 4266 1050 4300 ex
1069 4245 1168 4300 nostris
1184 4245 1255 4298 Rob.
1272 4242 1360 4314 Stepb.
1375 4248 1395 4292 el

355 4333 490 4388 Camenae.
506 4352 530 4387 a.
548 4336 632 4397 154⁰,
651 4351 720 4405 quae
737 4335 835 4404 prodiit
853 4336 961 4405 quidem
981 4334 1052 4406 apud
1070 4334 1261 4405 llerwagium,
1280 4351 1329 4386 nos
1344 4344 1394 4381 vero

357 4442 444 4474 veram
459 4421 662 4494 llerwagianam
684 4420 797 4476 dicimus
816 4442 884 4489 eam,
905 4426 975 4495 q'uae
992 4424 1061 4477 edita
1079 4433 1120 4477 est
1135 4441 1161 4490 a.
1171 4424 1253 4477 1534.
1272 4438 1338 4492 quae
1355 4434 1394 4469 no·

361 4507 461 4562 hiscum
480 4510 550 4564 facit.
597 4509 660 4565 Sola
679 4521 768 4565 autem
788 4513 929 4567 Cratandri
947 4533 972 4568 a.
991 4516 1072 4567 teat.
1098 4523 1244 4583 utramque
1268 4509 1393 4564 lectionem
