3517 5450
584 728 779 778 rsmuoxon
805 730 846 776 vt.
877 729 946 776 aar.
971 716 1026 776 uu
1252 711 1327 785 317

270 891 403 963 quisunt
423 889 682 944 solisuutdivites.
704 889 775 964 sali
803 906 857 941 ces
880 889 1021 959 possident
1046 910 1088 943 res
1114 903 1139 942 et
1164 891 1329 964 fructuosas

268 989 295 1028 et
307 977 486 1046 sempiternas
503 976 614 1048 solique,
632 976 704 1047 quod
713 987 754 1030 est
762 977 903 1046 proprium
919 977 1096 1031 diviciarum
1110 983 1228 1033 contenti
1247 995 1328 1036 sunt

270 1068 349 1119 rebus
368 1066 513 1118 suissuis
533 1083 589 1117 esse
604 1075 710 1134 putant
729 1065 801 1136 'quod
818 1074 857 1116 est
877 1064 961 1117 niclril
971 1077 1104 1136 appetunt
1114 1068 1192 1119 nulla
1211 1087 1239 1121 re
1251 1081 1329 1141 egent

270 1152 340 1206 sibi
358 1152 473 1204 nichil
490 1152 560 1205 sibi
579 1152 667 1204 deesse
686 1153 807 1206 sentiunt
823 1153 908 1205 nichil
924 1155 1074 1225 requirunt.
1111 1158 1329 1226 Improbioutem

270 1242 326 1293 vel
343 1242 425 1293 avari
443 1243 486 1312 qu‘r
502 1241 623 1294 incestas
646 1251 679 1292 et
704 1241 732 1292 in
757 1259 822 1292 casu
843 1241 951 1309 positas
973 1244 1151 1311 possessiones
1176 1245 1276 1298 liabent
1302 1261 1330 1299 et

269 1331 332 1398 plus
351 1347 453 1399 semper
472 1339 606 1398 appetunt
624 1346 672 1380 nea
691 1332 873 1400 quisquam
893 1347 1008 1383 eorum
1026 1331 1117 1383 adhue
1134 1333 1261 1386 inventus
1279 1346 1328 1399 est,

272 1418 317 1468 cui
336 1416 410 1488 quod
426 1415 538 1469 liaberet
555 1426 625 1468 esset
643 1417 714 1468 satis
741 1435 794 1468 non
813 1417 890 1469 modo
908 1437 960 1470 non
979 1420 1077 1485 copiosi
1100 1440 1132 1472 aa
1160 1423 1257 1476 divites
1282 1426 1330 1476 sed

271 1506 353 1557 etiam
373 1505 463 1572 inopes
481 1521 513 1554 ac
528 1521 663 1573 pauperes
680 1505 855 1557 existimandi
872 1516 947 1560 sunt.
983 1506 1046 1561 Mr.
1259 1498 1261 1502 ’

344 1593 452 1650 Etenim
471 1593 496 1645 si
512 1592 561 1645 isti
580 1592 674 1644 callidi
691 1612 780 1645 rerum
798 1594 998 1663 aestimatores]
1023 1594 1113 1660 „Sunt
1131 1598 1177 1669 qui
1195 1600 1234 1650 ad
1250 1619 1329 1652 suum

273 1691 417 1753 quaestum
436 1691 500 1733 stent
520 1681 622 1732 callidi.
659 1680 745 1735 Plaut.
761 1681 835 1736 Asin.
856 1682 876 1747 Ι,
896 1685 920 1736 3.
940 1683 975 1749 [ν.
993 1685 1041 1737 34:
1073 1687 1144 1737 Vera
1170 1686 1236 1741 dico.
1282 1691 1330 1742 Aa

271 1789 353 1822 suum
372 1788 502 1841 quemque
521 1770 649 1821 lsominem
669 1779 813 1840 quaestum
830 1787 886 1822 esse
904 1788 1020 1842 aequum
1038 1783 1080 1825 est
1099 1774 1255 1842 callidumr]
1275 1776 1299 1829 Ιι.
1307 1798 1329 1831 e.

272 1858 319 1928 qui
338 1858 441 1930 optime
459 1869 560 1910 norunt
578 1869 605 1910 et
621 1855 774 1928 intelligunt
800 1856 948 1927 quaerendi
975 1862 1071 1912 artes.“
1104 1859 1229 1914 Graes,
1274 1863 1329 1917 Pro

272 1945 367 1996 collidi
385 1955 424 1998 est
442 1945 525 1997 calidi
542 1945 570 1997 in
590 1945 658 2000 cod.
678 1945 736 1999 Cra.
754 1948 780 2000 3.
827 1943 873 1998 Est
885 1945 980 1999 eadem
998 1946 1120 2001 lectionis
1132 1950 1242 2004 varietas
1257 1951 1329 2022 apud

271 2033 329 2087 Cic.
350 2033 383 2086 de
402 2033 434 2086 N.
453 2033 488 2086 D.
507 2031 529 2101 Ι,
548 2037 592 2098 25,
612 2039 662 2087 to:
680 2034 739 2099 ubi,
759 2034 899 2105 pronilsil
917 2035 1012 2087 borum
1030 2036 1084 2086 nisi
1102 2036 1248 2096 callide,
1267 2052 1329 2094 sunt

272 2122 319 2194 qui
339 2121 430 2192 legant
448 2121 550 2173 calide:
569 2122 601 2175 ad
623 2142 704 2190 quem
723 2121 815 2176 locum
835 2122 936 2175 similes
955 2125 1088 2195 congessit
1107 2125 1242 2195 Davisius,
1268 2131 1328 2200 qui-

272 2215 322 2264 bus
341 2210 472 2263 nonnulla
491 2230 541 2264 nos
559 2211 710 2264 addidimus
727 2231 752 2281 p.
773 2213 825 2264 112
844 2231 883 2282 sq.
901 2210 942 2263 ed.
960 2209 1006 2264 Cr.
1024 2223 1050 2264 et
1070 2223 1151 2266 nostr.
1171 2214 1232 2268 mai.
1259 2216 1329 2269 Add.

272 2299 387 2371 Eutrop.
405 2297 450 2364 ΙΙΙ,
470 2300 577 2354 tuabi
596 2299 645 2352 sid.
664 2298 713 2351 Ed.
734 2295 866 2368 Verbeyk.
884 2302 974 2370 pata
992 2319 1031 2370 sq.
1049 2299 1099 2354 Ed.
1119 2299 1230 2368 Grossii,
1249 2322 1275 2372 p.
1286 2305 1329 2357 31.

273 2385 361 2441 Plaut.
386 2387 464 2458 Epid.
484 2387 515 2452 ΙΙ,
536 2393 561 2454 2,
586 2392 629 2443 92.
656 2390 687 2442 (Ι.
706 2388 741 2441 Ι).
774 2385 864 2440 Bectti
890 2385 1080 2442 Commentatt.
1106 2388 1139 2441 de
1165 2389 1331 2462 interpretat.

276 2477 347 2530 vett.
365 2475 473 2546 Scriptt.
493 2496 517 2546 p.
536 2490 587 2529 etv.
605 2475 689 2547 (Lips.
710 2478 789 2528 1790.
807 2474 849 2543 4.)
866 2503 901 2513 -
945 2475 1056 2546 Legitur
1083 2477 1282 2530 existimatores
1301 2478 1328 2530 in

276 2564 348 2617 Gud.
367 2564 401 2616 A.
420 2563 501 2616 Drsd.
517 2568 557 2627 4.;
576 2565 751 2614 extimatores
770 2562 798 2614 in
818 2560 877 2614 Cra.
898 2566 922 2616 2.
948 2562 1018 2616 -Μτ,

345 2664 430 2723 prata
449 2665 476 2705 et
495 2672 575 2706 areas
593 2653 725 2726 quasdam
743 2670 840 2720 magno
859 2653 1031 2722 aestimant,]
1052 2659 1157 2718 „l’rata
1176 2675 1275 2728 magno
1294 2657 1327 2709 ab

273 2742 392 2816 antiquis
410 2743 632 2808 aestimabantur,
663 2742 760 2813 quibus
789 2741 914 2794 nonnutti
937 2743 964 2796 in
990 2743 1068 2797 bonis
1086 2744 1150 2798 dant
1176 2746 1329 2817 primatum.

275 2832 369 2902 ltaque
388 2830 491 2903 antiqui
510 2850 540 2883 ea
558 2841 661 2900 parata
680 2829 896 2902 appellaverunt,
927 2842 956 2884 ut
974 2832 1010 2885 ait
1028 2831 1067 2886 M.
1086 2833 1174 2886 Varro
1202 2834 1230 2886 in
1260 2834 1329 2888 libro

273 2918 308 2971 de
326 2919 366 2970 Re
384 2918 459 2973 Rust.
477 2918 496 2970 Ι.
516 2919 550 2985 [c.
568 2920 606 2986 7.]
654 2916 755 2970 Eorum
782 2917 909 2972 facillima
935 2919 1059 2990 agricolis
1085 2938 1149 2973 cura
1168 2940 1201 2975 aa
1225 2922 1330 2975 minimi

274 3006 404 3078 impendii
423 3016 475 3071 est,
500 3016 530 3059 ut
549 3006 585 3060 ait
601 3006 705 3060 Plinius
723 3006 784 3060 libri
803 3007 897 3072 XVlll,
917 3028 976 3079 cap.
994 3012 1040 3063 28.
1085 3006 1179 3080 ltaque
1203 3012 1240 3065 M.
1261 3010 1329 3065 Cato

274 3095 363 3147 maior
379 3094 572 3165 interrogatus,
604 3095 650 3165 qui
676 3106 744 3149 esset
771 3096 933 3150 certissimus
958 3108 1095 3169 quaestus,
1119 3097 1274 3170 respondit,
1299 3100 1329 3155 si

273 3183 345 3234 bene
364 3182 463 3253 pascit,
487 3184 505 3235 i.
523 3201 546 3235 e.
565 3183 586 3235 si
606 3183 676 3236 bona
696 3196 771 3255 prata
791 3196 867 3256 pater
886 3185 1000 3239 familias
1018 3185 1141 3241 habeat.“
1160 3216 1196 3226 -
1231 3191 1326 3255 „Area

273 3281 380 3336 autem,
399 3280 508 3324 auctore
526 3269 582 3323 Sex.
600 3270 732 3342 Pompeio
753 3273 792 3343 [p.
809 3288 871 3324 xvu.
893 3271 942 3325 Ed.
962 3271 1107 3327 Santandr.
1132 3276 1240 3341 1593.],
1265 3294 1329 3344 pro-

271 3359 331 3428 prie
348 3357 450 3408 dicitur
468 3356 542 3409 locus
559 3375 663 3410 uacuus
682 3357 704 3428 (i
726 3377 748 3411 e.
762 3359 819 3410 sine
836 3357 972 3426 aedificio)
990 3361 1069 3430 quasi
1085 3364 1223 3412 exaruerit
1235 3372 1262 3412 et
1276 3382 1328 3413 non

269 3446 359 3516 possit
380 3445 523 3515 quicquam
540 3463 703 3516 regenerare.
739 3445 898 3499 Huiusmodi
917 3463 994 3499 areae
1011 3448 1040 3499 in
1060 3447 1158 3519 quibus
1175 3447 1330 3502 aedificare-

273 3548 318 3589 tur
336 3544 414 3605 aptae
433 3544 509 3587 eraut
527 3543 552 3587 et
570 3532 716 3586 nonnullae
736 3552 835 3605 magno
854 3534 1065 3587 vendebantur.“
1090 3534 1112 3586 F
1120 3554 1164 3588 rc.
1184 3533 1203 3586 S
1210 3534 1274 3606 ylv.
1293 3565 1326 3575 -

274 3628 363 3689 „Cato
381 3640 434 3673 non
453 3620 540 3692 affligi
558 3622 767 3692 tempestatibus
782 3633 884 3692 prata,
903 3636 935 3674 ut
953 3622 1026 3675 alias
1044 3623 1116 3674 ruris
1132 3632 1240 3691 partes,
1258 3622 1329 3673 dice-
1421 3624 1427 3639 '

273 3711 337 3775 bat,
356 3721 387 3762 ut
402 3709 440 3762 ait
458 3707 607 3763 Columella
628 3710 672 3778 [de
690 3710 729 3763 Re
748 3710 822 3763 Rust.
840 3707 873 3775 ΙΙ,
895 3712 951 3778 tr]
998 3708 1101 3778 Quanti
1127 3709 1329 3763 aestimarentur

274 3809 366 3870 prata,
394 3797 495 3851 indicat
520 3795 628 3851 ΙίΙ).ΙΙΙ.
658 3818 680 3851 e.
699 3802 724 3853 3.
753 3817 816 3851 cum
835 3797 884 3851 ait:
912 3802 1008 3851 Omnes
1031 3798 1115 3864 istos,
1147 3798 1195 3869 qui
1210 3796 1328 3868 foenum

273 3906 353 3938 suum
371 3897 399 3938 et
418 3886 492 3938 olera
510 3870 713 3955 ampleaiautur,
740 3888 901 3939 incremento
926 3885 1083 3955 patrimonii
1102 3885 1191 3956 facila
1215 3903 1330 3954 supera-

274 3975 351 4028 bant.
398 3974 486 4026 Varro
512 3992 541 4025 ex
570 3992 683 4044 persona
708 3973 820 4029 Scrofae
839 3974 885 4027 tib.
903 3973 923 4039 Ι,
943 3994 967 4028 c.
984 3979 1011 4028 7.
1036 3974 1156 4026 dissentit
1182 3974 1327 4035 aCatone‚

275 4062 321 4134 qui
343 4060 424 4131 pratis
443 4080 499 4113 nou
518 4060 636 4132 primum
657 4061 764 4125 locum,
790 4082 842 4115 nec
860 4062 1020 4127 secundum,
1048 4061 1093 4115 sed
1113 4061 1238 4134 quintum
1261 4060 1330 4111 inter

274 4147 384 4220 praedia
403 4148 499 4202 rustica
519 4149 656 4203 tribuerat.
693 4150 808 4203 Etcum
828 4151 954 4203 Varrone
973 4150 1052 4203 sentit
1063 4150 1159 4203 Cicero
1177 4148 1204 4199 in
1224 4147 1329 4202 eoloco

275 4237 326 4308 Ep.
343 4240 368 4292 3.
387 4237 433 4290 tib.
448 4235 467 4289 Ι.
486 4237 520 4289 ad
538 4237 607 4291 Ate:
634 4239 755 4308 Quodsi
780 4257 920 4309 assequor,
945 4257 1042 4307 supero
1066 4241 1191 4289 Crassum
1217 4235 1330 4297 divitiis,

275 4336 359 4397 atque
379 4326 494 4378 omnium
513 4325 585 4378 vicos
603 4335 631 4377 et
647 4335 731 4395 prata
751 4335 897 4381 contemno.
920 4354 950 4364 -
999 4326 1089 4378 Areae
1116 4341 1176 4375 vero
1195 4321 1265 4374 inter
1283 4339 1330 4377 ur·
1427 4327 1431 4333 '

276 4415 347 4466 bana
368 4413 474 4484 praedia
494 4414 584 4483 magni
603 4414 809 4468 aestimabantur
829 4425 940 4486 propter
957 4411 1091 4483 augustias
1107 4409 1165 4462 soii.
1200 4408 1329 4479 Propter-

278 4521 308 4553 ea
328 4502 390 4555 dixit
409 4502 504 4556 Cicero
524 4521 602 4554 areas
627 4504 811 4573 quasdam,
824 4498 861 4556 ‘id
881 4514 919 4557 est
938 4503 1067 4566 urbanas,
1094 4498 1165 4551 etin
1186 4496 1258 4549 urbis
1277 4518 1328 4550 no-
