3517 5450
694 742 856 791 excursus
884 731 916 806 et
1248 723 1322 798 325

269 901 336 950 Cum
356 898 396 952 bis
417 899 506 970 itaque
526 901 767 970 progyurrtasnmtis
784 899 849 954 boec
867 921 976 973 quoque
999 904 1133 956 Paradora
1159 907 1320 960 nominanda

270 989 358 1039 sunt.“
847 997 850 1004 '

264 1126 266 1131 ,
339 1073 370 1126 Β.
390 1074 563 1128 Latomus:
590 1073 704 1140 „devrad
724 1077 740 1128 i.
762 1096 785 1129 e.
810 1078 953 1149 proposita.
995 1078 1073 1130 Unde
1094 1085 1180 1144 diosc,
1204 1083 1323 1151 quaestio

271 1163 372 1216 infinita
391 1162 463 1234 apud
483 1161 629 1216 rhetores.“

341 1251 389 1302 Au
399 1250 415 1302 d
425 1268 441 1302 o
451 1270 484 1302 m.
494 1249 577 1302 Teia
585 1269 598 1302 e
606 1270 654 1303 us:
674 1255 777 1317 „dione
792 1263 853 1305 sunt
863 1252 1030 1322 quaestiones
1039 1270 1054 1305 s
1064 1253 1174 1322 singulis
1193 1255 1273 1306 rebus
1289 1256 1322 1310 ad

272 1338 385 1391 universi
405 1337 510 1408 generis
528 1336 734 1407 disputationem
755 1337 899 1391 traductae.
945 1338 1000 1391 Hae
1017 1351 1079 1393 sunt
1096 1340 1244 1411 oppettatae
1264 1349 1318 1394 et·

271 1446 353 1490 σεις,
375 1424 448 1497 quod
468 1424 495 1476 in
512 1423 608 1479 sobolis
626 1425 658 1478 sd
678 1425 868 1496 disputandum
886 1425 1111 1495 proponebantur.
1129 1456 1163 1469 -
1198 1433 1236 1480 Ut
1255 1432 1324 1481 enim

270 1516 317 1584 (ita
335 1511 393 1565 Cic.
411 1512 491 1565 Tusc.
511 1515 536 1578 1,
554 1511 596 1580 d.)
621 1524 704 1564 anteo
729 1513 936 1566 declamitabam
953 1532 1068 1580 euusos,
1097 1516 1169 1586 quod
1192 1535 1266 1569 eterno
1284 1536 1323 1568 me

271 1603 375 1653 diutius
388 1601 478 1672 seuit:
506 1607 548 1652 sie
568 1601 633 1652 boec
651 1600 716 1652 mibi
740 1621 812 1654 nuno
829 1600 921 1654 senilis
944 1612 985 1653 est
1005 1601 1173 1655 declamatio.
1222 1606 1323 1654 Ponere

271 1689 406 1746 iubebunt,
425 1688 458 1738 de
476 1706 529 1758 quo
547 1689 607 1759 quis
625 1689 721 1740 audire
742 1689 835 1743 vellet:
867 1689 906 1738 ad
922 1688 952 1738 id
968 1700 1020 1740 out
1038 1690 1131 1740 sedens
1160 1699 1210 1741 net
1229 1686 1350 1741 amiro-x

272 1780 332 1829 Ions
350 1775 553 1844 disputabenr.“

342 1863 374 1916 H.
393 1863 562 1917 Woliius:
579 1869 684 1930 „dtostr
703 1857 719 1932 ἢ
740 1868 854 1930 dinero,
874 1869 932 1930 περὶ
945 1849 979 1914 oie
996 1867 1151 1915 διαλεκτέον.
1189 1866 1252 1917 Loci
1271 1865 1322 1917 bu·

271 1953 311 2004 ius
338 1952 471 2021 interpres
493 1951 526 2007 sit
552 1953 607 2024 ipse
626 1950 723 2006 Cicero
748 1952 775 2003 in
798 1951 888 2005 Lueiio
909 1953 944 2018 [e.
963 1955 988 2016 b,
1010 1953 1080 2018 tt.]=
1107 1954 1254 2004 Doctorum
1283 1962 1324 2003 eet

271 2044 326 2091 iste
344 2039 523 2104 consuetudo,
539 2057 624 2110 eoque
643 2042 817 2101 Graecorum,
845 2050 876 2090 ut
895 2039 930 2090 iis
952 2048 1072 2107 pronotur
1097 2038 1128 2088 de
1153 2057 1205 2108 quo
1230 2038 1323 2105 dispu-

272 2138 345 2184 tent,
371 2127 496 2198 quesnois
520 2126 617 2182 subito.
664 2130 797 2198 Magnum
825 2145 892 2195 opus
915 2138 972 2184 est,
996 2136 1107 2197 egetque
1133 2126 1324 2177 exercitatione

274 2233 326 2266 oon
342 2218 460 2283 purvo.“

345 2304 377 2354 tt.
400 2301 584 2354 Turnebus
611 2299 764 2370 (Adverser.
785 2301 840 2366 XX,
861 2304 904 2355 tz.
933 2322 958 2372 p.
978 2302 1038 2355 1111.
1064 2301 1094 2353 T.
1113 2301 1146 2353 11.
1173 2300 1214 2354 ed.
1241 2299 1323 2355 Paris.

274 2390 381 2456 1580.);
399 2387 471 2455 „sed
492 2408 546 2460 quo
567 2389 674 2442 taudem
697 2390 777 2442 modo
798 2387 906 2455 θιιιιιιὶ,
936 2409 1004 2460 qnae
1023 2389 1149 2443 dicuntur
1173 2390 1200 2440 in
1221 2388 1324 2454 sobolis,

273 2476 470 2545 adoratorium
489 2476 594 2529 dicendi
614 2497 698 2548 genus
717 2476 813 2531 Cicero
833 2478 976 2531 transfert?
1012 2477 1114 2547 Nempe
1134 2474 1207 2545 quod
1226 2494 1240 2527 e
1257 2495 1325 2534 eon·

273 2565 416 2619 sultetione
434 2576 461 2618 et
480 2565 633 2636 proposito,
661 2565 695 2617 id.
714 2577 752 2619 est
770 2585 799 2617 es
824 2566 943 2618 universa
969 2575 995 2618 et
1014 2575 1141 2635 perpetua
1160 2562 1323 2632 quaestione,

274 2672 380 2708 causam
399 2664 425 2707 et
444 2653 651 2706 controversiam
673 2654 811 2706 tractando
839 2652 934 2719 etsteit,
961 2652 986 2704 id
1011 2663 1064 2715 est,
1090 2670 1134 2702 eas
1158 2649 1326 2719 quaestiones

273 2742 305 2796 ad
325 2742 508 2812 quaestionem
527 2740 643 2812 generati
662 2741 807 2795 subiectam
828 2744 964 2796 revocat.“

345 2828 384 2882 Μ.
400 2828 433 2881 Α.
454 2827 613 2882 Muretus
629 2830 723 2899 (Vere.
742 2830 823 2883 Leott.
842 2828 937 2894 XViii,
958 2832 1000 2882 tu.
1029 2847 1053 2898 p.
1072 2830 1133 2882 460.
1152 2824 1202 2879 Ed.
1220 2823 1325 2878 Ruhnlr.

273 2922 305 2973 T.
324 2917 381 2986 tt.)=
401 2914 507 2987 „Saepe
524 2916 611 2970 audivi
630 2918 739 2987 quaeri,
766 2937 835 2989 quae
862 2916 1015 2987 dicerentur
1041 2934 1055 2967 a
1081 2912 1214 2967 Cicerone
1233 2912 1327 2964 θιτιιὰ

276 3008 304 3059 in
324 3003 491 3076 praefatione
509 3004 720 3058 Paradororum.
758 3005 791 3058 Et
804 3005 947 3058 Turnebus
966 3003 1074 3075 quidem
1087 3002 1326 3072 interpretaturos,

275 3112 344 3166 quae
363 3092 397 3150 de
415 3102 471 3144 toto
490 3091 581 3162 atiquo
601 3111 698 3163 genere
717 3093 895 3157 disserantur,
917 3091 996 3145 nullis
1015 3088 1214 3159 circumscripta
1235 3106 1327 3158 perso-

275 3182 332 3249 nis,
349 3179 429 3244 iocis,
450 3180 623 3251 temporibus.
671 3181 770 3234 Notum
789 3192 827 3234 est
852 3181 923 3234 eninr
946 3183 1041 3233 euos
1066 3178 1175 3233 numine
1194 3177 1327 3247 quaestio·

275 3287 322 3322 nes
350 3265 482 3332 infinitas,
510 3263 672 3332 ὑποθέσεων,
701 3267 825 3320 'definitas
858 3268 886 3319 in
923 3266 1018 3320 sobolis
1048 3265 1183 3320 rhetorum
1208 3264 1327 3335 intelligi.

275 3356 342 3409 Mihi
362 3366 449 3409 tamen
469 3354 520 3408 boc
539 3355 647 3425 quidem
666 3354 728 3407 ioco
747 3372 852 3424 semper
872 3351 1036 3423 probabilius
1055 3352 1139 3404 visum
1159 3362 1211 3415 est,
1231 3350 1326 3405 thetica

275 3457 301 3500 et
321 3444 452 3515 paradoxa
472 3443 564 3498 eadem
584 3462 653 3507 esse,
674 3452 702 3496 ιιι
721 3441 772 3495 boc
791 3439 888 3495 Cicero
907 3440 993 3503 dieat,
1011 3458 1038 3492 se
1058 3458 1088 3492 ea
1108 3439 1179 3508 ipsa,
1200 3455 1278 3507 quae,
1297 3448 1327 3489 nt

276 3531 361 3583 visin
380 3529 478 3583 sobolis
497 3530 582 3584 audiri
608 3530 708 3596 solent,
741 3529 776 3583 ita
805 3527 950 3585 abhorrent
973 3526 1006 3584 ab
1026 3524 1152 3595 opinione
1178 3521 1326 3589 communi,

276 3630 398 3683 tentasse,
418 3618 549 3694 numquid
569 3618 684 3674 dicendo
705 3629 791 3689 posset
809 3617 931 3682 effluere,
950 3614 1023 3670 utin
1041 3613 1160 3667 forenses
1177 3621 1204 3664 et
1221 3621 1326 3664 senato·

274 3708 328 3760 rias
346 3707 481 3760 orationes
498 3705 716 3772 includerentur,
735 3718 761 3760 et
780 3706 816 3761 itt
837 3707 916 3764 etiarn
935 3701 1073 3759 ineruditis
1090 3698 1243 3758 hominibus
1262 3717 1327 3769 pro-

274 3798 411 3850 barentur.
444 3794 539 3848 Tbesis
557 3794 629 3848 enim
652 3805 759 3850 vocatur
778 3794 868 3865 magni
888 3792 1001 3846 alieuius
1020 3790 1067 3844 siri
1087 3808 1101 3841 a
1120 3786 1259 3842 communi
1277 3784 1328 3838 bo-

274 3886 380 3939 minum
399 3884 529 3937 sententie
547 3883 701 3953 discrepans
720 3884 821 3954 opinio.
867 3877 1021 3934 Aristoteles
1045 3876 1133 3949 primo
1151 3873 1328 3945 Topieorum,

273 3993 298 4026 c.
318 3976 351 4025 9:
377 3974 454 4029 Θέσις
481 3975 549 4023 tortu
568 3966 697 4039 tinbdquoc
722 3967 867 4039 παράδοξοι
894 3973 944 4020 τῶν
961 3974 1094 4037 γνωρίμων
1114 3962 1182 4023 trude
1201 3959 1269 4015 uuud
1287 3983 1328 4022 φι-
1381 3997 1387 4006 ·

274 4064 413 4125 deonotus,
438 4057 490 4111 οἷον
509 4053 549 4111 ’ὅτι
567 4057 614 4111 otis
632 4061 701 4111 ibero
719 4057 872 4124 ἀντιλέγειν,
899 4053 1020 4126 καθάπερ
1044 4058 1092 4123 ἔφη
1116 4052 1292 4120 ¹Aorsodtrqt·
1314 4050 1333 4118 ἤ

274 4143 317 4200 bre
338 4147 426 4199 πάντα
444 4160 551 4200 stretona
570 4145 633 4199 καθ’
655 4143 839 4218 Ἡράκλειτον,
868 4139 943 4215 ἤῧτι
961 4147 986 4200 ‘e's
1003 4141 1035 4196 ud
1058 4139 1101 4208 iio,
1130 4138 1252 4208 καθάπερ
1270 4142 1329 4190 Mt-

276 4234 364 4294 λισσός
378 4255 463 4304 φησιν.
503 4236 574 4291 tdern
588 4236 606 4287 t.
626 4235 818 4307 Physicorum:
837 4228 924 4295 ’ὅμοιον
942 4233 976 4302 dd
997 4225 1026 4285 si
1044 4243 1147 4285 σκοπεῖν
1161 4234 1184 4282 εἶ
1201 4223 1328 4292 obtectu,

275 4329 318 4374 καὶ
338 4324 403 4393 πρὸς
422 4321 503 4391 ἄλλην
523 4328 596 4378 dioro
622 4320 759 4378 ὁποιανοῦν
784 4327 956 4389 διαλέγεσθαι
983 4327 1033 4374 τῶν
1061 4317 1137 4385 λόγου
1163 4318 1234 4369 ἕιειιιι
1255 4318 1328 4379 beyo-

274 4418 364 4472 μένων.
403 4414 440 4466 lta
459 4424 546 4466 autent
567 4433 652 4466 meam
672 4415 828 4468 sententiam
850 4430 984 4483 propono,
1004 4421 1033 4463 ut
1052 4426 1109 4461 eam
1129 4403 1250 4458 'l'urnebi
1267 4420 1328 4456 sen-

274 4500 371 4553 tentiae
395 4520 449 4553 non
469 4506 658 4571 anteponant.“
