3517 5450
601 743 642 788 11
666 741 860 791 reatuoxou
888 727 933 804 tv,
957 739 982 789 1.
1247 714 1323 791 347

269 905 376 960 tentiam
397 904 430 958 de
450 903 588 969 omnibus,
615 922 748 975 quorum,
774 902 894 973 ipsorum
923 903 1081 975 plerumque
1101 905 1202 971 verbis,
1228 905 1325 959 iudicia

270 991 392 1066 exposui,
419 991 531 1059 addam,
557 992 674 1063 primum
694 1008 793 1043 moneo
813 988 959 1043 Graevii
982 991 1112 1044 rationem
1139 992 1245 1062 placere
1270 1011 1325 1044 uon

269 1100 356 1152 posse,
377 1099 440 1134 cum
461 1080 523 1151 quia
544 1080 686 1133 verborum
706 1078 774 1131 ordo
794 1079 962 1145 sententiam,
981 1098 1061 1149 qnam
1080 1079 1135 1133 vult
1153 1079 1213 1133 loco
1232 1082 1325 1147 inesse,

270 1187 323 1223 non
343 1168 466 1235 adiuvat,
485 1167 530 1220 serl
549 1169 688 1222 obscurat:
718 1178 774 1220 tum
794 1167 856 1239 quia
877 1166 1015 1220 violentius
1033 1167 1087 1238 agit
1105 1180 1236 1240 expuncta
1256 1187 1328 1234 voce,

270 1276 350 1328 quam
371 1257 405 1327 (si
421 1275 506 1309 unum
527 1256 649 1327 excipias,
668 1254 714 1326 qui
733 1273 797 1306 num
816 1254 931 1324 exbibet)
949 1267 1057 1309 tuentur
1075 1254 1135 1308 libri
1154 1274 1260 1309 omnes:
1279 1275 1329 1308 ne·

270 1364 322 1417 que
342 1362 507 1415 quemquam
528 1342 567 1396 vel
585 1341 737 1397 Rubnlrenii
755 1342 838 1396 movit
856 1344 1014 1409 auctoritas,
1040 1342 1154 1397 Graevio
1173 1343 1327 1414 suffragan-

268 1436 307 1486 tis.
345 1431 451 1500 Quodsi
470 1430 549 1486 abiici
575 1430 693 1502 placeret
710 1429 777 1484 illud
805 1451 872 1496 non,
902 1431 1025 1503 equidem
1051 1431 1214 1503 sequendam
1240 1433 1328 1486 existi-

269 1540 372 1574 marem
391 1539 449 1572 eam
469 1518 628 1585 editionem,
648 1539 716 1590 quae
736 1518 790 1574 sola
809 1520 983 1587 exomnibus,
1005 1520 1077 1593 quod
1093 1521 1217 1592 equidem
1236 1519 1326 1587 sciam,

269 1609 358 1663 omisit
384 1607 569 1678 negationem,
598 1607 831 1663 Teubnerianam:
870 1628 952 1681 quam
980 1609 1026 1679 qui
1050 1607 1180 1662 curaverit
1197 1607 1237 1660 vel
1264 1626 1326 1661 cor·

269 1697 366 1751 rexerit
383 1696 483 1751 nescio.
521 1695 694 1767 Quamquam
713 1698 842 1769 suspicari
861 1696 924 1750 licet
944 1695 1072 1749 Carolum
1099 1715 1153 1749 esse
1170 1695 1325 1766 Reisigium,

270 1786 312 1839 cui
332 1796 395 1839 sunt
414 1784 460 1857 qui
477 1783 567 1838 dicant
586 1784 677 1838 deberi
690 1784 770 1839 etiam
782 1804 864 1838 unam
876 1784 1161 1837 illamannotationem
1180 1783 1213 1836 ad
1221 1784 1327 1837 Tuscu-

268 1877 343 1928 lanas
361 1873 395 1944 (Ι,
414 1876 457 1928 37.
477 1892 502 1944 p.
521 1876 581 1928 tot.
600 1872 641 1927 ed.
661 1873 758 1943 nostr.)
776 1873 803 1926 in
831 1872 880 1925 Ed.
899 1871 1005 1924 Tenba.
1033 1870 1142 1936 eodem,
1169 1890 1224 1942 quo
1243 1871 1327 1924 Para·

268 1962 350 2025 dora,
369 1980 442 2014 anno
461 1961 559 2029 (1830)
575 1960 652 2015 edita.
695 1961 733 2014 lta
753 1972 841 2015 autem
858 1958 940 2014 editio
958 1957 1002 2012 illa
1022 1959 1227 2031 transpositione
1246 1979 1326 2012 voca-

269 2050 398 2104 bulorum
416 2049 500 2104 facta:
518 2054 637 2102 Servatus
654 2050 682 2101 in
701 2047 855 2119 republica
873 2066 991 2101 nomen
1007 2058 1078 2104 erat.
1125 2047 1160 2102 Et
1184 2047 1238 2102 boc
1264 2050 1328 2120 qui-

271 2139 332 2191 dem
353 2136 414 2191 loco
432 2136 547 2209 positum
567 2156 661 2190 nouren
681 2137 856 2202 sententiam,
874 2155 955 2208 quam
975 2136 1029 2192 vult
1044 2136 1103 2203 Gn,
1123 2136 1220 2191 babere
1236 2147 1331 2208 potest.

269 2226 375 2280 Ernesti
394 2225 578 2292 coniecturae,
604 2223 825 2296 Wyttenbacbii,
852 2223 998 2297 Borgersii,
1026 2223 1211 2296 Peerlkampi,
1236 2224 1327 2278 Gern-

270 2312 345 2365 bardi
365 2312 445 2366 etiam
464 2313 642 2385 (quamquam
668 2313 689 2365 is
716 2312 754 2364 vir
772 2331 828 2366 non
851 2323 906 2367 tam
925 2314 1109 2381 emendatam,
1141 2334 1222 2386 quam
1240 2334 1328 2369 serva-

269 2413 340 2467 tam,
360 2400 414 2454 vult
433 2399 580 2471 vulgatam)
600 2402 695 2471 partim
716 2400 806 2472 paullo
825 2401 982 2456 audaciores
1000 2413 1075 2468 sunt,
1102 2401 1198 2474 partim
1218 2403 1251 2456 ab
1277 2422 1326 2456 usu

269 2488 411 2542 Ciceronis
429 2488 520 2560 paullo
537 2488 710 2543 remotiores:
730 2509 789 2543 mea
808 2501 897 2545 autem
917 2494 962 2558 (ut
978 2489 1078 2557 fatear,
1106 2489 1179 2563 quod
1198 2494 1249 2559 est)
1269 2510 1325 2544 non

270 2589 323 2631 tam
344 2578 377 2632 ad
398 2578 569 2642 sententiam,
602 2597 683 2650 quam
710 2577 742 2631 ad
762 2597 929 2646 sermonem,
956 2597 1028 2645 non,
1054 2589 1085 2631 ut
1103 2578 1191 2649 prius.
1221 2578 1330 2632 arridet.

269 2667 348 2736 Quos
366 2665 439 2720 enim
458 2665 561 2720 laudavi
586 2676 640 2724 tres
661 2665 735 2720 locos
753 2664 892 2720 Ciceronis
920 2666 954 2720 ad
986 2685 1045 2720 eam
1075 2665 1329 2730 commendandam,

271 2756 375 2810 etiamsi
396 2756 484 2828 primo
503 2755 631 2827 adspectu
649 2756 789 2810 videantur
806 2755 947 2822 simillimi,
977 2766 1066 2809 tamen
1085 2755 1230 2808 admodum
1249 2754 1330 2808 ‹titte-

269 2858 342 2901 runt.
387 2846 515 2900 Nondum
541 2847 614 2900 enim
639 2846 704 2899 mibi
733 2846 845 2917 contigit
873 2846 993 2918 reperire
1011 2846 1082 2918 apud
1108 2843 1268 2901 Ciceronem
1287 2846 1326 2900 vel

270 2956 356 2991 unum
375 2935 483 3003 locum,
511 2954 566 3007 quo
584 2934 649 2987 illud
666 2935 720 2987 nisi
737 2962 772 2975 -
792 2953 845 2986 non
872 2953 934 2987 cum
961 2933 1013 2987 alio
1033 2934 1113 2986 verbo
1137 2934 1259 2987 iunctum
1278 2952 1328 3005 ap-

270 3035 379 3096 pareat,
400 3042 481 3097 quam
501 3043 564 3077 cum
583 3024 663 3077 verbo
680 3042 765 3093 posse.
811 3022 894 3091 Quod
914 3034 1002 3077 autem
1027 3022 1060 3075 ad
1079 3022 1176 3077 Kloteii
1195 3022 1328 3076 defensio-

269 3133 332 3166 nem
352 3111 472 3183 vulgatae
490 3114 598 3178 attinet,
617 3111 645 3165 in
664 3131 711 3178 ea,
729 3112 750 3165 si
773 3111 811 3164 vel
832 3112 944 3166 maxime
964 3112 1073 3166 verbum
1092 3131 1184 3164 nomen
1203 3130 1326 3183 pronun·

269 3200 367 3254 ciando
386 3201 476 3254 iuvare
490 3200 565 3265 velis,
590 3210 679 3254 tamen
701 3200 851 3273 idipsum,
879 3201 951 3273 quod
970 3220 1051 3273 supra
1070 3200 1231 3272 significavi,
1258 3201 1328 3256 desi-

269 3291 383 3345 derabis.
421 3288 491 3343 Cum
510 3289 582 3342 enim
601 3289 628 3341 in
648 3290 822 3343 conversione
840 3288 1002 3343 Germanica
1021 3294 1189 3359 παρενθὲτως
1215 3290 1326 3343 addide-

270 3380 303 3431 rit
321 3397 421 3449 sognr,
439 3378 466 3430 id
486 3378 574 3449 ipsum
593 3377 757 3430 desideratur
775 3377 827 3443 ita,
849 3388 895 3444 ut,
914 3376 966 3432 lroc
985 3388 1057 3432 certe
1075 3377 1157 3431 modo
1175 3377 1244 3431 dicta
1263 3396 1325 3430 sen-

270 3466 367 3531 tentia,
387 3464 426 3517 vix
445 3485 477 3520 ac
495 3485 529 3519 ne
548 3467 586 3519 vix
605 3466 714 3536 quidem
733 3465 845 3538 intelligi
863 3466 953 3537 possit.
1000 3464 1093 3533 Quare
1113 3476 1215 3518 tentare
1240 3463 1327 3531 liceat,

269 3574 337 3607 num
356 3552 407 3609 alid
426 3555 537 3609 sortasse
556 3554 690 3610 medicinai
707 3554 805 3609 leviore
824 3554 959 3609 subveniri
986 3554 1064 3625 possit
1091 3554 1253 3618 sententiae,
1285 3554 1327 3606 ni-

269 3644 385 3711 mirum,
414 3655 443 3697 ut
462 3644 586 3699 excidisse
604 3645 771 3716 suspicemur
790 3664 873 3698 unam
893 3643 1007 3698 litteram
1026 3643 1051 3708 l,
1075 3662 1144 3715 quae
1171 3644 1198 3695 in
1218 3640 1327 3696 Codici-

269 3734 318 3785 bus
337 3732 419 3785 medii
438 3732 494 3785 aevi
512 3733 663 3805 saepissime
682 3745 720 3788 est
738 3734 930 3806 compendium
950 3733 1020 3786 vocis
1038 3732 1095 3797 vel,
1112 3731 1326 3801 scribamusque:

247 3840 353 3894 ‘quum
372 3833 540 3875 -senatus
561 3824 612 3876 vel
629 3842 722 3876 nomen
740 3825 769 3876 in
794 3823 949 3893 republica
977 3842 1030 3874 non
1054 3832 1114 3874 erot
1134 3821 1166 3889 (i.
1185 3840 1208 3875 e.
1234 3841 1327 3875 nomen

269 3912 352 3975 arico,
371 3914 455 3963 etiam
474 3916 594 3977 nomen),
614 3922 642 3966 ut
662 3924 699 3965 est
718 3912 750 3966 de
770 3911 887 3984 Legibus
903 3910 948 3976 lll,
968 3913 1012 3976 1⁰,
1033 3912 1080 3965 23:
1100 3928 1163 3962 nam
1179 3913 1232 3963 isto
1251 3912 1327 3963 morlo

268 4000 322 4052 vel
341 4000 501 4053 consulatue
519 4000 718 4069 vituperatio
737 3999 793 4068 'st,
819 4010 849 4053 ut
872 3998 989 4053 scribere
1015 4018 1065 4053 nos
1094 3997 1149 4053 vult
1168 3996 1199 4052 C.
1217 3998 1326 4051 Beierus

267 4087 301 4141 ad
320 4087 441 4141 Laelium
463 4092 570 4156 1141.
611 4087 679 4142 lllud
698 4088 890 4162 compendium
914 4088 965 4141 vid.
984 4088 1012 4140 in
1030 4087 1150 4158 Baringii
1176 4087 1255 4140 Clave
1274 4085 1325 4138 Di·

267 4175 379 4249 plomat.
400 4178 582 4249 (compendia
610 4178 743 4231 scribendi
765 4178 844 4231 medii
865 4177 936 4231 aevi:
961 4176 1029 4230 Tab.
1049 4180 1091 4230 14.
1111 4176 1154 4243 b.)
1203 4174 1245 4227 Ad
1264 4195 1326 4228 sen-

268 4265 380 4319 tentiam
400 4266 435 4319 cs.
454 4264 503 4318 Or.
523 4286 572 4337 pro
591 4265 658 4321 Sest.
677 4266 746 4334 ΧΙΧ,
766 4272 816 4321 42:
843 4270 921 4318 Haec
939 4284 989 4336 ego
1009 4284 1092 4336 quum
1111 4264 1239 4328 viderem,
1266 4266 1325 4328 (nec

268 4355 339 4406 enim
357 4365 437 4407 erant
457 4354 577 4420 occulto)
596 4366 770 4422 senatum,
795 4357 852 4407 sine
871 4373 924 4426 quo
943 4353 1041 4405 civitas
1066 4361 1140 4402 sture
1158 4369 1211 4402 non
1226 4361 1326 4419 posset,

267 4443 406 4495 omnino
425 4442 457 4493 de
476 4443 588 4494 civitate
606 4461 679 4495 esse
697 4444 881 4497 subiratum
894 4471 928 4481 ·—
940 4442 1005 4492 lrnec
1020 4458 1102 4511 quum
1120 4438 1242 4504 viderem,
1261 4440 1328 4511 quid

269 4548 391 4601 agerem,
419 4529 543 4582 iudices?
569 4532 602 4584 ad
630 4532 708 4585 verba
738 4530 787 4585 Or.
821 4532 848 4584 in
875 4530 964 4584 Pison.
982 4528 1013 4592 Χ,
1033 4530 1080 4582 23:
1109 4530 1167 4599 Ego
1196 4529 1327 4606 consulem
