3517 5450
395 695 444 767 40
726 714 900 778 rnniooxa
925 711 1119 761 srotconuu.

394 899 421 932 u.
438 877 554 948 Paedag.
572 877 650 928 1826.
668 871 700 924 Τ.
720 871 739 923 l.
760 881 827 942 part.
845 875 871 922 2.
898 889 924 940 p.
941 869 1016 938 301.)
1044 870 1129 923 verius
1152 871 1291 936 iudicavit¹
1319 870 1444 926 Ciceroni

394 987 475 1021 unam
495 966 594 1037 ubique
615 963 730 1014 formam
749 957 896 1009 imbecillus
914 957 1099 1010 vindicandam
1116 977 1186 1024 esse,
1212 958 1372 1030 nullumque
1392 979 1445 1013 esse

394 1053 500 1122 locum,
520 1072 574 1124 quo
595 1048 686 1102 tertiae
704 1043 890 1099 declinationis
908 1044 994 1098 forma
1013 1057 1113 1099 certam
1133 1044 1228 1100 habeat
1246 1046 1352 1099 sedem:
1378 1067 1445 1119 quae

394 1152 465 1197 certe
485 1158 572 1204 nunc,
592 1136 637 1190 ubi
657 1134 802 1187 diutissime
820 1132 962 1198 haerebat,
981 1152 1011 1184 ex
1029 1132 1100 1186 Lael.
1118 1138 1144 1197 ἵ,
1164 1137 1205 1188 23.
1224 1133 1311 1188 exulat
1329 1134 1358 1186 in
1378 1134 1444 1187 Edd.

394 1227 505 1291 Orellii,
534 1224 621 1278 Beieri
640 1222 703 1290 (vid.
723 1221 756 1290 ej.
772 1218 822 1273 Ed.
840 1220 903 1287 maj.
922 1239 949 1290 p.
965 1219 1038 1288 28.)‚
1063 1219 1170 1273 Klotaii.
1207 1220 1277 1274 Add.
1301 1220 1389 1274 Orell.
1412 1222 1445 1274 ad

394 1313 450 1367 Cic.
469 1312 540 1366 Lael.
560 1314 604 1378 13,
615 1313 658 1362 4¹1.
678 1328 704 1379 p.
716 1309 777 1359 Ι288.
797 1316 822 1358 et
840 1303 944 1358 Ochsn.
961 1306 995 1357 ad
1014 1305 1071 1359 Cic.
1085 1306 1196 1379 Eclogg.
1212 1311 1273 1362 tot.
1291 1310 1339 1380 qui
1358 1307 1445 1362 adhuc

394 1398 420 1451 in
440 1397 580 1451 Goerenaii
599 1392 729 1448 sententia
749 1391 888 1458 haerebat,
917 1391 950 1444 ad
971 1393 1004 1444 de
1023 1391 1101 1445 Pion.
1121 1396 1155 1458 V,
1175 1399 1217 1447 24.
1237 1393 1351 1465 prolata.
1387 1395 1444 1450 Mr.

463 1485 598 1536 Pecuniae
612 1480 737 1547 membro]
757 1479 890 1546 „Formas
904 1481 1104 1546 numismatum,
1123 1481 1163 1532 vel
1175 1480 1264 1551 potius
1277 1500 1371 1533 rerum
1385 1500 1445 1535 cor-

394 1571 527 1642 poralium
549 1568 754 1641 possessiones.“
779 1567 868 1636 Xyst.
892 1567 1001 1620 Betul.
1037 1569 1188 1632 „Pecuniae
1212 1568 1324 1620 nomine
1347 1569 1445 1622 intelli·

394 1668 496 1728 guntur
514 1675 621 1728 pecora,
646 1655 764 1726 praedia,
785 1653 891 1724 aliaque
909 1653 1027 1707 eiusdem
1046 1653 1160 1725 generis,
1179 1673 1248 1724 quae
1267 1656 1445 1726 possidentur,

394 1762 511 1814 quorum
537 1742 619 1796 multa
642 1753 704 1796 sunt
729 1741 802 1812 quasi
827 1739 971 1794 rnembraf‘
997 1742 1020 1793 F
1027 1761 1071 1795 rc.
1097 1740 1186 1812 Sylv.
1223 1741 1364 1808 „incertas
1387 1747 1444 1798 istas

395 1830 570 1902 possessiones
588 1849 679 1883 rerum
699 1827 899 1899 corporalium,
925 1847 990 1899 quas
1009 1829 1132 1882 fortunae
1150 1828 1292 1896 debemus,
1323 1849 1443 1902 quaeque

395 1918 479 1983 facile,
498 1929 528 1971 ut
545 1918 662 1983 fortuna,
682 1916 779 1969 mutari
800 1926 918 1987 possunt.
953 1918 1088 1967 Pecuniae
1105 1916 1216 1968 nomine
1234 1918 1327 1970 omnia
1346 1918 1441 1972 intelli-

394 2017 509 2076 guntur,
536 2005 649 2076 quaein
670 2002 748 2057 bonis
765 2014 841 2068 sunt,
869 2002 1012 2073 praecipue
1030 2002 1198 2072 corporalia¹
1223 2022 1342 2076 quorum
1362 2005 1439 2059 multa

393 2105 455 2147 sunt
467 2092 610 2146 membru.“
629 2092 808 2144 Graevius.
846 2091 935 2156 Vides,
955 2090 1027 2142 uude
1036 2090 1082 2151 xvir
1094 2090 1187 2144 doctus
1202 2091 1355 2145 doctrinam
1369 2111 1438 2145 suam

393 2178 517 2233 hauserit.
536 2209 570 2218 -
599 2178 720 2231 Membro
745 2198 795 2249 pro
818 2197 919 2248 genero
946 2178 1047 2231 dictum
1072 2178 1235 2232 existimabat
1259 2178 1437 2251 Biichlingius,

394 2267 494 2321 addens
512 2267 589 2333 „sine
607 2265 720 2318 dubio“:
748 2284 802 2336 quo
826 2265 886 2336 ipso
910 2285 937 2318 se
962 2266 1084 2319 dubitare
1108 2266 1281 2337 significabat.
1300 2295 1336 2306 -
1366 2267 1436 2338 „Ego

394 2357 447 2408 iam
465 2352 530 2406 olim
550 2352 738 2424 corrigendum
759 2352 849 2405 censui
867 2353 995 2421 pecuniae
1012 2372 1166 2417 munera,
1185 2364 1210 2406 et
1223 2353 1262 2408 sic
1274 2373 1352 2408 nunc
1365 2353 1435 2418 edidi,

394 2445 420 2495 in
440 2461 527 2514 eoque
545 2441 610 2494 mihi
633 2440 753 2493 assentiri
772 2439 857 2493 laetor
874 2440 1035 2493 Wetzelium
1054 2443 1230 2513 [quamquam
1248 2443 1270 2494 is
1294 2462 1351 2495 non
1370 2461 1435 2496 reos·

394 2529 432 2600 pit
446 2529 650 2597 coniecturam]
671 2528 716 2601 qui
735 2539 795 2600 apte
814 2529 978 2599 comparavit
996 2529 1086 2583 locum
1105 2530 1139 2587 de
1157 2529 1345 2595 Finn.tl,1az
1362 2550 1435 2600 pecu·

392 2620 438 2669 nia
457 2627 648 2686 comparantur
666 2617 819 2686 voluptates
834 2618 998 2686 plurimae.“
1022 2616 1154 2671 Schiita.
1192 2619 1345 2680 „Pecuniae
1364 2637 1433 2670 metr-

393 2704 440 2758 bro
459 2705 476 2758 i.
494 2726 517 2759 e.
536 2715 625 2778 partes
644 2705 821 2775 possessionis.
862 2704 909 2759 Sic
933 2706 1060 2778 exquisite
1083 2705 1146 2759 dixit
1168 2704 1247 2759 etiam
1273 2704 1387 2761 Ovidius
1407 2704 1433 2760 de

392 2794 498 2846 duobus
516 2793 621 2846 amicis:
648 2792 748 2843 Dulcia
766 2795 904 2847 convictus
929 2794 1074 2845 membru
1089 2795 1173 2865 fuere
1191 2796 1249 2846 mei.
1287 2795 1387 2860 [Locus
1403 2805 1433 2847 es

392 2879 654 2950 Trist.1v‚to,4t.]
691 2878 772 2950 Apud
791 2879 911 2933 Graecos
929 2901 1008 2953 saepe
1027 2881 1124 2934 dicitur
1140 2886 1205 2951 μέρη
1225 2887 1269 2932 καὶ
1285 2886 1361 2950 μέλη,
1379 2902 1433 2953 par,-

393 2977 431 3018 tes
450 2976 475 3017 et
494 2965 622 3017 membra.
658 2964 705 3019 Est
722 2979 810 3020 autem
829 2967 941 3021 latinum
961 2968 1103 3022 membrum
1120 2988 1135 3020 a
1154 2974 1239 3038 μέρος,
1257 2989 1308 3040 per
1322 2970 1433 3041 redupli-

392 3054 525 3106 cationem
543 3056 659 3122 μέμερος,
681 3053 762 3121 unde,
784 3055 923 3109 interiecto
940 3062 968 3122 β,
986 3060 1109 3124 μέμβρον,
1129 3056 1207 3109 veluti
1226 3076 1256 3108 ex
1274 3061 1341 3125 μέση
1359 3053 1433 3127 ἡμέρα

392 3139 422 3193 fit
440 3136 616 3209 μεσημβρία.“
640 3141 744 3211 wyte.
782 3142 956 3206 „Admodum
976 3142 1117 3215 probabile
1136 3155 1188 3208 est,
1212 3144 1285 3214 quod
1303 3143 1432 3198 Schiitsius

392 3228 420 3279 in
440 3226 509 3279 libro
528 3238 665 3280 menstruo
684 3247 763 3299 supra
783 3228 890 3283 laudato
910 3231 1032 3298 coniecit,
1051 3235 1179 3301 pecuniae
1195 3250 1315 3297 munero,
1335 3251 1349 3284 e
1368 3232 1434 3285 cuint

393 3315 554 3385 compendio
577 3315 650 3368 nasci
674 3317 761 3386 potuit
784 3317 888 3389 vulgata
911 3319 990 3372 lectio
1015 3319 1138 3372 mentbro.
1175 3319 1291 3373 Probata
1317 3332 1356 3373 est
1378 3320 1434 3372 haec

392 3402 544 3455 coniectura
564 3404 642 3456 ctiam
658 3404 789 3457 Wetrelio
809 3416 835 3457 et
851 3404 883 3459 G.
898 3407 927 3459 F.
941 3407 1057 3459 Wotffio
1071 3409 1099 3459 in
1120 3417 1182 3460 nota
1201 3406 1234 3458 ad
1251 3405 1331 3459 buius
1350 3407 1365 3459 Ι.
1383 3426 1433 3458 rer-

391 3491 501 3543 sionem.
537 3490 710 3562 Quamquam
737 3495 861 3564 equidem
888 3497 1010 3567 suspicor
1033 3508 1159 3548 neutrum
1180 3495 1277 3547 horum
1298 3495 1432 3547 substanti·

391 3597 484 3630 vorum
506 3600 521 3632 a
540 3578 673 3632 Cicerone
691 3599 760 3646 esse,
788 3583 833 3634 scd
858 3583 920 3636 satis
943 3582 1064 3637 habuisse
1090 3584 1235 3654 genitivum
1262 3602 1325 3635 cnm
1345 3593 1432 3635 neutro

391 3665 560 3735 pronominis
574 3666 686 3735 iungere
706 3687 756 3738 pro
775 3670 841 3722 boen
856 3672 988 3723 imbecillo
1006 3682 1032 3723 et
1052 3671 1267 3728 cotnmutobilim
1289 3677 1432 3741 quaesunt

388 3753 526 3820 pecuniae.
563 3753 624 3806 Vid.
643 3753 737 3808 Parad.
756 3758 801 3825 Vl,
822 3766 846 3824 2,
864 3764 910 3815 48.
931 3761 976 3814 uhi
995 3760 1022 3813 in
1048 3759 1151 3832 aliquot
1168 3758 1237 3811 Edd.
1257 3776 1306 3810 von
1326 3757 1431 3809 membra

391 3838 476 3893 addita
497 3852 548 3894 est:
575 3842 625 3895 nisi
644 3842 718 3908 velis,
738 3847 809 3915 quod
829 3847 857 3900 in
876 3859 994 3901 mentem
1015 3848 1078 3900 mihi
1099 3858 1206 3900 venerat
1223 3845 1341 3899 scrihere
1358 3864 1431 3916 pecu-

351 3951 359 3974 »
390 3926 452 3992 nid,
472 3939 500 3981 ut
516 3928 569 3982 sint
589 3932 787 3985 coniuratobilia
802 3938 933 4004 pecunia.
958 3956 1026 4008 quae
1045 3937 1204 3991 commutari
1224 3946 1337 4006 possunt
1356 3953 1429 4006 pecu·

389 4012 446 4079 nid,
474 4015 499 4069 h.
518 4036 541 4070 e.
568 4019 620 4071 emi
645 4021 783 4093 vcndique.
819 4023 1149 4090 proeminentiam:
1178 4025 1225 4095 qui
1242 4025 1280 4074 nd
1295 4026 1428 4093 perniciem

388 4104 535 4158 innocentis
554 4108 640 4174 fidem
669 4128 747 4160 suam
775 4120 802 4161 et
830 4112 982 4183 religionem
1008 4115 1159 4182 pecunia
1187 4111 1428 4162 communiti*

388 4190 512 4246 Geruli.
549 4194 621 4247 ldem
641 4196 669 4248 in
689 4196 825 4252 Addendis
843 4200 922 4255 baec:
940 4203 1021 4268 „Non
1039 4201 1108 4256 male
1120 4200 1171 4253 Th.
1183 4198 1322 4252 Bentleius
1334 4209 1427 4252 utram·

388 4299 439 4349 que
459 4301 549 4334 vocem
567 4284 697 4351 pecuniae
712 4285 826 4338 mentbra
844 4289 922 4355 delet,
942 4302 968 4344 et
986 4292 1053 4342 liner
1067 4289 1198 4342 imbecilla
1216 4298 1244 4338 et
1262 4281 1426 4339 commutati·

388 4367 425 4417 lia
444 4382 581 4442 comparat
600 4389 662 4424 cum
680 4373 774 4427 Parad.
793 4376 813 4439 l,
832 4381 858 4443 3,
878 4383 928 4432 14:
952 4381 1018 4432 liaeo
1035 4410 1079 4442 -,
1097 4396 1167 4449 quoe
1185 4377 1260 4428 modo
1279 4377 1345 4437 linc,
1362 4368 1425 4422 modo

388 4452 452 4503 illuc
471 4458 705 4527 transferuntur.“
718 4490 752 4500 -
772 4462 846 4527 „Nos
863 4466 998 4536 vulgatum
1018 4479 1133 4520 tuemur.
1171 4464 1294 4517 Membra
1310 4452 1422 4517 south-l·
