3517 5450
356 759 459 806 XXXV!
520 754 757 802 rttottsuotttsttt
785 754 826 798 ΔΙ)
856 751 1025 798 CICERONIS
1053 750 1238 797 rtnsuoxt.

354 942 471 986 sesntur.
509 929 589 983 Vides
607 927 810 992 Gernbardum,
840 908 1003 998 quamquam
1028 925 1136 992 dixerit,
1164 942 1294 996 apparere
1320 942 1416 995 quen-

356 1021 418 1072 dam
436 1019 464 1070 in
481 1017 623 1070 Paradoxis
637 1015 758 1070 ordinem
780 1026 926 1081 serratum,
958 1035 1014 1067 non
1034 1025 1123 1066 tamen
1141 1012 1215 1066 bunc
1231 1011 1354 1065 ordinem
1373 1013 1416 1065 ii-

357 1107 440 1180 quido
458 1117 483 1159 et
501 1105 607 1166 disertis,
622 1105 707 1158 verbis
726 1104 962 1168 demonstravisse,
981 1103 1044 1174 qui,
1064 1101 1163 1155 etiamsi
1182 1100 1297 1171 reperiri
1317 1099 1416 1170 possit,

355 1213 411 1247 non
433 1205 520 1247 tamen
540 1193 574 1246 ita
592 1193 620 1245 in
639 1203 731 1263 aperto
756 1203 810 1256 est,
835 1201 865 1243 ut
884 1209 945 1242 eum
972 1190 1153 1243 demonstrare
1179 1207 1416 1260 supervacaneum

357 1301 411 1335 esse
429 1280 556 1334 rideatur.
599 1280 688 1334 Restat
705 1279 803 1350 igitur,
821 1288 864 1344 ut,
885 1297 953 1348 quae
973 1278 1051 1330 nobis
1071 1297 1134 1345 prae
1152 1276 1248 1329 ceteris
1268 1277 1416 1347 probatur.

358 1369 632 1442 Morgensternii
659 1369 816 1422 sententiam
842 1366 984 1430 addamus,
1011 1365 1056 1436 qui
1083 1363 1234 1434 diligentius
1262 1364 1359 1415 ceteris
1381 1363 1416 1414 irs

357 1456 426 1510 banc
444 1477 501 1509 rem
519 1455 682 1528 inquisivisse
701 1455 817 1518 ridetur,
842 1472 1006 1525 quamquam
1035 1471 1122 1522 neque
1148 1451 1340 1504 Gernbardum
1364 1470 1416 1504 su·

357 1546 437 1597 laude
455 1544 607 1598 fraudatum
628 1543 694 1596 volo.
730 1544 824 1613 Neque
844 1563 905 1595 vero
925 1543 957 1594 ad
977 1541 1087 1594 verbum
1107 1541 1184 1594 nobis
1202 1540 1416 1593 describendum

359 1636 442 1686 visum
459 1643 511 1697 est,
531 1632 604 1702 quod
623 1631 726 1702 scripsit
745 1631 784 1681 vir
802 1630 846 1683 ilie
864 1630 891 1682 in
912 1629 1018 1695 libello,
1046 1648 1125 1698 quem
1149 1628 1276 1691 diximus,
1303 1627 1348 1680 sed
1378 1627 1416 1679 ar!

358 1720 515 1775 sententiam
534 1719 696 1783 exhibemus,
727 1738 795 1790 quae
821 1719 976 1789 excogitavit
994 1717 1078 1789 probe
1106 1716 1266 1787 ponderata:
1296 1716 1357 1768 Non
1377 1719 1416 1770 ita

360 1807 438 1876 (baec
456 1818 494 1860 est
511 1807 644 1860 dictorum
663 1804 781 1873 summa)
800 1804 897 1859 Cicero
918 1817 1012 1859 tractat
1028 1804 1248 1869 baeoParadoxa,
1269 1816 1298 1857 ut
1316 1805 1345 1856 in
1360 1815 1416 1857 tota

360 1893 442 1947 libelii
461 1893 661 1947 continuatione
680 1911 823 1964 agnoscas,
853 1913 922 1964 quae
945 1893 972 1945 in
991 1892 1087 1946 Stoicis
1114 1892 1258 1946 laudantur
1282 1892 1316 1944 de
1334 1892 1416 1944 Finn.

360 1980 405 2045 ΙΙΙ,
427 1985 476 2035 22:
496 1981 678 2034 admirabilem
697 1982 909 2050 compositionem
927 1982 1099 2051 disciplinae,
1123 1981 1354 2053 incredibilemque
1371 2001 1416 2033 re-

361 2088 419 2120 rum
439 2069 570 2121 ordinem:
598 2069 633 2122 ita
652 2080 756 2138 tamen,
780 2081 883 2125 utnon
908 2071 987 2140 piane
1006 2068 1096 2122 nulius
1115 2080 1243 2140 appareat
1266 2089 1349 2122 nexus
1365 2069 1416 2122 ad-

361 2157 584 2228 eoqueprimum
603 2158 759 2211 Paradoxon
779 2177 834 2209 non
860 2158 956 2211 eodem
974 2157 1032 2210 iure
1056 2155 1180 2209 ultimum
1206 2156 1297 2210 locum
1322 2168 1416 2210 tener·

362 2245 478 2314 potuisse
496 2245 622 2298 rideatur.
665 2246 842 2314 Posteaquam
862 2245 1012 2313 primum
1039 2243 1138 2315 posuitr
1171 2245 1251 2312 Quod
1273 2245 1416 2296 honestam

363 2334 415 2396 sit,
433 2333 464 2383 id
480 2333 589 2386 solum
608 2332 727 2384 bonum
752 2350 822 2396 esse,
848 2331 933 2385 tacitis
956 2343 1013 2386 erat
1039 2332 1163 2386 transitus
1186 2331 1219 2384 ad
1244 2332 1395 2383 alterum

364 2422 399 2468 In
417 2438 469 2489 quo
488 2420 576 2475 virtus
594 2420 645 2484 sit,
670 2419 694 2470 ei
712 2418 806 2470 nibil
833 2418 950 2471 deesse
974 2420 1018 2470 od
1041 2419 1140 2471 beate
1165 2420 1366 2473 vivendum:
1391 2438 1416 2472 ε

364 2505 445 2559 modo
463 2506 665 2576 interposueris,
684 2506 756 2578 quod
776 2525 831 2560 non
852 2507 948 2576 poterit
967 2528 1023 2560 non
1042 2508 1166 2562 concedi:
1186 2508 1223 2561 nii
1243 2509 1292 2561 nisi
1313 2510 1416 2561 bonor·

364 2613 419 2646 csse
437 2595 627 2666 expetendum,
652 2595 725 2667 quod
745 2607 834 2649 autem
853 2586 1046 2668 expetendum,
1070 2596 1206 2649 hominem
1226 2597 1334 2650 beatum
1354 2598 1416 2649 rer!

365 2683 436 2736 dere.
473 2682 515 2737 Ad
535 2686 624 2738 terti
631 2705 680 2737 um
699 2685 795 2738 deinde
814 2685 849 2739 ita
869 2696 974 2757 poterat
991 2685 1129 2752 accedere,
1149 2697 1178 2739 ut
1188 2685 1358 2756 significaret,
1375 2704 1416 2737 re

283 2780 286 2785 “
364 2769 492 2823 levissime
513 2773 650 2843 peccando
670 2775 757 2844 perire
775 2775 911 2839 rirtutem,
939 2775 956 2827 i.
977 2795 1001 2828 e.
1027 2775 1111 2828 solam
1129 2775 1162 2827 ad
1182 2776 1258 2828 beate
1276 2776 1416 2827 vivendus-

367 2856 450 2923 viam,
478 2858 515 2912 rel
536 2861 623 2930 potius
641 2862 719 2915 vitam
738 2862 842 2915 beatam
861 2863 960 2933 ipsam:
992 2864 1064 2933 quod
1091 2863 1111 2915 si
1139 2862 1268 2915 levissimo
1294 2863 1339 2916 siat
1363 2864 1416 2916 iar

367 2957 491 3017 peccato,
511 2949 676 3018 gravioribus
690 2950 752 3003 item
770 2949 827 3003 steri
846 2950 960 3013 debere;
982 2968 1048 3019 ergo
1071 2950 1199 3021 aequalia
1216 2969 1273 3001 esse
1290 2961 1416 3018 peccota

367 3036 441 3106 quod
468 3035 488 3089 si
514 3036 627 3090 firmiter
653 3050 718 3091 esset
742 3058 896 3109 persuasum
917 3039 1083 3104 bominibus,
1111 3058 1157 3091 eos
1182 3039 1295 3090 maxime
1320 3054 1416 3110 apec

368 3121 455 3174 cando
474 3123 630 3178 deterritum
650 3126 691 3180 iri.
732 3126 868 3195 Quoniam
896 3146 958 3179 vero
984 3147 1044 3180 vere
1062 3128 1135 3180 bono
1162 3126 1228 3179 nibil
1253 3139 1338 3198 potest
1363 3144 1416 3180 ess

369 3209 475 3278 melius,
495 3223 590 3283 sponte
608 3214 686 3266 etiam
707 3214 841 3286 sequitur,
861 3233 930 3285 quae
949 3215 1021 3267 bona
1046 3214 1097 3267 sint
1123 3214 1239 3285 Ireneque
1258 3216 1344 3285 facta
1362 3230 1416 3264 ess

369 3301 537 3380 aequalia⁸).
581 3300 663 3369 Quod
691 3303 711 3355 si
738 3323 800 3355 vero
827 3303 1002 3369 concesseris,
1033 3313 1141 3373 peccata
1160 3322 1174 3355 a
1193 3322 1254 3355 vere
1273 3303 1348 3355 beata
1367 3303 1413 3354 ri!

368 3386 515 3454 abducere,
534 3389 611 3444 sacile
630 3391 776 3458 concedas,
801 3390 910 3445 stultum
930 3392 1051 3463 adeoque
1069 3391 1191 3443 insanum
1210 3410 1281 3456 esse,
1310 3393 1354 3463 qui
1370 3408 1414 3443 ro

369 3475 426 3529 lens
444 3477 582 3547 sciensque
601 3498 616 3531 a
637 3479 731 3533 virtute
747 3480 897 3546 recesserit,
916 3480 933 3532 i.
950 3499 974 3532 e.
992 3480 1155 3548 peccaverit,
1182 3478 1300 3549 itemque
1318 3494 1415 3532 conce

369 3565 430 3629 des,
458 3566 531 3636 quod
551 3576 588 3618 est
613 3567 641 3619 in
664 3579 808 3637 quarto:
833 3586 922 3621 omnes
943 3566 1046 3619 'stultos
1072 3567 1241 3619 insanire.
1292 3560 1416 3633 Quamvis

372 3672 433 3704 sero
452 3671 507 3705 nnn
527 3652 578 3705 boc
597 3655 748 3722 probaverit
766 3655 861 3708 Cicero
879 3674 911 3707 eo
930 3656 1010 3720 ioco,
1028 3655 1072 3706 sed
1092 3655 1179 3706 solnm
1197 3655 1345 3722 sapientem
1361 3667 1416 3705 esst

372 3739 509 3803 coemit
528 3751 617 3793 tamen
637 3761 698 3794 oum
718 3742 763 3794 iiio
782 3744 816 3796 ita
836 3743 978 3796 cohaerere
1005 3754 1075 3795 recte
1094 3742 1201 3805 dixeris,
1232 3754 1276 3805 ut,
1308 3742 1353 3812 qui
1375 3742 1416 3793 in·

372 3846 437 3882 sano
457 3847 546 3881 rerum
566 3828 735 3884 fortuitarum
755 3844 779 3884 et
800 3842 966 3884 externarum
993 3850 1085 3887 amone
1111 3839 1244 3893 teneatur,
1273 3849 1362 3881 sersus
1385 3823 1410 3879 si

373 3915 547 3986 cupiditatum
566 3937 682 3983 suarum,
703 3919 736 3971 ita
754 3940 787 3973 ne
806 3919 874 3972 iiber
891 3922 999 3992 quidem
1019 3917 1194 3989 appellandus
1210 3918 1351 3988 solutaque
1369 3914 1416 3987 igi·

373 4015 417 4056 tur
434 4006 580 4073 sapientem
599 4026 652 4060 esse
672 4007 794 4073 liberum,
814 4007 900 4060 solum
916 4009 986 4069 item,
1006 4025 1088 4077 quum
1105 4024 1193 4057 sersus
1211 4004 1274 4057 civis
1293 4024 1347 4057 esse
1365 4015 1416 4055 nos

446 4241 469 4309 ⁶)
488 4244 546 4296 Atia
566 4258 602 4300 est
621 4244 699 4298 huius
717 4245 845 4296 Paradoxi
865 4245 950 4295 forma
973 4244 998 4294 in
1020 4243 1089 4295 libro
1110 4242 1242 4294 Plutarchi
1264 4243 1296 4293 de
1316 4242 1416 4293 Stoico·

376 4332 436 4395 rum
464 4315 587 4386 Repugn.
618 4338 642 4386 p.
662 4319 740 4370 1038.
766 4316 796 4369 C.
820 4316 869 4381 Ι).,
906 4317 951 4367 ubi
983 4316 1079 4367 dicitur
1109 4317 1232 4383 probasse
1259 4313 1408 4384 Chrysippu

376 4404 441 4466 ppei
460 4395 551 4437 κακίαν
571 4396 677 4448 κακίας,
705 4388 724 4454 ἤ
741 4382 872 4454 ἁμαρτίαν
899 4384 1029 4452 ἁμαρτίας
1053 4382 1226 4453 ὑπερέχουσαν
1252 4380 1332 4447 εἶναι,
1359 4384 1413 4450 μήτ

628 4460 640 4477 't

377 4452 471 4523 ‘tumis
489 4455 597 4526 α’ρετῆς,
621 4481 636 4528 η
663 4458 828 4527 κατόρθωσιν
854 4455 1051 4522 κατορθώσεως.
1102 4456 1181 4508 Conf.
1206 4456 1236 4507 F.
1258 4456 1292 4511 N.
1312 4455 1345 4508 G.
1366 4454 1407 4507 Ba

377 4537 458 4593 fluet
475 4527 508 4582 de
525 4528 675 4603 Chrysippo
693 4530 804 4600 (boran.
826 4534 905 4585 1822.
923 4531 963 4596 t.)
982 4550 1007 4600 p.
1026 4530 1076 4583 161
1095 4548 1134 4598 sq.
