3517 5450
550 743 746 793 rrranoxor
766 744 787 790 l.
828 743 898 794 aar.
917 745 951 794 rr.
978 746 1026 795 ur.
1263 719 1313 795 29

273 908 456 977 uirtutibus?
509 909 621 991 Quid?
661 910 815 978 aNuma
841 908 1026 996 Pompilio?
1062 912 1214 978 minusne
1236 929 1313 994 gra·

271 1053 328 1143 tas!
343 1047 407 1113 diis
441 1048 682 1116 immortalibus
724 1047 901 1131 capedines
937 1067 978 1114 ac
1017 1048 1132 1113 fictiles
1166 1048 1313 1115 birnulas

270 1185 378 1265 tuisse,
417 1200 517 1266 quam
560 1184 698 1250 tilicatas
735 1185 878 1250 aliorum
916 1187 1049 1266 pateras
1091 1183 1313 1249 arbitramur?

270 1320 384 1386 Omitto
421 1320 585 1401 reliquos:
628 1325 705 1386 sunt
746 1321 834 1385 enim
872 1334 989 1385 omnes
1022 1336 1120 1402 pares
1151 1320 1237 1384 inter
1268 1334 1315 1398 se,

269 1457 391 1536 praeter
417 1453 614 1537 Superbum.
665 1456 803 1524 Brutum
828 1457 857 1522 si
884 1456 942 1539 qui
967 1459 1081 1538 roget,
1108 1455 1187 1537 quid
1212 1455 1316 1536 egerit

270 1590 294 1654 in
325 1590 435 1672 patria
470 1591 659 1658 liberanda:
698 1595 726 1658 si
761 1594 834 1678 quis
868 1594 948 1659 item
982 1592 1128 1674 reliquos
1168 1592 1314 1659 eiusdem

272 1726 389 1792 consilii
422 1728 552 1808 socios,
589 1729 668 1812 quid
710 1732 948 1815 spectaverint,
981 1731 1061 1814 quid
1094 1733 1198 1797 secuti
1234 1732 1315 1798 sint:

273 1879 337 1927 rum
364 1863 440 1944 quis
465 1865 619 1946 exsistet,
646 1868 702 1932 cui
728 1870 899 1951 voluptas,
925 1869 979 1932 cui
1005 1867 1156 1948 divitiae,
1182 1869 1236 1934 cui
1256 1869 1315 1933 de·

273 2000 376 2082 nique,
414 2005 547 2082 praeter
576 2001 725 2068 cilicium
756 2003 851 2068 tortis
890 2006 923 2067 et
957 2004 1071 2085 magni
1101 2002 1183 2082 riri,
1220 2005 1315 2083 quic·

275 2151 359 2216 quam
384 2136 477 2201 aliud
499 2141 706 2220 propositum
733 2140 834 2205 tuisse
855 2138 1030 2206 videatur?
1076 2137 1171 2218 Quae
1198 2156 1251 2204 res
1272 2139 1315 2204 ad

276 2290 373 2339 necem
404 2275 572 2342 Porsenae
607 2273 643 2342 G.
677 2276 825 2343 Mucium
858 2275 1006 2358 impulit,
1046 2274 1118 2339 sine
1153 2274 1222 2339 ulla
1256 2288 1315 2357 spe

276 2411 372 2476 salutis
398 2413 504 2477 suaet
556 2409 730 2491 Quaevis
757 2402 919 2480 Coclitem
956 2414 1074 2478 eontra
1109 2427 1225 2475 omnes
1250 2411 1315 2475 bo·

277 2546 357 2610 stium
392 2547 507 2630 copias
540 2550 645 2614 tenuit
684 2549 718 2613 in
752 2553 853 2631 ponte
885 2548 1019 2613 solumi
1064 2563 1150 2628 quae
1187 2548 1315 2628 patrem

226 2724 231 2748 .
276 2677 416 2765 Dauum,
444 2698 529 2767 quae
555 2683 659 2750 filium
685 2684 870 2765 devotavit,
904 2687 1003 2765 atque
1028 2682 1163 2747 immisit
1199 2683 1233 2746 in
1259 2698 1315 2747 ar·

275 2825 366 2885 natas
391 2815 537 2886 bostium
564 2821 703 2902 copiast
756 2817 847 2908 Quin
872 2820 1076 2885 continentia
1103 2818 1138 2885 C.
1162 2819 1315 2898 Fabricii,

274 2957 339 3036 guid
364 2958 517 3022 tenuitas
532 2958 637 3023 victus
659 2948 704 3024 Μ’
730 2956 821 3025 Curii
839 2958 1066 3041 sequebatur?
1126 2955 1215 3039 Quid
1247 2956 1315 3023 duo

272 3094 510 3175 propugnacula
545 3095 624 3159 belli
657 3094 791 3172 Punici,
825 3093 884 3162 Cn.
917 3100 951 3160 et
980 3095 1016 3161 P.
1043 3092 1233 3177 Scipiones,
1259 3090 1314 3177 qut

272 3230 585 3315 Karthaginiensium
612 3226 791 3300 adventum
826 3236 1023 3317 corporibus
1063 3237 1130 3301 suis
1156 3237 1315 3302 interclu-

271 3373 405 3440 dendum
427 3375 646 3457 putaverunt?
682 3374 762 3457 quid
786 3373 961 3438 Africanus
981 3375 1115 3457 major?
1152 3374 1231 3456 quid
1253 3378 1316 3440 mi-

271 3515 347 3578 nor?
374 3512 454 3594 quid
480 3511 566 3577 luter
589 3513 711 3577 borum
726 3512 849 3573 aetates
863 3509 1053 3574 interiectus
1071 3507 1177 3576 Gato‘l
1203 3508 1315 3589 Quidt

270 3646 519 3714 innumerabiles
548 3648 604 3713 alii
617 3641 721 3735 '(nam
748 3647 937 3713 domesticis
969 3646 1129 3730 exemplis
1166 3647 1315 3713 abunda·-

271 3780 344 3873 mus)
368 3784 593 3864 cogitassene,
622 3784 798 3866 quicquam
832 3786 868 3849 in
897 3785 967 3849 vita
990 3784 1054 3848 sibi
1084 3786 1315 3866 expetendum,

271 3918 324 3984 nisi
356 3919 448 4002 quod
482 3918 650 3985 laudabile
682 3924 767 3985 esset
799 3924 833 3985 et
869 3922 1097 4003 praeclarum,
1140 3920 1315 3987 videntur?

271 4052 403 4120 Veniant
426 4055 527 4136 igitur
544 4055 599 4120 isti
622 4055 775 4121 irrisores
799 4057 898 4123 buius
933 4058 1093 4123 orationis
1118 4049 1168 4122 ac'
1184 4062 1366 4132 senten-ru.

272 4187 346 4269 tiae,
372 4192 408 4255 et
431 4190 500 4256 iam
523 4192 576 4256 vel
602 4190 664 4272 ipsi
690 4190 845 4272 iudicent,
872 4198 984 4259 utrum
1006 4212 1041 4260 se
1069 4196 1190 4261 borum
1210 4198 1315 4261 alicu·

270 4327 329 4407 ius,
351 4329 409 4411 qui
434 4328 631 4394 marmoreis
656 4309 767 4407 tectis,
803 4330 905 4394 ebore
938 4336 970 4400 et
998 4348 1080 4396 auro
1107 4330 1315 4412 fulgentibus,

270 4468 317 4544 qui
344 4466 468 4547 signis,
495 4466 552 4545 qui
572 4455 728 4546 tabulis,
748 4468 804 4549 qui
831 4467 962 4534 caelato
995 4485 1079 4532 auro
1109 4472 1142 4531 et
1168 4473 1315 4549 argento,
