3517 5450
652 735 846 784 mmnoxou
875 738 918 784 vr.
949 737 1018 787 cir.
1036 738 1085 785 ru.
1324 714 1397 790 267

351 902 381 964 et
406 917 503 965 areas
541 903 699 983 quasdam
732 920 854 985 magno
881 908 1072 985 aestimant,
1107 907 1197 987 quod
1226 909 1255 970 ei
1289 909 1400 988 generi

348 1037 597 1116 possessionum
623 1039 758 1103 minime
784 1034 911 1131 [quasi]
932 1045 1046 1109 noceri
1069 1046 1194 1125 potest;
1218 1043 1331 1122 quanti
1353 1047 1402 1107 est

347 1173 554 1239 aestimanda
579 1177 699 1252 virtus,
737 1195 822 1258 quae
844 1196 906 1243 nec
932 1183 1014 1262 eripi
1038 1197 1100 1243 nec
1134 1178 1254 1258 surripi
1280 1182 1401 1259 potest:

347 1327 455 1391 neque
482 1311 677 1405 naufragio,
704 1331 765 1377 nec
791 1314 945 1381 incendio
972 1316 1149 1382 amittitur:
1175 1331 1237 1377 nec
1259 1314 1291 1375 vi
1316 1318 1401 1378 tem-

346 1451 529 1528 pestatum,
554 1466 617 1513 nec
642 1455 830 1530 temporum
857 1453 1105 1534 perturbatione
1129 1447 1291 1514 mutaturi
1327 1448 1402 1526 Qua

348 1583 490 1660 praediti
507 1583 562 1664 qui
579 1588 665 1662 sunt,
687 1585 751 1648 soli
770 1589 845 1650 sunt
862 1586 990 1652 divites.
1042 1584 1110 1651 Soti
1127 1584 1216 1649 enirn
1234 1584 1402 1665 possident

346 1739 399 1787 res
422 1727 456 1784 et
481 1721 667 1786 fructuosas
687 1725 719 1786 et
740 1725 975 1805 sempiternas:
1001 1723 1129 1805 sotique
1151 1717 1250 1809 (quod
1262 1727 1310 1787 est
1322 1742 1401 1805 pro-

347 1859 458 1939 prium
480 1857 677 1950 divitiarum)
696 1863 842 1925 contenti
869 1868 944 1927 sunt
961 1864 1060 1927 rebus
1088 1862 1165 1925 suis.
1218 1861 1303 1925 Satis
1331 1878 1402 1925 esse

348 2001 473 2078 putant,
499 1996 588 2078 quod
615 2001 680 2061 est:
707 1999 788 2063 nihil
813 2004 981 2080 appetunt,
1007 2000 1097 2063 uuita
1122 2017 1158 2062 re
1185 2002 1292 2078 egent,
1318 1998 1399 2061 nihii

348 2135 411 2200 sibi
433 2136 548 2200 deesse
564 2136 717 2214 sentiunt,
741 2138 821 2200 nihii
841 2139 1023 2220 requirunt.
1075 2138 1220 2219 Improbi
1241 2142 1350 2201 autem
1370 2141 1402 2200 et

348 2275 460 2349 avari,
483 2274 639 2354 quoniam
667 2275 809 2340 incertas
835 2282 933 2359 atque
955 2278 988 2340 in
1016 2293 1096 2340 casu
1118 2276 1241 2358 positas
1268 2291 1401 2357 posses-

348 2409 459 2473 siones
485 2409 627 2486 habeut,
664 2418 696 2474 et
722 2413 794 2492 ptus
821 2430 952 2494 semper
985 2417 1159 2494 appetunt,
1195 2429 1256 2474 nec
1286 2429 1403 2476 eorum

349 2547 525 2626 quisquam
551 2547 658 2611 adhuc
685 2549 835 2612 inventus
861 2555 927 2626 est,
953 2549 1026 2624 oui,
1053 2547 1144 2628 quod
1168 2546 1322 2623 haberet,
1349 2565 1402 2610 es-

348 2688 398 2749 set
433 2684 532 2762 satis,
581 2700 649 2749 non
685 2683 788 2752 modo
825 2705 894 2752 non
933 2685 1061 2769 copiosi
1095 2702 1134 2749 ac
1174 2683 1308 2761 divites,
1344 2684 1403 2748 sed

348 2823 449 2887 etiam
475 2824 592 2903 inopes
615 2839 654 2885 ao
681 2842 842 2905 pauperes
865 2823 1075 2889 existimandi
1097 2824 1181 2885 sunt.

419 3000 586 3051 Paradoxon
608 3001 668 3067 Vt]
715 2995 823 3051 Sextum
851 2997 904 3053 hoc
927 2998 1084 3053 Paradoxon
1109 3000 1182 3052 abest
1207 2999 1240 3052 ab
1266 2998 1314 3052 Ed.
1333 3000 1402 3051 Ven.

347 3090 428 3142 1498.
465 3086 497 3139 In
516 3086 564 3139 Et.
586 3086 1122 3157 Veu.1492.postultimuml’aradoxi
1143 3090 1177 3141 V.
1204 3090 1314 3142 verbum
1340 3107 1396 3138 con-

347 3175 442 3227 vineat
461 3174 581 3245 sequitur
601 3174 686 3226 Finis·
722 3174 844 3243 Explicit
862 3172 930 3227 liber
948 3174 980 3225 de
998 3176 1147 3237 Amicitia,
1165 3178 1196 3227 de
1214 3182 1358 3229 Senectute
1376 3184 1403 3224 et

347 3263 555 3315 Paradoxoram
573 3263 730 3333 Registrum
748 3281 772 3315 a.
790 3263 815 3314 b.
830 3282 854 3317 c.
874 3274 925 3318 etc.
959 3262 1032 3315 Tum
1051 3282 1129 3328 vero,
1149 3263 1300 3333 posthunc
1320 3264 1401 3316 finem

348 3350 447 3422 pagina
466 3369 573 3415 aversa,
594 3369 662 3422 quae
688 3370 769 3403 vacua
789 3351 895 3416 fuisset,
925 3350 1045 3403 additum
1064 3359 1115 3412 est,
1142 3351 1216 3420 quasi
1244 3369 1338 3402 recens
1357 3370 1402 3403 re·

347 3449 472 3508 parturn,
492 3439 649 3491 Paradoxon
669 3449 768 3490 sextum
786 3437 938 3505 integrum,
963 3447 1070 3505 excepta
1096 3436 1270 3507 inscriptione
1289 3436 1402 3503 Graeca,

348 3544 417 3596 quae
437 3526 517 3578 ctiam
540 3528 569 3580 in
586 3525 696 3597 reliquis
714 3526 794 3578 deest.
837 3526 909 3578 Tum
927 3525 1025 3578 iterum
1050 3524 1171 3595 sequitur
1188 3525 1281 3583 linis5
1307 3523 1403 3577 deinde

346 3617 511 3683 Impressam
539 3614 657 3665 Venetiis
677 3632 728 3683 per
752 3614 951 3665 Bernardinum
977 3614 1009 3664 de
1028 3612 1121 3664 Cleonis
1146 3611 1178 3661 de
1197 3615 1324 3662 Cremona
1342 3621 1403 3675 etc„

346 3712 375 3754 ut
393 3700 549 3771 scripsimus
566 3700 594 3753 in
613 3698 704 3753 Indice
722 3699 874 3773 Apparatus
894 3700 986 3757 nostri.
1022 3699 1081 3752 Mr.

411 3780 489 3841 Ὅτι
506 3788 607 3850 μόνος
625 3788 807 3855 πλούσιος]
844 3787 950 3843 Graeca
968 3789 1064 3842 desunt
1079 3787 1107 3840 iu
1123 3787 1249 3840 omuibus
1268 3787 1350 3852 libris,
1370 3788 1397 3841 in

346 3876 445 3947 quibus
464 3894 495 3929 ea
513 3876 603 3930 deesse
620 3895 701 3947 supra
720 3876 839 3928 diximus.
875 3876 906 3928 {n
931 3875 980 3929 Ed.
1000 3875 1061 3928 Par.
1080 3878 1158 3930 15⁰7.
1185 3886 1224 3929 est
1250 3877 1295 3927 Oti
1315 3896 1403 3929 monos

345 3966 407 4017 tros
434 3964 530 4032 sopitos
552 3963 673 4032 plasios,·
700 3962 728 4015 in
746 3963 796 4017 Ed.
820 3963 906 4036 Lugd.
932 3964 980 4015 Oti
1002 3982 1092 4016 monos
1119 3964 1153 4016 Ιιο
1173 3964 1269 4032 sopitos
1290 3964 1403 4033 plusios.

346 4050 410 4105 Sola
431 4050 493 4103 Asc.
511 4052 590 4104 1511.
616 4049 695 4103 habet
722 4044 764 4103 iim
788 4049 866 4114 μόνος
890 4048 903 4104 o‘
927 4047 1066 4119 deiopeia
1084 4046 1223 4109 niodoaoce
1254 4051 1281 4103 in
1301 4068 1401 4121 marg.:

344 4141 398 4193 Alii
418 4138 531 4202 σοφός.
549 4137 790 4202 Edd.Vett.·1514.
803 4151 828 4194 et
843 4139 909 4211 Arg.
925 4139 1047 4192 exhibent
1066 4132 1108 4190 iias
1127 4133 1204 4200 μόνος
1224 4134 1301 4198 copia
1321 4136 1402 4187 niori-

344 4248 399 4287 σιος
418 4231 485 4282 ἐστί.
520 4226 675 4281 Lectionem
694 4228 814 4297 σώφρων,
843 4239 872 4280 ut
891 4227 982 4299 paullo
1001 4225 1113 4280 inferius
1130 4226 1291 4290 videbimus,
1319 4224 1401 4293 Borg.

344 4327 374 4394 ut
392 4335 468 4369 suam
489 4315 671 4369 coniecturam
691 4318 807 4387 profert;
831 4335 913 4389 quam
932 4314 998 4382 On,
1026 4326 1054 4369 ut
1073 4314 1136 4366 mihi
1162 4313 1269 4383 quidem
1291 4311 1403 4376 videtur,

344 4400 415 4459 iiaud
435 4405 571 4458 immerito
591 4403 685 4457 miram
705 4405 846 4477 appellarit
863 4403 1051 4475 suspicionem.
1087 4403 1117 4455 Μ
1124 4422 1145 4453 r.

418 4495 511 4546 Solam
531 4492 678 4561 sapientem
698 4515 754 4547 esse
774 4495 893 4559 divitem]
914 4492 1035 4547 Latinam
1054 4487 1255 4559 inscriptionem
1283 4505 1337 4538 non
1357 4483 1405 4537 ha-
