3517 5450
352 717 424 791 302
681 737 857 786 esmooxs
885 737 1078 787 sroroosurs.

350 906 503 978 defendam,
531 921 584 956 non
601 918 673 954 nos.
712 901 767 953 Cic.
787 900 820 953 de
839 900 925 954 Amic.
944 902 993 953 25:
1011 900 1059 951 sed
1076 899 1147 951 nihil
1165 900 1203 951 sie
1223 918 1287 952 me:
1306 902 1403 954 dedei-

348 999 427 1067 pione
446 996 533 1045 dicam
551 990 690 1043 libentius.
728 988 787 1041 Mr.

421 1085 451 1135 Si
469 1080 600 1134 censenda
617 1076 695 1130 nobis
714 1087 799 1149 atque
821 1077 991 1129 aestimanda
1012 1094 1054 1128 res
1072 1078 1103 1127 si
1109 1077 1133 1144 t]
1171 1078 1346 1143 „Censenda,
1363 1077 1404 1129 de-

353 1191 411 1225 cern
429 1182 539 1242 septem.
563 1168 642 1219 Unus
659 1166 812 1235 pensanda.
837 1164 910 1218 Alias
928 1164 1116 1218 recensenda.“
1135 1163 1215 1218 ΑΜ.
1235 1164 1325 1218 Man.
1358 1164 1405 1217 fla·

352 1263 397 1314 bet
414 1259 481 1313 cod.
500 1256 559 1310 Cra.
577 1261 601 1308 2.
637 1255 708 1306 Sed
723 1255 749 1306 si
757 1275 767 1315 ,-
792 1253 859 1308 Cod.
885 1253 964 1307 Suer.
986 1253 1142 1323 pensanda,
1160 1272 1261 1323 marg.
1290 1251 1362 1305 Crat.
1384 1264 1404 1305 et

351 1367 406 1402 var.
423 1346 482 1399 ieet.
501 1344 533 1397 H.
552 1342 648 1395 Wotfii
670 1342 862 1402 recensenda‚·
881 1340 932 1394 01.
950 1358 980 1401 ψ.
1001 1324 1099 1395 omittit
1117 1340 1202 1395 nobis.
1242 1340 1304 1395 Cn.
1319 1344 1344 1396 3.
1363 1360 1404 1393 no·

352 1435 412 1486 bilis
430 1433 509 1485 habet
526 1449 577 1503 pro
596 1427 682 1482 nobis.
720 1428 749 1480 In
770 1428 864 1481 eodem
884 1430 1005 1503 sequitur
1022 1430 1059 1480 sit
1070 1429 1227 1500 postnobis,
1246 1441 1276 1483 ut
1288 1432 1316 1486 io
1328 1431 1403 1483 Codd.

351 1520 416 1575 Ons.
434 1520 465 1572 E.
486 1520 506 1571 Ι.
523 1518 557 1570 Ν.
575 1516 647 1569 Gud.
665 1514 698 1569 B.
717 1515 796 1569 Suer.
815 1516 895 1569 Drsd.
906 1521 931 1568 2.
948 1521 975 1571 4.
994 1517 1112 1588 itemque
1130 1516 1159 1569 in
1179 1517 1231 1571 Ed.
1252 1519 1323 1571 Ven.
1335 1521 1403 1571 1191

348 1613 513 1682 (quaecum
535 1604 594 1658 Cre.
612 1608 637 1659 3.
672 1613 764 1656 tamen
791 1603 868 1657 babet
895 1614 936 1655 est
961 1615 1021 1675 post
1045 1604 1219 1656 aestimanda
1243 1606 1302 1674 res)
1320 1616 1346 1658 et
1361 1604 1402 1659 Ed.

353 1716 410 1769 prc.
427 1696 513 1748 Habet
531 1694 611 1747 etiam
629 1691 704 1744 Gud.
726 1691 757 1746 B.
783 1692 821 1743 sit
839 1702 900 1763 post
917 1701 985 1746 aest.
1004 1711 1046 1745 res
1062 1692 1216 1764 repetitum.
1263 1692 1358 1765 Neque
1373 1694 1403 1745 sit

352 1804 440 1858 neque
458 1795 500 1837 est
517 1782 616 1835 habent
634 1779 686 1833 Ox.
706 1780 741 1834 U.
761 1780 830 1844 Vict.
849 1780 918 1834 Rob.
936 1779 1028 1852 suph.
1046 1779 1131 1833 sottr.
1150 1780 1239 1847 Petu,
1259 1781 1289 1834 in
1306 1781 1402 1835 Suerio.

352 1876 450 1945 legitur
467 1870 668 1924 extimanda
688 1887 748 1929 res‚·
768 1867 796 1920 in
816 1868 896 1921 Drsd.
915 1872 940 1921 5.
963 1886 1005 1919 res
1028 1869 1066 1920 sit
1083 1867 1172 1934 nodis,
1199 1869 1229 1921 in
1248 1865 1345 1922 Dnisb.
1362 1887 1402 1921 no·

352 1966 393 2016 bis
411 1982 453 2016 res
472 1964 524 2025 sit,
542 1956 655 2012 ison.
677 1955 763 2009 uti.
781 1954 853 2008 Gud.
874 1954 905 2007 B.
924 1956 1106 2006 existimanda
1130 1956 1171 2025 (et
1199 1954 1247 2010 tin.
1274 1974 1330 2027 seq.
1347 1974 1401 2009 cure

353 2051 404 2105 Os.
421 2069 451 2113 ψ.
476 2050 673 2110 existimemus)
698 2044 816 2115 itemque
843 2043 871 2096 in
893 2044 951 2097 Cre.
971 2047 996 2096 2.
1022 2042 1079 2112 (hic
1097 2043 1144 2097 lin.
1163 2063 1220 2115 seq.
1246 2045 1401 2107 estinoessus,

353 2139 404 2195 Os.
422 2159 447 2199 a.
467 2139 647 2200 existimamt)
676 2132 794 2203 denique
820 2149 864 2182 res
881 2141 936 2183 est
963 2130 1062 2202 iegitur
1087 2132 1115 2184 in
1142 2132 1212 2186 Edd.
1234 2132 1318 2187 fldtb.
1343 2134 1400 2186 Veo.

354 2231 434 2285 1514.
452 2226 513 2280 Par.
532 2228 612 2279 1507.
634 2224 714 2275 1512.
732 2206 903 2291 Arg.'Lugd.
922 2218 1011 2271 Herw.
1037 2221 1113 2273 Cam.
1137 2219 1278 2274 Praestare
1306 2223 1343 2275 ait
1358 2220 1399 2275 Or.

353 2316 559 2370 Coniunctivum
579 2313 606 2363 in
626 2308 758 2364 eiusmodi
777 2307 958 2361 aestimatione
977 2306 1090 2379 exempli
1116 2320 1222 2363 tantum
1246 2328 1326 2364 causa
1351 2328 1399 2361 me·

345 2414 464 2457 'morata
500 2398 630 2454 Praetulit
649 2408 738 2451 tamen
756 2406 797 2447 est
817 2394 999 2448 Gsrnbardus.
1040 2386 1104 2448 Mox
1126 2398 1218 2466 pluris
1239 2400 1397 2451 aestime-

353 2492 464 2544 bimus
482 2490 580 2562 iegitur
597 2488 624 2540 in
644 2485 711 2538 Edd.
729 2483 802 2538 Crat.
819 2483 893 2537 Men.
912 2482 1004 2555 Magn.
1023 2485 1116 2539 Lamb.
1136 2484 1223 2540 Suttr.
1242 2488 1330 2557 Petu,
1356 2505 1398 2539 no·

353 2584 411 2637 stris
439 2575 606 2633 ventsse.
627 2577 705 2629 1514.
733 2574 792 2626 Por.
812 2577 892 2627 15⁰7.
910 2575 987 2626 1512.
1007 2577 1085 2628 tosa.
1101 2573 1167 2645 Arg.
1191 2572 1278 2647 Lugd.
1306 2574 1398 2629 Attin·

354 2673 453 2732 tribus,
473 2666 585 2720 Lambb.
602 2663 682 2717 Goth.
701 2661 757 2716 cot
776 2662 851 2736 Sylb.
870 2662 902 2717 H.
923 2659 1010 2716 Wott.
1029 2661 1131 2715 Sturm.
1152 2664 1214 2716 Car.
1231 2662 1324 2736 Steph.
1337 2662 1396 2717 tm.

352 2762 410 2814 Tat.
428 2759 517 2811 Herw.
537 2755 614 2807 Cam.
650 2752 707 2805 Mr.

422 2845 524 2915 Pyrrlu
549 2871 584 2883 «-
602 2841 737 2909 Fabricio]
783 2841 941 2909 „Fabricius
963 2840 1093 2894 Luscinus
1118 2839 1289 2911 temporibus
1312 2837 1397 2913 Pyrrhi

354 2936 424 2988 dono
443 2932 492 2986 sibi
510 2931 544 2984 ab
564 2949 596 2983 co
614 2929 718 2995 oblata,
738 2931 914 3001 quibuscum
935 2941 1130 3000 corrumperet,
1149 2929 1310 2999 repudiavit.
1347 2928 1398 2981 Vid.

355 3020 490 3074 Plutarch.
508 3021 536 3071 in
557 3018 617 3070 Vita
632 3017 729 3089 Pyrrhi
749 3022 793 3071 2⁰.
811 3016 867 3072 Cic.
886 3019 919 3070 de
939 3017 997 3071 Off.
1016 3017 1037 3084 Ι,
1055 3021 1100 3072 13.
1118 3017 1216 3071 Tuscc.
1231 3019 1277 3084 111,
1290 3023 1332 3074 23.
1352 3017 1399 3070 vat.

353 3108 423 3160 Mas.
443 3107 489 3169 lV,
507 3109 533 3159 3.
576 3104 623 3157 Est
638 3115 735 3156 ‘autem
762 3104 787 3157 h.
807 3105 824 3157 Ι.
853 3106 970 3159 notanda
995 3106 1121 3177 exquisita
1149 3107 1313 3178 significatio
1338 3106 1399 3161 vocis

354 3197 418 3247 dare
437 3213 487 3265 pro
506 3193 619 3258 offerre,
646 3209 714 3263 quoe
740 3191 898 3263 significatio
924 3193 986 3247 item
1009 3195 1037 3245 in
1063 3193 1171 3247 Graeco
1197 3197 1281 3249 verbo
1308 3189 1401 3248 onim·

283 3323 286 3329 .
355 3284 428 3338 vetet.
467 3282 508 3335 td
529 3303 552 3336 v.
572 3281 764 3333 continentiam
784 3280 815 3332 H.
833 3279 965 3333 Woifins:
985 3277 1162 3352 „usiseipsrmr
1181 3283 1290 3337 videtur
1308 3283 1350 3337 tie
1365 3282 1401 3334 di·

355 3391 431 3440 eere,
461 3392 516 3425 non
539 3367 697 3440 ἐγκράτειαν.
744 3369 911 3423 Abstinentia
935 3388 997 3422 vero
1029 3369 1110 3423 virtus
1136 3369 1200 3424 huic
1222 3384 1339 3443 cognata
1362 3381 1400 3435 est,

355 3481 417 3516 cum
437 3480 492 3514 non
512 3459 666 3530 accipimus,
684 3457 755 3510 unde
774 3477 829 3511 non
846 3458 938 3511 decet:
958 3476 1027 3529 quae
1045 3456 1156 3511 Graecis
1175 3470 1216 3512 est
1235 3457 1402 3528 ἅδιαφθορία,

354 3545 386 3599 τὸ
404 3547 549 3601 ἀδέκαστον
568 3552 611 3599 καὶ
626 3542 854 3615 ἀδωροδόκητον.“
902 3545 963 3597 Νοη
990 3544 1166 3611 narrationis,
1192 3548 1240 3600 sed
1269 3549 1402 3603 sententis·

355 3655 416 3689 rum
439 3655 516 3689 causa
536 3635 726 3698 adscribimus,
752 3652 820 3704 quse
839 3644 902 3686 sunt
920 3632 1020 3685 Valerii
1037 3633 1144 3686 Maximi
1165 3634 1184 3688 1.
1202 3655 1243 3689 c.:
1270 3639 1403 3691 Continen-

354 3726 409 3776 tiae
428 3741 495 3776 suae
512 3724 636 3792 beneficio
655 3723 712 3774 sine
721 3722 838 3790 pecunia
852 3722 1005 3790 praedives,
1024 3723 1081 3773 sine
1093 3741 1144 3774 usu
1162 3723 1297 3792 familiae
1308 3723 1403 3778 munde

356 3814 508 3874 comitatus,
526 3813 591 3883 quia
608 3809 766 3879 locupletem
783 3809 861 3860 illum
875 3808 1001 3879 faciebat
1020 3828 1073 3860 non
1091 3811 1179 3860 muita
1195 3815 1350 3881 possidere,
1365 3811 1404 3864 sed

355 3899 457 3950 modica
476 3899 633 3953 desiderare.
676 3900 750 3968 Ergo
769 3889 953 3962 damascius,
980 3896 1200 3967 queamdmodum
1227 3919 1292 3953 aere
1316 3913 1344 3953 et
1365 3919 1404 3952 ar·

352 3997 433 4055 genta
450 3995 478 4037 et
496 3986 636 4054 mancipiis
652 3987 815 4038 Samnitium
832 4002 935 4049 vacuo,
961 3984 1003 4034 ita
1026 3985 1116 4055 gloria
1132 4003 1167 4036 ex
1185 3986 1231 4038 Itis
1256 3989 1405 4058 contemptis

353 4086 438 4142 parta
457 4074 562 4144 referta
578 4073 648 4144 suit.
686 4073 740 4126 Pro
759 4075 862 4145 Pyrrhi
879 4084 918 4126 cst
934 4073 1004 4142 pirri
1021 4073 1049 4124 in
1069 4076 1127 4125 Cra.
1146 4076 1188 4138 2.,
1206 4078 1276 4143 puri
1294 4077 1323 4130 in
1343 4075 1404 4129 Gud

341 4151 400 4229 'B.;
419 4163 447 4215 in
467 4160 546 4214 Drsd.
565 4166 592 4215 5.
611 4156 730 4233 ααὲ’ρτο
749 4181 801 4226 aa,
826 4164 853 4215 in
873 4160 923 4215 0¹.
943 4160 975 4212 N.
995 4160 1084 4212 anima
1104 4179 1153 4230 pro
1171 4161 1261 4215 illam.
1314 4161 1405 4217 Gens.

355 4249 382 4302 in
401 4267 457 4304 uno
476 4248 526 4302 Os.
546 4250 594 4319 [m]
615 4261 641 4303 et
659 4269 714 4303 uno
733 4251 804 4321 apud
825 4249 1007 4321 Verburgium
1031 4249 1117 4301 omitti
1142 4267 1239 4302 rocem
1256 4255 1404 4320 pecuniose:

355 4339 427 4392 unde
447 4338 698 4410 patst'Geruhardo
718 4358 772 4391 nou
792 4339 871 4392 tuisse
890 4339 922 4392 ad
950 4356 1059 4390 manum
1079 4338 1146 4393 Edt.
1165 4337 1301 4412 Gruteri,
1319 4341 1406 4396 sebre-

356 4426 413 4478 velii
432 4436 459 4478 et
477 4425 621 4495 Gronovii,
640 4445 709 4501 quse
728 4426 825 4498 babent
843 4427 912 4481 hanc
931 4426 1041 4479 Gruteri
1058 4426 1281 4484 annotationem
1309 4428 1407 4499 „Dictis

354 4514 496 4579 pecuniam
514 4535 570 4570 non
589 4518 672 4571 est'in
693 4516 759 4569 eod.
778 4515 862 4570 Palat.
883 4527 942 4571 tert.
958 4526 997 4568 -et
1016 4525 1118 4587 poterat
1134 4516 1230 4570 abesse
1257 4519 1330 4575 salsa
1355 4536 1408 4573 sen·
