3517 5450
694 728 889 776 rtntooxon
912 729 942 776 v.
976 732 1045 779 car.
1064 733 1086 779 1.
1332 708 1405 782 221

358 907 499 961 perperam
511 888 683 944 coniunctam
696 887 810 944 exbibet:
831 891 878 960 qui
892 907 930 941 ne
942 889 1047 961 legibus
1064 889 1198 960 quidem
1216 910 1282 943 non
1297 904 1408 962 prepter

356 989 452 1030 metum
469 988 560 1048 paret.
596 976 639 1030 De
657 976 801 1032 (lodicibus
819 975 899 1030 MSS.
920 976 1093 1030 annotatione
1107 977 1226 1048 proxime
1236 978 1408 1032 antecedente

356 1063 520 1118 monuimus·
555 1064 612 1117 Mr.

423 1153 475 1204 secl
487 1170 535 1204 ens
553 1150 676 1223 sequitur
694 1161 778 1221 atque
800 1150 891 1218 colit‚]
930 1154 1004 1210 „Eas
1021 1162 1048 1202 et
1067 1151 1146 1223 colit,
1166 1171 1248 1206 unus:
1267 1163 1294 1204 et
1312 1171 1409 1224 super·

355 1238 455 1294 addito.
491 1241 537 1290 Et
554 1239 633 1303 colit,
652 1257 757 1293 norem.
793 1239 844 1291 Ae
862 1237 944 1305 colit,
963 1241 1060 1293 unus.“
1080 1238 1154 1293 Ata.
1173 1240 1259 1295 Man.
1302 1240 1409 1297 Habent

354 1338 385 1378 et
404 1328 470 1380 colit
493 1325 1043 1383 Codd.01.E.Duisb.1)rnt.1.a.4.
1087 1326 1169 1395 Quod
1197 1328 1279 1400 igitur
1303 1330 1409 1402 scripsit

356 1415 403 1469 Or.
425 1415 543 1470 Codices
563 1415 666 1488 aliquot
691 1413 789 1467 habere
807 1432 852 1478 σο,
880 1414 1025 1468 dicendum
1054 1415 1105 1469 fuit
1128 1415 1231 1486 aliquot
1255 1416 1352 1470 habere
1370 1429 1407 1484 et,

355 1523 440 1558 unurn
459 1522 502 1557 σο.
539 1502 581 1557 Ad
600 1501 758 1556 sententiam
776 1502 872 1557 confer
889 1503 948 1557 cic.
965 1502 999 1556 de
1017 1503 1098 1575 Legg.
1118 1503 1138 1569 l,
1157 1508 1201 1571 14,
1220 1508 1264 1559 4⁰.
1298 1504 1358 1562 Mr.

423 1593 492 1665 quia
509 1591 540 1642 id
563 1591 685 1644 salutare
707 1591 821 1642 maxime
845 1608 903 1643 esse
926 1590 1060 1658 iudicot:]
1110 1592 1167 1658 „nt
1189 1592 1262 1664 quod
1283 1593 1406 1644 salutare

354 1680 476 1745 maxime,
495 1689 565 1732 octo.
600 1678 680 1748 Quod
695 1678 726 1729 id
737 1677 861 1731 salutare
871 1679 993 1745 maxime,
1012 1690 1078 1733 tres..
1108 1680 1145 1733 ld
1158 1680 1231 1752 quod
1240 1689 1281 1732 est
1294 1680 1407 1732 maxime

353 1769 491 1832 nabitare,
511 1768 607 1820 unus.“
625 1764 699 1819 Atd.
718 1765 805 1819 Man.
841 1765 930 1834 „Pitln
955 1767 992 1818 Id
1006 1768 1078 1839 quod
1100 1766 1251 1821 εσέιιίσνοέι
1285 1767 1407 1822 Graee.

353 1855 421 1909 lllud
438 1855 470 1905 id
488 1855 560 1928 quod
575 1852 674 1908 babent
692 1851 780 1907 Codd.
802 1853 880 1906 Drsd.
900 1857 926 1906 1.
944 1856 985 1919 3.;
1014 1855 1127 1926 quodid
1144 1853 1195 1908 Ox.
1214 1876 1239 1925 η.
1268 1855 1362 1908 Duisb.
1381 1864 1407 1907 et

355 1943 432 1997 Gud.·
446 1942 496 2008 B.;
515 1942 610 2013 quiid
629 1941 714 1995 Codd.
733 1939 791 1996 Cra.
811 1945 836 1995 l.
854 1940 905 1996 Or.
923 1940 954 1993 E.
974 1941 1053 1996 Drsd.
1073 1947 1114 2006 2.;
1134 1943 1165 1994 id
1181 1944 1247 2015 quia
1265 1942 1336 1996 Gud.
1356 1943 1404 2008 A.;

354 2033 422 2082 idem
442 2030 549 2102 quidem
567 2030 647 2085 Drsd.
665 2036 689 2086 5.
726 2031 755 2083 ln
776 2029 834 2082 Cra.
853 2033 878 2083 l.
905 2041 944 2084 est
961 2030 1085 2083 salutare
1102 2031 1215 2081 maxime
1233 2030 1351 2097 iudicat,
1376 2034 1404 2084 in

352 2118 409 2172 Cre.
428 2125 455 2173 2.
473 2138 490 2172 a
508 2137 550 2190 pr.
567 2138 605 2172 m.
626 2119 699 2190 quod
721 2119 834 2170 maxime
859 2127 902 2170 est
920 2118 1059 2170 salutare:
1085 2118 1131 2173 sed
1158 2119 1251 2172 eadem
1278 2120 1405 2173 correxit:

352 2208 424 2278 quod
440 2207 556 2259 maxime
573 2207 679 2259 iudicat
697 2206 839 2267 saturam
857 2204 964 2260 Suerin.
983 2207 1063 2278 idque
1081 2206 1205 2259 salutare
1222 2226 1279 2261 esse
1291 2210 1404 2259 inaximo

352 2296 423 2363 iud„
443 2294 569 2349 scribitur
585 2314 642 2348 esse
660 2297 773 2348 maxime
792 2295 871 2351 etiam
889 2296 918 2348 in
938 2294 1025 2350 Codd.
1043 2294 1115 2349 Gud.
1133 2295 1164 2348 B.
1181 2294 1276 2350 Duisb.
1292 2295 1403 2349 Drsd.4.

353 2383 381 2436 ln
400 2382 483 2435 Drsd.
502 2387 529 2438 5.
547 2393 585 2436 est
603 2384 716 2436 maxime
733 2385 857 2438 solutore
875 2385 996 2448 iudicet,
1023 2383 1052 2436 in
1071 2385 1128 2436 Cre.
1141 2386 1166 2439 ³.
1192 2385 1306 2435 maxime
1327 2384 1404 2434 sulu-

351 2481 411 2523 tore
429 2489 487 2523 esse
503 2470 560 2525 iud.
596 2468 645 2523 Or.
663 2491 692 2526 er
710 2470 761 2524 Et.
778 2491 836 2542 pre.
860 2483 886 2525 et
905 2470 974 2525 Vict.
994 2471 1109 2525 enotavit
1133 2472 1206 2542 quod
1228 2472 1352 2523 salutare
1370 2490 1405 2526 m.

350 2579 372 2614 e.
390 2559 465 2626 iud„
491 2558 564 2629 quod
583 2570 622 2612 est
637 2559 717 2613 etiam
735 2559 764 2612 in
782 2559 832 2612 Ed.
861 2559 930 2612 Rob.
957 2557 1049 2630 Steph.
1076 2556 1158 2612 Solus
1184 2558 1257 2613 Gud.
1274 2558 1307 2613 Α.
1326 2558 1405 2612 habet

352 2647 477 2699 salutare
495 2647 608 2698 maxime
624 2656 740 2716 putat.
776 2646 839 2699 Mor
855 2646 927 2699 idem
945 2646 1033 2706 nichil
1047 2645 1165 2717 cogitat,
1189 2646 1274 2698 nictit
1291 2647 1402 2717 denique

344 2735 441 2805 facit:
465 2735 577 2788 verbum
595 2753 651 2788 esee
670 2735 797 2789 omittunt
814 2736 894 2790 etiarn
914 2734 1002 2789 codd.
1019 2735 1079 2787 Bas.
1099 2746 1125 2788 et
1143 2732 1233 2788 Guelf.
1269 2736 1329 2790 Mr.

421 2823 476 2876 nisi
492 2823 607 2876 libenter
625 2842 658 2875 ac
675 2823 781 2891 liberes]
818 2824 976 2890 „Libenter,
1007 2824 1024 2875 i.
1042 2842 1065 2876 e.
1085 2841 1141 2876 non
1166 2823 1323 2877 muneribus
1341 2843 1404 2877 eor·

350 2922 461 2983 ruptus,
480 2931 537 2965 non
555 2912 640 2983 gratia
659 2912 742 2965 rictus
760 2921 806 2965 aut
824 2910 915 2964 odio.“
934 2912 1030 2981 Xyet.
1049 2909 1161 2964 Betul.
1205 2909 1319 2977 „Libere
1347 2911 1363 2963 i.
1381 2930 1406 2963 e.

351 3000 425 3053 nulla
445 2999 590 3072 cupiditate
607 3000 735 3053 suadente
755 2999 1053 3070 autcogente.“1⁴'rc.
1073 2997 1092 3050 S
1099 2998 1164 3070 yle.
1200 2998 1346 3065 „Libenter
1364 3009 1402 3052 est

350 3108 412 3144 cum
432 3088 579 3160 voluptate:
597 3087 678 3140 tibere
696 3088 808 3141 estsine
827 3088 976 3142 coactione.
1012 3086 1086 3141 llaec
1102 3085 1138 3140 ita
1157 3104 1218 3139 mox
1236 3082 1402 3155 explicantur

348 3196 363 3229 a
382 3174 532 3242 Cicerone,
552 3186 584 3226 ut
601 3175 642 3226 nil
654 3175 749 3246 saciat
767 3175 885 3240 invitus,
903 3175 943 3226 nil
960 3174 1065 3241 dolena,
1083 3173 1124 3226 nil
1140 3178 1275 3226 οοοοέιιο.α
1293 3173 1400 3244 Wytt.

349 3262 418 3317 cod.
438 3262 519 3315 Drsd.
537 3266 564 3317 4.
591 3260 694 3316 exbibet
721 3261 795 3334 quod
810 3280 862 3313 non
880 3260 934 3314 nisi
950 3260 1071 3317 libenter.
1108 3262 1175 3315 cod.
1192 3261 1287 3314 Duisb.
1314 3270 1347 3311 et
1368 3259 1403 3310 li-

349 3349 415 3406 bere.
453 3349 512 3405 Mr.

420 3439 501 3492 Nihil
518 3439 621 3511 cogitat
639 3466 674 3477 ·-
692 3439 745 3489 nisi
763 3465 798 3477 -
816 3434 908 3503 libere]
939 3435 1026 3503 „Nam
1050 3436 1139 3488 bonus
1157 3434 1196 3486 vir
1214 3453 1299 3505 aeque
1317 3435 1401 3487 ratio·

348 3547 410 3581 nern
429 3526 509 3581 habet
527 3525 719 3597 cogitationum
738 3544 771 3580 ac
787 3525 922 3579 dictorum
942 3535 968 3578 et
986 3524 1127 3578 factorum.
1168 3521 1210 3575 De
1238 3540 1293 3592 quo
1320 3540 1399 3593 egre·

347 3616 390 3687 gie
408 3614 449 3669 Μ.
466 3615 620 3668 Antoninus
638 3614 774 3686 praecepit
791 3611 838 3668 lll.
857 3619 909 3665 τῶν
927 3616 962 3672 είς
977 3611 1078 3667 ἑαυτόν.
1098 3609 1132 3682 [5.
1145 3612 1184 3679 4.]
1203 3614 1322 3663 ἐθιστέον
1340 3610 1400 3661 ἔαυ-

345 3700 391 3754 τόν
408 3697 764 3767 abrenuntiaremus&
783 3685 1185 3771 ὦνείτιςᾶφνοιδιανέροιτο,
1209 3706 1238 3751 τί
1265 3701 1316 3767 νῷν
1339 3700 1401 3750 δια-

345 3794 408 3863 νοῇς
425 3786 494 3855 μετά
511 3790 659 3861 παρρησίας
682 3792 844 3860 παραχρῆμα
869 3785 901 3843 ἂν
925 3787 1091 3860 ἀποκρίναιο,
1118 3782 1160 3841 ’ὅτι
1184 3784 1216 3840 ci
1234 3792 1277 3839 καί
1294 3784 1349 3838 τὸ·.
1366 3782 1400 3844 ὦς

344 3877 476 3939 aanor
496 3874 577 3937 εάθιλς
595 3880 665 3948 δῆλοι
682 3870 763 3943 εἶναι,
787 3870 828 3930 ὅτι
854 3877 941 3930 πάντα
965 3873 1037 3929 (iniri
1060 3881 1104 3930 καί
1130 3872 1236 3944 εὐμενῆ,
1265 3880 1309 3927 καί
1334 3870 1399 3933 ζώου

344 3968 507 4029 κοινωνικοῦ,
526 3970 570 4018 καί
586 3961 743 4027 ἀμελοῦντος
760 3960 901 4034 ἡδονικῶν,
928 3959 1088 4034 ἢκαθάπαξ
1113 3959 1311 4017 ἀπολαυστικῶν
1336 3984 1401 4024 φαν-

343 4051 501 4117 τασμάτων,
526 4047 543 4121 ἢ
568 4056 721 4115 φιλονεικίας
739 4051 818 4112 τινός.
860 4052 956 4105 Addit:
976 4046 989 4102 i
1006 4049 1057 4122 reip
1077 4048 1142 4122 ἀνήρ
1162 4048 1174 4104 e‘
1192 4055 1325 4116 τοιοῦτος,
1353 4047 1399 4101 erin

343 4142 382 4193 i're
399 4137 617 4212 ὑπερτιθέμενος,
635 4133 666 4193 ri
685 4136 720 4199 nic
738 4144 764 4193 έν
783 4138 900 4212 ἀρίστοις
919 4137 971 4208 ἤδη
990 4132 1063 4204 εἶναι,
1081 4140 1161 4209 ἱερεύς
1179 4159 1219 4198 τις
1238 4144 1282 4191 καί
1300 4134 1398 4207 ὑπουρ-

342 4227 388 4296 γός
407 4232 492 4292 θεῶν,
509 4225 642 4299 χρώμενος
662 4232 762 4298 καὶτῷ
785 4230 858 4283 {bion
876 4230 1004 4303 ἱδρυμένῳ
1029 4224 1128 4290 αὐτοῦ,
1155 4224 1169 4277 ii
1187 4230 1327 4296 παρέχεται
1354 4216 1400 4275 τάν

342 4314 487 4388 ἄνθρωπον
504 4312 634 4387 ἄχραντον
653 4312 779 4385 ἡδονῶνέ*
799 4316 983 4371 Graevius.
1021 4314 1081 4371 vid.
1094 4314 1164 4369 Edit.
1175 4312 1269 4367 Gatalr.
1282 4333 1308 4384 p.
1318 4314 1352 4366 69
1360 4331 1399 4382 sq.

345 4402 395 4460 Ed.
414 4403 508 4475 Glasg.
527 4424 553 4475 p.
574 4406 617 4458 19.
653 4402 715 4457 Mr.
747 4409 750 4416 '

413 4494 519 4545 cuius
544 4491 632 4545 omnia
656 4492 767 4545 consilia
787 4522 820 4533 -
840 4492 880 4544 ab
899 4493 976 4564 ipso
991 4490 1213 4563 proficiscuntur]
1249 4487 1278 4540 Si
1292 4487 1399 4562 ¹adiun-
