3517 5450
437 696 511 771 340
848 718 1010 766 excursus
1038 720 1082 766 vr.

436 881 566 936 ritatilrns
585 882 644 950 ipsu
664 900 698 933 re
716 891 748 931 et
769 882 910 933 ratione
935 882 1074 952 exquirere
1099 897 1242 950 passumus
1260 885 1414 936 veritatem.
1444 885 1489 950 [lo-

437 992 483 1027 cus
507 982 544 1024 est
569 989 591 1023 c.
613 972 656 1035 tr,
675 970 728 1036 51]
778 969 889 1022 Vincere
914 981 1002 1023 autem
1023 987 1073 1040 pro
1092 969 1210 1021 evincere
1230 968 1398 1023 tritissimum
1419 970 1489 1025 Cice-

436 1063 505 1115 roni.
553 1058 648 1114 Matius
677 1059 703 1111 in
723 1058 780 1111 Lib.
800 1057 843 1109 Xl.
862 1057 896 1109 ad
915 1057 1019 1109 Famm.
1037 1075 1080 1129 ep.
1099 1058 1148 1109 28:
1173 1057 1214 1108 A!
1242 1056 1322 1110 debeo
1345 1077 1398 1127 pro
1426 1059 1490 1110 civili

435 1160 515 1221 parte
533 1146 737 1216 rempublicam
756 1146 821 1198 velle
839 1146 957 1201 salvam.
1003 1146 1038 1196 Id
1063 1144 1169 1216 quidem
1194 1162 1236 1196 rna
1259 1163 1373 1214 cupere,
1400 1148 1451 1199 nisi
1466 1159 1490 1199 et

438 1248 502 1289 ante
520 1245 585 1288 acta
605 1237 663 1287 vita
690 1235 842 1306 etreliqua
860 1252 918 1285 mea
937 1251 1009 1303 spes,
1036 1242 1142 1285 tacente
1160 1252 1216 1299 me,
1241 1234 1360 1304 probat,
1390 1237 1490 1288 dicendo

438 1328 471 1376 vi
478 1346 574 1378 nuere
592 1345 632 1379 me
650 1344 702 1377 non
718 1321 835 1393 postula.
872 1319 1004 1392 Superius
1022 1320 1050 1372 in
1070 1318 1127 1373 ead.
1145 1319 1279 1393 Epistola:
1296 1324 1411 1392 perinde
1429 1343 1459 1374 ac
1472 1327 1492 1375 sr'

438 1417 492 1467 iam
512 1415 669 1467 vicerint
688 1412 789 1464 obitum
807 1412 865 1463 eius
884 1411 923 1461 rei
939 1407 1064 1479 publicae
1077 1408 1170 1479 fuisse
1190 1409 1295 1464 utilem.
1333 1409 1431 1464 Cicero
1450 1431 1493 1482 pro

440 1503 564 1557 Cluentio
585 1499 663 1573 [Cap.
684 1500 834 1567 44,124.]:
863 1499 964 1549 Vince
983 1496 1075 1548 deinde
1103 1497 1191 1548 virum
1218 1496 1316 1550 bonurn
1329 1499 1426 1567 fuisse
1444 1502 1492 1566 Op-

438 1594 603 1664 pianicum.“
639 1589 822 1643 Graevius.

511 1678 580 1744 „Hic
599 1677 673 1730 locus
692 1676 764 1728 valde
784 1687 887 1728 vexatus
907 1685 944 1728 est
963 1685 988 1727 et
1009 1673 1182 1726 librariorum
1200 1674 1229 1727 in
1248 1674 1398 1727 scribendo
1417 1673 1492 1728 varie·

440 1780 492 1824 tate
513 1779 538 1821 et
558 1767 674 1819 virorum
693 1765 834 1818 doctorum
853 1764 880 1816 in
900 1762 1071 1816 emendando
1099 1774 1124 1815 et
1143 1761 1310 1833 explicando.
1357 1762 1492 1833 Optimum

441 1855 529 1927 putavi
548 1873 610 1907 cum
629 1851 744 1905 Graerio
770 1851 906 1922 corrigere
931 1849 1010 1902 rebus
1028 1851 1134 1902 vincam
1157 1852 1333 1913 necessariis,
1363 1852 1381 1903 i.
1400 1871 1423 1904 e.
1451 1851 1493 1903 de·

441 1943 596 1997 monstrabo
615 1940 761 2013 perspicuis
780 1952 805 1993 et
825 1939 972 1992 necessario
992 1939 1059 1991 seris
1078 1938 1271 2010 argumentis.“
1307 1938 1388 1993 Ern.

513 2028 624 2095 „liebus
643 2030 688 2080 ad
694 2030 827 2080 vincam
846 2027 1020 2090 necessariis,
1046 2027 1063 2079 i.
1082 2046 1105 2079 e.
1125 2026 1229 2080 invictis
1246 2028 1419 2098 argumentis
1437 2045 1493 2098 pro·

441 2114 520 2172 babo.
558 2116 610 2169 Atii
628 2116 704 2170 aliter
724 2115 825 2186 legunt.
862 2113 1016 2167 Manutium
1035 2125 1061 2168 et
1080 2113 1225 2168 Graevium
1236 2115 1388 2186 sequimur.
1428 2114 1493 2182 [Non

440 2205 560 2278 sequitur
579 2224 624 2258 eos
641 2205 712 2257 viros
730 2203 802 2276 quod
821 2204 853 2257 ad
874 2203 1030 2257 lectionem:
1050 2202 1143 2273 legunt
1162 2202 1234 2254 enirn
1253 2202 1351 2264 aliter3
1375 2203 1422 2256 sed
1440 2221 1493 2255 sen-

441 2294 550 2348 tentiam
570 2291 620 2344 loci
647 2291 759 2344 eandem
779 2311 833 2344 esse
850 2292 922 2356 vult,
942 2311 1023 2363 quam
1043 2291 1103 2360 illi]
1139 2291 1226 2343 Porro
1245 2291 1337 2362 quarti
1358 2290 1494 2345 buiusPa-

442 2381 532 2435 radoni
550 2379 637 2433 solum
657 2378 708 2432 boc
717 2391 815 2432 exstare
834 2381 998 2451 principium
1009 2391 1098 2434 censet
1107 2378 1259 2451 Scioppius.
1287 2378 1414 2451 Reliqua,
1433 2399 1493 2451 quae

441 2480 605 2542 sequuntur,
625 2467 696 2521 aliud
716 2468 831 2538 probare
850 2468 1009 2533 intendunt,
1027 2468 1114 2520 solum
1131 2465 1230 2520 seilicet
1248 2467 1401 2536 sapientem
1420 2469 1493 2518 cisen

440 2575 512 2625 esse,
533 2576 621 2610 onmes
638 2566 729 2608 autern
747 2558 847 2608 stultos
865 2575 922 2608 esse
939 2557 1060 2611 exules.“
1097 2554 1311 2609 Lallemand.

512 2645 583 2711 „Vir
601 2645 710 2710 doctus,
730 2644 820 2697 nescio
839 2645 913 2715 quis,
932 2645 1060 2697 coniecit:
1079 2643 1219 2696 rebusad
1245 2646 1361 2696 vitam
1378 2661 1493 2697 necessa·

441 2735 489 2787 riis
507 2734 689 2805 indigum.⁴‘
724 2733 953 2805 Oudendorp.
972 2734 1005 2787 ad
1024 2733 1125 2806 Appul.
1142 2733 1207 2787 Met.
1225 2732 1270 2786 IX.
1289 2752 1318 2803 p.
1340 2736 1402 2788 615.

511 2820 620 2886 „Rebus
640 2820 764 2872 addicam
783 2852 825 2876 -.
872 2822 1006 2874 Addicere
1029 2821 1176 2876 secundum
1204 2822 1315 2875 Festum
1342 2834 1382 2877 est
1400 2841 1493 2895 appro-

442 2909 643 2963 benedicendo:
663 2929 705 2962 res
715 2921 803 2963 autem
823 2930 873 2981 pro
891 2910 993 2963 ratione
1011 2921 1037 2964 et
1047 2921 1206 2981 argumento
1225 2910 1324 2980 passim
1339 2912 1494 2984 reperitur.“

441 2996 631 3051 Facciolat.
659 2997 751 3064 [Face.
776 2998 803 3050 in
824 2998 937 3050 eundem
958 3017 1082 3056 errorem
1100 2998 1209 3063 incidit,
1229 2999 1256 3052 in
1278 3019 1336 3070 quo
1363 3013 1422 3055 erat
1442 2998 1494 3054 All.

441 3084 598 3151 Manutius]
647 3084 843 3138 Witbolius
868 3087 896 3138 in
917 3084 1085 3142 Coniecturis
1108 3087 1141 3140 ab
1161 3085 1195 3142 Α.
1213 3086 1246 3142 ll.
1265 3088 1409 3142 Grimmio
1427 3088 1492 3143 editis

441 3192 466 3231 a.
483 3174 562 3225 1198.
579 3171 598 3224 l.
619 3192 644 3243 p.
665 3174 726 3226 tat.
747 3175 900 3245 proposuit:
925 3175 1004 3228 rebus
1031 3174 1172 3228 advitam
1196 3177 1361 3229 necessariis
1380 3197 1438 3231 esse
1453 3178 1493 3228 in-

441 3262 583 3332 dignum
606 3281 752 3333 quoque,
783 3272 912 3313 testor:
945 3282 995 3334 pro
1015 3282 1070 3333 quo
1088 3260 1238 3315 Grimmius
1263 3282 1278 3316 e
1306 3262 1379 3318 Cod.
1408 3263 1492 3316 Duisb.

440 3349 532 3403 suadet
548 3359 651 3417 putem.
687 3348 777 3417 Quam
785 3349 909 3403 withofii
928 3352 1110 3405 coniecturam
1122 3348 1261 3404 Sobiitaius
1280 3351 1383 3406 merito
1402 3350 1492 3403 mirurn

440 3437 503 3490 dixit
520 3456 575 3489 esse
593 3449 786 3491 commentum.
821 3436 881 3492 ΜΓ.

511 3525 628 3596 „Magna
648 3537 686 3580 est
704 3525 840 3579 diversitas
860 3527 1007 3598 scripturae
1026 3524 1104 3578 buius
1129 3523 1180 3578 loci
1203 3525 1229 3577 in
1250 3522 1342 3578 Codd.
1361 3523 1490 3596 Interpre-

441 3625 479 3667 tes
501 3613 622 3686 plerique
641 3613 694 3667 boc
711 3615 745 3668 ita
765 3627 944 3686 acceperunt,
968 3615 1044 3687 quasi
1067 3614 1204 3668 diceretur
1229 3632 1279 3684 pro
1307 3614 1492 3667 demonstrabo

440 3700 592 3754 necessariis
616 3703 788 3773 argumentis.
831 3702 884 3755 Sed
910 3703 1046 3774 sequentia
1074 3702 1134 3755 satis
1158 3702 1277 3774 produnt
1304 3722 1437 3774 magnam
1459 3702 1495 3755 bio

439 3807 494 3841 esse
521 3787 661 3853 lacunam,
695 3801 720 3843 et
748 3791 854 3845 nonnisi
880 3792 987 3845 initium
1013 3791 1104 3845 adesse
1129 3790 1207 3844 buius
1233 3790 1369 3844 Paradosi
1403 3808 1492 3843 omnen

438 3875 556 3927 stultum
574 3876 707 3942 insanire,
733 3898 817 3950 usque
843 3880 876 3935 ad
895 3880 961 3935 baec
980 3882 1057 3935 verba
1077 3881 1124 3933 sed
1142 3881 1288 3931 dementem
1307 3890 1335 3931 et
1355 3881 1492 3943 insanum:

437 3962 540 4034 reliqua
561 3973 649 4016 autem
667 3963 745 4017 rebus
763 3996 797 4007 -
817 3971 990 4033 necessariis,
1016 3980 1042 4024 et
1060 3988 1135 4040 seqq.
1156 3986 1241 4039 usque
1266 3967 1301 4020 ad
1321 3967 1424 4032 finem,
1449 3983 1495 4019 esse

438 4069 608 4122 progressum
628 4050 735 4106 alterius
753 4054 881 4110 Paradosi
902 4077 1000 4110 omnem
1018 4055 1165 4127 improbum
1183 4075 1240 4108 esse
1258 4057 1381 4123 exulem,
1403 4057 1436 4109 de
1448 4071 1493 4127 quo

439 4138 518 4191 tradit
539 4138 671 4193 Stobaeus
686 4142 713 4193 in
733 4141 840 4215 Eclogis
857 4144 916 4199 Etb.
937 4166 964 4216 p.
982 4149 1044 4199 2⁰8.
1065 4155 1090 4197 et
1109 4144 1215 4215 Lipsius
1239 4144 1267 4197 in
1288 4144 1451 4198 Manuduct.
1467 4139 1494 4194 ad

436 4224 533 4281 Philas.
553 4225 671 4281 Stoicam
690 4228 721 4283 L.
741 4230 785 4282 ΙΙΙ.
805 4250 828 4284 c.
844 4235 888 4285 17.
936 4233 1025 4305 Atque
1051 4232 1133 4285 rebus
1159 4233 1266 4284 vincam
1292 4235 1454 4287 necessariis
1472 4234 1494 4285 in

439 4323 498 4366 vett.
515 4312 600 4370 Codd.
619 4315 698 4369 etiarn
716 4317 751 4371 ita
775 4317 872 4390 legitur
897 4320 975 4373 rebus
993 4320 1031 4371 ad
1049 4320 1134 4372 vitam
1153 4322 1315 4375 necessariis
1323 4343 1334 4385 ,-
1364 4335 1396 4377 ut
1419 4340 1492 4394 appa-

438 4413 494 4454 reat
517 4403 699 4458 antecedentia
726 4406 805 4461 buius
829 4410 975 4464 sententiae
1002 4408 1081 4463 fuisse
1108 4408 1312 4464 huiuscemodi:
1348 4410 1493 4483 Sapientem

438 4505 567 4557 nusquam
595 4492 673 4543 etiam
698 4496 782 4565 patria
809 4497 915 4568 pulsum
937 4498 1015 4551 rebus
1039 4498 1077 4548 ad
1096 4499 1183 4550 vitam
1209 4502 1375 4553 necessariis
1402 4516 1491 4554 carere.
