3517 5450
589 722 781 770 ιιιιιιιοιιοιι
811 724 853 770 ιι.
886 724 954 772 ιιι.
973 726 1021 773 ιιι.
1258 701 1330 775 321

348 899 397 932 nec
417 881 448 930 vi
466 882 671 950 tempestatum]
692 880 753 944 „Sic
774 892 916 956 quattuor3
933 903 980 935 nec
998 884 1030 935 in
1048 895 1245 952 tempestatum,
1263 886 1330 940 duo:

226 980 228 987 ’
276 966 363 1038 [quod
384 986 413 1020 ει
433 985 576 1038 perperam
593 966 661 1022 lecta
681 987 745 1022 voce
766 970 799 1020 vi
817 980 905 1023 ortum
925 972 987 1038 est:]
1007 971 1112 1043 Reliqui
1132 972 1264 1027 omittunt¹
1277 975 1331 1026 ui.“

275 1053 353 1108 Atd.
369 1053 460 1107 Man.
497 1056 573 1119 „Nec
590 1065 797 1125 tempestatum:
817 1056 888 1110 haud
907 1078 983 1112 aecus
1000 1058 1064 1112 olim
1084 1060 1146 1113 editi
1165 1072 1191 1114 et
1208 1061 1247 1116 sic
1263 1061 1330 1115 Patt.

276 1160 380 1198 omnen.
424 1140 569 1196 Gulielmio
588 1144 754 1214 probabatur
771 1145 864 1198 veteris
882 1145 1005 1200 editionis
1031 1145 1111 1201 lectio
1128 1147 1331 1216 perturbatione

275 1239 448 1283 mouetur.
498 1229 528 1282 Ιιι
555 1230 613 1284 Pat.
638 1250 680 1302 pr.
706 1242 786 1284 exstat
814 1250 861 1283 neo
888 1233 922 1284 vi
940 1237 1157 1303 tempeetatum.“
1189 1234 1330 1289 Gruter.

274 1318 321 1373 Est
347 1318 413 1372 item
436 1316 639 1387 perturbatione
663 1318 690 1370 in
717 1315 803 1373 Codd.
829 1317 894 1372 Ore.
914 1319 945 1372 E.
965 1319 1000 1374 U.
1018 1320 1038 1374 1.
1057 1341 1082 1391 η.
1101 1339 1131 1384 ψ.
1154 1320 1232 1376 Suer.
1270 1321 1329 1392 Ego

274 1423 336 1458 cum
355 1392 433 1458 blub.⁸
444 1404 509 1458 Ern.
528 1405 612 1459 Weu.
623 1404 699 1460 Schr.
709 1403 812 1461 Gernh.
830 1406 918 1461 Nobb.
938 1406 989 1462 Or.
1006 1409 1092 1473 Tho„
1110 1409 1189 1464 etiam
1209 1429 1238 1462 ex
1248 1408 1328 1463 Bet-n.

273 1493 332 1546 Bas.
352 1491 443 1546 Guelf.
460 1494 605 1564 posteriue,
622 1514 650 1546 ex
673 1493 844 1565 paucioribus
863 1497 907 1559 vi,
925 1497 1023 1568 recepi.
1060 1495 1120 1552 Μι.

344 1580 559 1658 perturbatione]
597 1580 658 1634 Vid.
682 1593 775 1635 annot.
800 1581 923 1652 praeced.
941 1611 976 1621 —
1013 1582 1254 1647 „Perturbatr'one,
1279 1582 1327 1635 de·

273 1687 332 1723 cem
350 1679 453 1740 reptem
472 1669 534 1722 mei.
574 1669 738 1722 Turbatione
757 1671 852 1723 unue.“
879 1670 953 1724 Ald.
971 1670 1059 1723 Man.
1095 1673 1268 1740 „Tempestas
1286 1670 1327 1723 di·

273 1760 343 1812 citur
361 1758 395 1811 de
413 1769 485 1812 certa
508 1759 612 1812 ratione
632 1770 658 1813 et
676 1758 804 1828 temperie
830 1759 897 1812 coeli
916 1770 943 1813 ει
960 1761 1043 1825 a'e'ris,
1071 1759 1197 1826 humore,
1221 1760 1326 1827 ardore,

272 1848 375 1919 frigore
394 1858 444 1900 cet.
462 1846 502 1900 rel
529 1867 651 1919 congruo
671 1848 750 1900 rebus
769 1847 906 1919 corporeis
931 1848 969 1905 ιεΙ
993 1866 1049 1900 non
1077 1848 1148 1900 item.
1198 1851 1327 1915 Tempora

272 1935 401 1989 dicuntur
420 1933 453 1986 de
471 1933 625 1988 bominibus
644 1934 683 1988 rel
704 1934 813 2005 pacifica
833 1933 872 1986 vel
893 1935 1027 2000 bellicosa,
1046 1934 1084 1987 rel
1104 1934 1266 2000 turbulenta,
1286 1933 1324 1985 vel

273 2020 447 2093 tranquilla.“
466 2023 572 2092 Wytt.
613 2022 655 2076 De
673 2022 788 2076 lectione
803 2021 1009 2092 perturbatione
1029 2022 1078 2077 vid.
1098 2023 1177 2075 etiam
1201 2021 1325 2074 Doeder-

271 2109 335 2164 lein.
354 2111 411 2165 Lat.
430 2108 534 2182 Synon.
553 2129 578 2165 ιι.
596 2110 683 2180 Etym.
701 2110 733 2163 T.
753 2109 783 2163 Π.
805 2131 830 2181 ρ.
850 2113 911 2163 208.
930 2138 964 2148 -
1009 2109 1076 2175 „Sic
1094 2108 1162 2162 Edd.
1181 2120 1241 2162 vett.
1267 2107 1324 2178 ple·

271 2217 379 2270 raeque.
422 2197 512 2251 Altera
531 2197 622 2262 lectio,
646 2199 859 2267 permutatione,
888 2197 960 2269 quod
985 2195 1053 2249 Edd.
1074 2195 1170 2250 Calon.
1191 2196 1259 2249 Van.
1276 2195 1323 2249 ha·

271 2287 352 2352 brut,
371 2285 458 2339 leuior
476 2297 528 2352 ert,
547 2304 628 2357 quam
649 2304 698 2358 pro
717 2288 773 2339 re.“
792 2284 858 2341 Ern.
879 2314 913 2324 -
932 2282 1037 2337 Erravit
1052 2283 1131 2337 Era:
1149 2281 1324 2336 habeutEdd.

271 2383 349 2438 veti,
374 2391 441 2444 quas
467 2373 603 2439 norimus,
626 2373 683 2426 fere
707 2391 800 2426 omnen
816 2372 1029 2442 permutatione,
1057 2374 1130 2442 quod
1159 2371 1247 2423 minus
1265 2369 1323 2441 pia·

273 2471 323 2513 cet.
361 2459 421 2513 Mr.

343 2550 405 2618 Qua
421 2548 540 2619 praediti
558 2550 605 2620 qui
623 2560 703 2616 runt,
722 2551 773 2602 eali
791 2560 856 2602 sunt
876 2550 993 2617 divitem]
1014 2549 1081 2617 cod,
1101 2547 1181 2601 Drsd.
1194 2551 1219 2600 5.
1238 2548 1322 2617 quia

271 2652 340 2707 qua
357 2635 451 2705 praed.
469 2645 542 2690 aunt.
579 2635 658 2690 Dred.
677 2641 703 2691 4.
729 2654 796 2708 qua
825 2638 885 2707 qui
911 2638 1004 2706 praed.
1031 2637 1125 2696 sinte
1151 2635 1219 2687 Edd.
1248 2633 1320 2690 Crat.

269 2722 364 2796 Magn.
383 2721 460 2777 Man.
483 2722 575 2778 Lamb.
594 2722 653 2777 Ald.
671 2727 751 2779 1⁵17.
770 2728 849 2778 1552.
876 2724 972 2778 Goion.
987 2723 1061 2783 Aud.
1080 2720 1139 2775 Tat.
1158 2719 1233 2793 sylb.
1253 2739 1321 2794 qua

269 2811 330 2883 qui
345 2812 439 2880 praed.
457 2821 531 2865 eunt.
569 2809 640 2864 Gud.
659 2811 692 2866 Α.
712 2811 809 2864 omittit
828 2813 875 2881 qui
893 2824 967 2866 eunt.
1013 2811 1071 2865 Cre.
1091 2816 1116 2864 2.
1142 2810 1240 2863 omittit
1263 2829 1320 2861 rer·

270 2900 336 2952 bum
362 2910 426 2952 aunt
447 2910 507 2971 post
530 2897 589 2952 eali.
638 2898 693 2951 Pro
717 2898 883 2969 fructuosas
907 2898 1005 2963 0¹·,1tu
1033 2898 1113 2951 habet
1140 2906 1320 2966 sumptuosae,

269 2986 341 3039 idem
361 2987 448 3059 pergit
464 2998 492 3038 et
511 2986 745 3055 sempiternale-r·
790 2986 841 3039 Ox.
861 2986 892 3059 ξ..
912 2987 962 3038 soli
981 3006 1030 3057 pro
1052 2986 1163 3057 solique.
1212 2983 1320 3037 Sucrin.

268 3074 350 3128 habet
367 3076 418 3128 eali
435 3075 543 3127 etiam
566 3076 714 3143 possident.
759 3075 830 3127 Tum
857 3075 937 3129 Drsd.
956 3080 980 3128 2.
1007 3074 1080 3147 quod
1105 3084 1146 3123 eet
1173 3071 1321 3123 diuitia-

268 3182 342 3214 rum
363 3162 554 3232 proprium.
603 3164 627 3214 Α
654 3163 759 3217 duobus
785 3162 891 3216 Aldinie
914 3164 988 3216 abest
1015 3173 1042 3213 et
1067 3172 1128 3214 ante
1146 3160 1319 3232 fructuosae.

268 3248 336 3302 cod.
356 3248 416 3302 Bas.
435 3250 533 3304 omittit
551 3259 578 3301 et
596 3252 780 3320 sempiternas.
817 3249 877 3302 Mr.

340 3338 459 3389 contenti
475 3348 541 3390 eunt
560 3337 639 3391 rebus
663 3339 728 3390 ruis.
765 3339 841 3391 Satis
865 3356 921 3390 ease
943 3346 1045 3406 putant
1054 3337 1071 3403 ,]
1118 3322 1269 3404 „Rescripsi
1295 3344 1320 3385 et

266 3424 434 3496 interpunxi:
453 3425 668 3478 contenti'rebus
687 3427 759 3491 euir,
777 3427 847 3478 satir
866 3444 923 3477 eree
936 3433 1055 3493 putant,
1073 3433 1177 3476 secutus
1195 3421 1319 3474 Pithoea·

267 3532 335 3565 num
354 3512 434 3566 MS.“
452 3512 573 3566 Graev.
620 3514 754 3567 Fecerunt
772 3513 841 3566 idem
861 3512 978 3566 Facciol.
999 3511 1040 3578 (in
1059 3510 1108 3563 Ed.
1127 3509 1244 3570 Veneta,
1268 3526 1319 3561 nec

265 3600 376 3652 veroin
397 3600 447 3652 Ed.
467 3601 562 3670 prima,
582 3620 651 3672 quac
668 3601 768 3655 Patavii
783 3605 861 3653 two.
883 3599 1003 3671 prodiit,)
1023 3597 1087 3651 nihil
1107 3615 1227 3657 monens,
1247 3595 1316 3648 Hub.

265 3686 368 3741 Gernb.
388 3688 477 3742 Nobb.
511 3688 546 3742 Et
564 3688 666 3743 Gernh.
684 3691 793 3762 quidem
813 3688 899 3743 addit:
925 3687 990 3740 haec
1009 3687 1107 3740 arctius
1123 3683 1251 3754 coniungi
1270 3682 1318 3735 de·

265 3775 362 3829 buisse.
400 3778 500 3830 Contra
523 3796 552 3829 ea
572 3789 706 3848 praestare
725 3780 761 3832 ait
779 3776 899 3830 Orellius
919 3776 1097 3847 plurimorum
1118 3774 1185 3841 [imo
1198 3772 1317 3842 reliquo·

264 3882 327 3915 rum
346 3865 480 3932 omnium]
500 3866 656 3931 lectionem,
685 3867 747 3937 quia
773 3883 853 3937 quam
879 3862 1002 3935 plurimis
1028 3860 1153 3914 membris
1180 3856 1317 3912 disiunctis

263 3943 409 4021 edaciorem
429 3953 527 4007 horum
546 3954 687 4008 bominum
706 3953 880 4026 significanda
900 3952 987 4005 tuerit.
1025 3949 1106 4019 Quod
1126 3947 1189 4001 mihi
1208 3946 1316 4019 quidem

264 4041 368 4096 videtur
379 4038 551 4097 reris'eimum.
587 4044 640 4097 Sed
654 4044 776 4115 equidem
793 4042 932 4106 maiorem,
952 4060 1006 4092 non
1024 4040 1156 4091 minorem
1168 4034 1316 4089 distinctio·

263 4150 326 4184 nem
347 4131 502 4202 ponendam
523 4131 672 4185 existimari.
711 4134 837 4184 Ceterum
857 4140 895 4182 ost
913 4130 971 4181 euir
990 4128 1068 4180 rebus
1087 4120 1278 4178 inCodd.Cr2.
1291 4123 1315 4174 3.

262 4229 289 4273 ει
309 4219 391 4273 Drsd.
411 4225 453 4284 5.;
478 4221 506 4273 in
532 4220 612 4276 Dred.
633 4226 658 4275 2.
684 4232 721 4275 est
740 4222 809 4273 eatis
835 4229 939 4288 putant
958 4235 1023 4269 erre.
1065 4213 1107 4267 Ad
1136 4233 1157 4263 v.
1181 4219 1315 4278 appetunt

261 4308 323 4363 Fre.
343 4308 417 4378 sylv.
435 4307 509 4361 addit
526 4308 673 4380 explicandi
694 4328 783 4363 causa:
813 4307 889 4374 „sine
916 4306 1045 4359 rationet‘
1092 4300 1163 4351 Tum
1189 4296 1260 4349 Gud·
1280 4297 1313 4347 A·

260 4394 319 4450 Cra.
339 4402 363 4450 2.
383 4394 433 4449 Ox.
454 4394 485 4447 E.
505 4396 538 4453 N.
558 4416 587 4458 ψ.
612 4382 732 4470 indigent
752 4415 802 4469 pro
827 4404 922 4466 egent,
952 4393 1022 4453 idem
1045 4389 1144 4441 habent
1167 4398 1220 4438 tres
1243 4380 1313 4447 Atti,

260 4480 367 4537 Graevii
386 4481 564 4550 Pithoeanus,
584 4483 681 4538 ΟιεΙΙίἰ
698 4484 779 4538 Βειη.
799 4495 824 4537 et
843 4482 932 4534 Guelf.
961 4479 1027 4533 cod.
1047 4486 1137 4529 autem
1156 4473 1205 4527 Οι.
1223 4489 1252 4534 ψ.
1270 4489 1314 4523 ea·

1038 4564 1084 4636 21
