3517 5450
629 737 632 744 ·
665 733 862 783 eamnoxon
892 734 935 782 vr.
961 734 1031 782 cae.
1056 733 1092 782 u.
1330 709 1405 784 297

355 902 398 954 bet
416 899 465 973 qui
481 907 580 950 terta
598 895 734 961 subiecto,
759 915 788 950 ex
814 913 956 967 perperam
981 893 1052 949 lecto
1077 894 1211 949 scribendi
1238 896 1407 967 compendio.

356 992 531 1042 Terrenunto
548 983 691 1042 subiicere,
715 985 733 1038 i.
753 1003 776 1038 e.
794 983 858 1037 falsa
879 1002 929 1055 pro
947 984 1014 1036 reris
1038 1002 1205 1055 supponere,
1230 984 1294 1038 dirit
1312 983 1407 1039 Cicero

352 1075 431 1130 etiarn
451 1072 568 1146 Philipp.
586 1073 657 1139 XIV,
676 1077 701 1140 3,
720 1076 747 1127 l.
790 1073 853 1127 Vid.
870 1072 949 1127 etiam
968 1069 1090 1126 Dirksen.
1108 1071 1127 1124 1.
1145 1091 1168 1126 c.
1188 1092 1209 1126 s.
1228 1092 1250 1126 1.
1270 1071 1407 1126 subiicere.

353 1162 441 1234 Supra
460 1161 507 1228 Vl,
525 1165 551 1215 1.
570 1160 634 1215 dixit
651 1177 798 1231 supponere
817 1170 992 1215 restaurante.
1028 1159 1088 1214 tur.
1179 1226 1182 1231 ι

424 1251 473 1322 qui
490 1247 614 1302 sublatos
631 1258 673 1301 tot
691 1249 818 1315 ltonunrs]
865 1246 1007 1320 Absorpsit
1023 1247 1118 1303 ultima
1135 1247 1235 1319 syllaba
1255 1248 1326 1303 ro'eis
1343 1250 1409 1302 1111»-

352 1340 442 1391 latos
460 1336 583 1392 voculam
603 1335 764 1390 simillimam
785 1345 827 1388 tot
851 1334 880 1389 in
906 1335 994 1390 Codd.
1013 1337 1095 1391 Bern.
1111 1336 1172 1393 Bes.
1197 1335 1264 1390 Oxr.
1282 1336 1315 1391 E.
1334 1336 1366 1390 N.
1384 1356 1408 1389 u.

352 1426 425 1481 Gud.
445 1425 478 1479 A.
496 1426 528 1479 B.
546 1427 606 1479 Cra.
625 1430 649 1478 2.
669 1428 695 1481 3.
714 1425 794 1479 Drsd.
813 1428 840 1478 1.
857 1428 884 1481 3.
903 1430 930 1479 4.
958 1426 999 1495 (in
1018 1443 1075 1497 quo
1094 1435 1134 1478 est
1156 1423 1291 1490 subluto)
1308 1429 1352 1487 5.;
1379 1424 1408 1476 in

352 1513 431 1567 Suer·
448 1524 487 1567 est
504 1523 619 1585 totque
635 1513 760 1566 sublatos
778 1512 906 1578 domines,
924 1513 1022 1567 omisso
1040 1503 1095 1585 qui,
1113 1512 1246 1584 (neglecta
1262 1513 1407 1586 anaphora,

351 1619 421 1674 quae
440 1601 469 1654 in
488 1599 623 1672 prioribus
641 1612 680 1655 est
698 1600 770 1655 etin
789 1601 911 1673 sequenti
937 1601 1153 1670 enumeratione)
1178 1601 1251 1672 quod
1275 1602 1338 1655 item
1364 1620 1408 1653 ex-

352 1687 415 1742 cidit
435 1687 463 1741 in
482 1685 550 1742 cod.
570 1688 651 1744 Drrd.
669 1692 694 1743 5.
745 1687 799 1741 Sed
818 1688 908 1742 omisit
926 1698 969 1741 tot
989 1690 1068 1743 etiarn
1098 1687 1147 1742 Ed.
1164 1689 1257 1743 Lamb.
1280 1701 1319 1754 et,
1339 1708 1409 1761 quae

352 1795 411 1829 eam
430 1776 568 1848 sequitur,
587 1776 684 1832 Colon.
704 1779 783 1832 1515.
825 1776 961 1839 scribitur
978 1788 1019 1830 tot
1038 1778 1085 1851 qui
1103 1777 1226 1830 sublatos
1245 1779 1362 1829 domines
1380 1779 1408 1831 in

352 1862 420 1917 Cod.
440 1863 521 1920 Drsd.
540 1869 582 1932 1.,
613 1863 664 1919 Ed.
689 1884 731 1937 ap.
750 1864 836 1918 Meus.
861 1864 931 1920 Edd.
956 1884 1013 1937 prs.
1043 1864 1122 1920 ildlb.
1151 1866 1212 1919 Par.
1230 1870 1310 1920 1512.
1338 1868 1407 1923 Ven.

351 1957 434 2008 1514.
471 1951 594 2006 Eundem
613 1953 757 2006 verborum
777 1950 916 2020 ordinem,
945 1952 991 2005 sed
1016 1951 1055 2007 sie
1079 1952 1247 2007 distinctum:
1278 1954 1407 2024 quirent.

352 2040 475 2093 subiecto
494 2051 565 2093 tot:
591 2042 638 2113 qui
662 2039 785 2094 sublatos
803 2041 921 2093 domines
951 2040 1020 2094 Edd.
1050 2042 1118 2094 Ven.
1143 2043 1224 2095 1492.
1246 2041 1308 2094 Par.
1326 2044 1406 2096 tout.

352 2128 439 2201 Lugd.
458 2131 524 2200 Arg.
567 2129 597 2182 ln
617 2131 676 2184 Cra.
696 2132 721 2183 t.
751 2139 789 2183 est
807 2140 862 2182 tot
880 2129 929 2202 qui
949 2129 1019 2184 dom.
1036 2128 1174 2194 sublatos,
1199 2128 1227 2181 in
1247 2128 1341 2181 Duisb.
1362 2131 1409 2202 qni

352 2229 395 2269 tot
412 2219 572 2269 sullotoe
590 2218 716 2273 domines.
735 2214 794 2269 Mr.
831 2220 904 2282 „Tot
922 2217 993 2270 hom.
1012 2214 1135 2269 sublatos
1153 2236 1209 2269 non
1229 2226 1331 2269 tantum
1346 2236 1410 2288 per-

352 2305 419 2359 tinet
438 2305 471 2358 ad
493 2305 566 2377 prius
584 2309 761 2372 memoratos,
790 2304 970 2377 proscriptos,
997 2304 1042 2357 sed
1071 2303 1203 2358 etiamad
1223 2322 1283 2368 eos,
1312 2304 1410 2375 quibus
1483 2322 1485 2325 ·

354 2403 510 2447 testamenta
529 2393 694 2459 subiecerat,
712 2411 781 2466 quos
798 2393 855 2465 ipse
874 2392 1071 2447 interfecerat.“
1108 2390 1214 2464 Wytt.

427 2484 475 2554 qui
493 2481 605 2552 denique
623 2481 711 2533 omnio
730 2482 850 2550 venolio]
883 2481 950 2534 cod.
970 2479 1042 2533 Gud.
1063 2478 1094 2533 Α.
1115 2482 1161 2550 qui
1179 2479 1292 2551 denique
1311 2497 1409 2531 veno-

353 2574 403 2624 lio
422 2571 551 2622 omnio:
570 2588 626 2622 non
645 2569 723 2623 male.
757 2569 851 2623 Unum
872 2569 943 2623 vocis
953 2570 1064 2640 dariique
1076 2568 1105 2621 in
1123 2567 1220 2620 ultimo
1239 2566 1277 2620 rel
1298 2566 1411 2638 paenul-

352 2659 420 2715 timo
439 2657 593 2728 anaphorae
611 2658 734 2710 membro
752 2657 864 2711 illustrat
883 2655 1009 2729 exemplis
1026 2653 1112 2708 allatis
1130 2659 1160 2708 C.
1178 2655 1288 2708 Beierus
1306 2656 1339 2709 ud
1354 2656 1410 2709 Cic.

353 2748 403 2802 Or.
424 2766 475 2820 pro
493 2746 532 2799 Μ.
551 2745 628 2799 dem.
650 2745 753 2800 Scauro
772 2766 798 2818 p.
816 2749 876 2801 235.
896 2764 985 2817 neque
1005 2745 1089 2799 nostri
1108 2744 1162 2799 loci
1181 2745 1332 2798 immemor.
1367 2744 1409 2796 Ad

353 2856 414 2890 rem
440 2834 531 2889 laudat
557 2831 640 2907 Borg.
670 2832 726 2890 Cic.
751 2835 830 2890 Verr.
848 2834 893 2905 111,
913 2840 956 2891 52.
985 2831 1148 2901 11111113.
1170 2837 1212 2887 14.
1232 2834 1276 2888 38.
1305 2831 1410 2885 Sallust.

354 2922 538 2982 (31111130.
574 2921 634 2977 Mr.

427 3012 573 3079 delectum,
592 3009 751 3079 decretum]
771 3007 836 3077 „Sic
854 3009 958 3065 decem.
994 3012 1032 3062 Et
1052 3011 1229 3083 interponunt
1247 3022 1307 3063 tres.
1343 3005 1411 3063 Tres

354 3101 480 3153 tieletum.
501 3098 580 3154 Unus
598 3100 733 3152 dilectum.
760 3100 838 3154 Unus
850 3101 987 3153 delictum.
1015 3099 1096 3153 Pater
1105 3100 1247 3156 decretum,
1265 3098 1410 3149 edictum.“

354 3188 430 3242 Ald.
457 3185 545 3242 Man.
594 3188 689 3255 „Paul
723 3187 1053 3258 Manutiuslconiiciebat
1076 3186 1226 3251 decretum,
1253 3183 1413 3240 Gulielmius

353 3275 473 3328 edictum
493 3263 548 3343 [sed
574 3276 625 3332 vid.
653 3296 715 3330 ann.
734 3275 795 3331 Aldi
814 3274 872 3343 Μ.].
909 3276 966 3330 Pal.
985 3286 1044 3329 tert.
1063 3265 1142 3328 habet
1161 3275 1293 3328 delicium.
1344 3273 1410 3328 Mihi

354 3365 460 3437 vulgata
479 3364 558 3419 lectio
579 3366 739 3433 [dilectum
759 3363 907 3431 decretum]
926 3361 1064 3416 satisfacite
1091 3374 1121 3415 ut
1139 3361 1219 3427 dicat,
1238 3362 1270 3414 ad
1292 3360 1411 3414 militiam

354 3452 470 3507 adscitos
488 3452 527 3506 vel
547 3473 603 3506 non
622 3449 734 3508 adscitos
759 3463 840 3526 prout
864 3450 1053 3504 demeruerant
1078 3448 1118 3502 rel
1142 3469 1198 3502 non
1224 3449 1412 3503 demeruerant

354 3540 505 3614 praesidem
517 3540 630 3613 pecunia
641 3541 782 3615 donisque.
813 3537 931 3593 wolfius
942 3533 1128 3592 accommodat
1140 3535 1284 3590 venditioni
1295 3535 1412 3589 iunctio-

357 3649 424 3683 num
442 3649 551 3698 earum,
571 3649 640 3702 quae
658 3628 779 3684 lucrosae
798 3632 902 3688 erant,“
939 3626 1078 3680 Gruter.

428 3719 573 3783 dilectum,
592 3717 754 3787 decretum]
793 3717 899 3786 „Miror
923 3737 978 3770 non
1004 3713 1040 3771 ita
1063 3734 1117 3768 esse
1143 3710 1243 3767 editum
1262 3731 1276 3767 a
1295 3712 1410 3785 Langio:

355 3804 642 3878 dilectum,‹inquam,
670 3825 754 3878 quum
773 3807 807 3859 ita
826 3807 955 3878 scriptum
975 3805 1007 3859 sit
1028 3804 1056 3858 in
1075 3801 1269 3874 exemplaribus
1288 3802 1413 3856 omnibus

354 3894 487 3967 antiquis,
513 3906 543 3947 ut
563 3905 673 3948 testatur
696 3894 847 3949 emendatio
875 3894 955 3948 huius
972 3891 1024 3947 loci
1050 3893 1182 3966 adscripta
1211 3892 1244 3945 ad
1264 3891 1413 3964 marginem

355 3982 457 4037 codicis
475 3980 661 4036 Memmiani.“
682 3982 835 4037 Lambin.
874 3981 998 4054 [Saepius
1016 3980 1050 4035 de
1062 3981 1208 4054 scriptione
1220 3980 1334 4034 dilectus
1351 3982 1415 4053 (pto

355 4072 489 4138 (11111111)
510 4071 684 4142 praeferenda
713 4071 833 4143 loquitur
850 4072 1013 4138 Lambinus,
1042 4069 1118 4125 cuius
1145 4071 1332 4124 annotationes
1356 4068 1415 4121 lau-

354 4158 430 4213 dasse
449 4157 572 4213 sufficiat.
618 4158 687 4213 Sunt
712 4161 745 4213 ad
771 4160 804 4213 de
822 4159 899 4214 Orat.
918 4159 951 4226 11,
970 4162 996 4227 9,
1016 4162 1059 4215 35.
1085 4180 1112 4232 p.
1131 4164 1175 4213 42.
1200 4159 1250 4212 Ed.
1273 4158 1361 4210 Klein.
1382 4157 1414 4221 11,

356 4249 401 4314 58,
422 4250 484 4301 215.
504 4266 529 4318 p.
549 4248 609 4311 49.;
627 4249 660 4301 ad
679 4244 750 4320 Epp.
770 4247 802 4302 ad
821 4248 926 4302 Famm.
946 4240 996 4314 111,
1012 4250 1038 4302 3.
1063 4268 1090 4319 p.
1110 4250 1187 4311 358.;
1214 4248 1246 4300 ad
1265 4247 1363 4299 Tusce.
1382 4243 1414 4310 11,

355 4337 399 4401 11,
418 4340 462 4391 25.
481 4354 507 4405 p·
524 4339 603 4403 455,
622 4338 654 4390 ad
674 4337 707 4391 de
728 4336 787 4391 011.
801 4339 836 4403 11,
857 4344 882 4404 2,
902 4341 927 4392 5.
946 4359 971 4409 p.
992 4339 1080 4404 513.].
1102 4338 1263 4403 „Deleotum
1283 4355 1338 4387 non
1359 4347 1411 4389 tarn

355 4424 466 4477 sortasse
486 4422 615 4493 militum,
646 4443 726 4496 quam
746 4426 926 4480 venditionem
952 4446 1045 4480 earum
1071 4425 1257 4490 functionum,
1284 4423 1414 4496 quaelu-

358 4530 450 4566 crosae
479 4522 563 4565 erant.
621 4515 734 4570 Videtur
758 4516 809 4568 hoc
841 4517 976 4585 pertinere
1006 4515 1093 4587 potius
1119 4513 1153 4567 ad
1178 4512 1313 4568 ministros
1338 4513 1414 4585 Reip.
