3517 5450
365 701 440 774 246
677 725 851 772 ranaooxa
880 724 1075 773 sroroonuu.

362 888 404 940 De
423 884 545 939 Corinthi
564 885 746 937 monumentis
758 882 893 936 nerninem
910 883 1015 948 rectius,
1035 902 1116 954 quarn
1129 883 1299 949 Pausaniam,
1319 882 1402 954 leges.“

363 973 452 1045 Xyst.
471 972 581 1026 Betul.
627 971 714 1025 Locus
743 972 775 1023 de
794 970 901 1023 Officiis
926 982 964 1024 est
983 970 1015 1036 ΙΙ,
1033 975 1078 1035 22,
1094 973 1147 1033 to,
1174 970 1353 1023 Verrinarum
1374 983 1403 1023 est

362 1062 381 1124 l,
400 1064 443 1125 21,
462 1064 505 1114 55.
534 1059 578 1124 ΙΙΙ,
596 1062 624 1124 4,
642 1062 668 1113 9.
709 1058 813 1112 Delerit
836 1057 985 1110 Mummius
1010 1056 1171 1111 Corinthum
1199 1077 1224 1110 a.
1253 1058 1288 1110 U.
1313 1077 1336 1111 c.
1354 1059 1401 1112 tos.

363 1168 417 1221 quo
435 1149 498 1201 item
518 1146 651 1217 Carthago
670 1166 758 1199 eversa
777 1158 823 1200 est.
861 1145 915 1198 Sed
935 1146 993 1198 ride
1012 1146 1045 1198 de
1063 1145 1199 1198 Mummio
1219 1144 1317 1198 Orellii
1337 1144 1402 1198 Ono·

362 1247 434 1289 mast.
454 1234 510 1289 Cic.
530 1234 554 1288 h.
571 1255 592 1288 v.
613 1263 644 1274 -
690 1233 817 1288 Ceterum
846 1235 873 1286 in
893 1233 961 1287 Cod.
990 1233 1048 1290 Cra.
1068 1237 1093 1286 1.
1117 1234 1174 1286 eius
1192 1252 1294 1286 nomen
1320 1232 1402 1303 legitur

362 1331 393 1377 L.
413 1325 536 1387 Manius,
553 1323 581 1375 in
600 1322 677 1376 Suer.
696 1333 721 1375 et
739 1321 819 1375 Drsd.
839 1326 864 1374 1.
884 1327 914 1374 1..
939 1322 1087 1378 Manilius,
1105 1322 1133 1373 in
1160 1322 1218 1373 cn.
1238 1326 1264 1373 2.
1283 1331 1310 1373 et
1322 1320 1401 1372 Duish.

362 1415 481 1476 Meu-ms,
504 1412 532 1463 in
560 1409 611 1463 01.
629 1409 660 1464 E.
682 1414 716 1462 L.
741 1410 876 1475 Mumius,
906 1410 935 1462 in
960 1406 1012 1462 Or}
1030 1426 1059 1471 ψ.
1086 1407 1158 1462 Gud.
1178 1408 1209 1462 B.
1229 1413 1262 1462 L.
1291 1411 1401 1462 Meinas.

362 1498 432 1552 Gud.
454 1499 487 1552 A.
506 1482 601 1553 Meui'.
627 1495 699 1548 Tum
717 1495 785 1548 Cod.
803 1496 883 1548 Drsd.
903 1501 929 1550 5.
946 1497 1097 1567 aliquam.
1134 1495 1193 1549 Cra.
1212 1497 1340 1548 viderit.
1355 1496 1400 1548 Mr.

433 1584 610 1636 matellionem
643 1584 807 1635 Corinthium
841 1584 1011 1653 cupidissime
1042 1586 1233 1652 tractantem,]
1264 1585 1400 1649 „Motellin

363 1683 392 1724 nt
416 1672 451 1724 ait
476 1669 535 1722 Sex.
557 1671 702 1742 Pompeius
721 1671 759 1742 [p.
776 1686 833 1724 xcv.
850 1683 876 1724 et
893 1687 971 1724 xcvu.
990 1670 1040 1726 Ed.
1060 1670 1236 1739 Santandr.],
1255 1691 1301 1724 ras
1323 1672 1399 1723 annae

363 1769 407 1810 est.
443 1757 560 1811 Auctore
577 1757 666 1811 Plinio
685 1776 707 1811 c.
723 1763 746 1810 2.
764 1757 809 1811 lih.
823 1762 865 1812 34.
905 1761 979 1812 Vasa
999 1760 1138 1810 Corinthio
1155 1760 1307 1828 sculptores
1323 1771 1399 1813 trous·

357 1847 458 1916 serunt
475 1847 551 1898 modo
571 1847 600 1897 in
616 1847 754 1902 lucernas,
774 1846 848 1899 niodo
866 1849 895 1896 in
913 1846 1027 1908 trullas,
1051 1846 1126 1898 nullo
1151 1848 1399 1906 munditiornmre-

361 1944 462 2003 spectu.
502 1935 624 1985 Trullam
644 1943 734 1985 autem
749 1951 799 2001 pro
818 1951 881 1983 vose
900 1933 1061 1985 stercorario
1079 1934 1226 2002 occipiunt.
1247 1933 1345 2001 [Locus
1355 1932 1399 1984 Pli-

362 2023 399 2074 nii
419 2033 456 2075 est
475 2022 598 2086 XXXlV,
617 2023 642 2076 3.
662 2041 688 2092 p.
707 2024 767 2074 oto.
787 2020 828 2072 ed.
847 2019 977 2072 Harduin.
996 2019 1094 2092 legitur
1111 2032 1201 2074 autem
1227 2020 1266 2074 ihi
1291 2020 1399 2084 trulleos,

362 2108 434 2180 quod
454 2109 523 2162 idem
545 2120 584 2162 est
605 2127 637 2161 ac
656 2108 764 2161 trullas.
802 2107 843 2159 De
862 2106 893 2158 iis
910 2107 959 2158 rid.
980 2109 1094 2160 Varron.
1114 2108 1148 2161 de
1165 2109 1195 2161 L.
1213 2109 1244 2160 L.
1262 2110 1308 2163 ΙΙΙ.
1326 2130 1349 2182 p.
1364 2113 1398 2163 19.

362 2195 403 2247 ed.
421 2194 505 2248 Amst.
533 2206 558 2248 et
576 2195 676 2248 Durdr.
696 2198 775 2248 1619.
794 2205 820 2246 et
838 2196 918 2247 1623.
945 2194 1044 2247 ibidem
1069 2196 1103 2249 de
1128 2216 1150 2247 v.
1172 2197 1314 2265 irrotellio]
1337 2197 1397 2249 Fre·

362 2282 452 2352 Sylr.
487 2283 646 2348 „Arbitror,
664 2283 752 2353 inquit
770 2282 913 2347 Erasmus,
933 2283 984 2337 diei
1004 2285 1109 2354 signum
1128 2297 1332 2355 repraesentans
1353 2305 1398 2338 ser·

362 2388 422 2421 rum
441 2371 623 2440 porrigentem
642 2370 779 2423 matulam.
797 2399 831 2408 —
850 2369 938 2423 Miror
954 2371 1091 2424 hominem
1109 2382 1198 2425 tantae
1216 2373 1338 2427 lectionis
1354 2394 1397 2427 non

362 2457 527 2523 meminisse,
547 2457 619 2529 quod
638 2456 677 2510 M.
696 2458 784 2510 Varro
803 2458 835 2510 de
854 2460 1005 2512 matellione
1017 2459 1130 2530 scripsit.
1166 2462 1296 2514 Matellio
1312 2460 1397 2532 (inquit

360 2544 429 2597 libro
448 2544 493 2597 lV.
512 2544 546 2597 de
564 2543 594 2597 L.
612 2544 655 2612 L.)
674 2563 692 2596 α
710 2546 816 2596 motula
835 2546 940 2598 dictus:
961 2548 999 2614 [et
1020 2547 1128 2613 dicturJ,
1144 2557 1241 2615 postea
1260 2566 1339 2619 quom
1349 2547 1396 2598 lon·

357 2635 421 2704 gius
447 2650 464 2683 a
481 2632 581 2702 figura
606 2633 727 2684 matulae
754 2633 875 2686 discessit
902 2631 940 2700 [in
965 2633 1014 2686 Ed.
1039 2633 1176 2704 Spengelii
1201 2634 1231 2690 L.
1252 2636 1287 2688 V.
1307 2655 1332 2706 p.
1348 2637 1396 2687 tat.

361 2723 388 2774 in
407 2720 456 2776 Ed.
474 2719 570 2775 Odolr.
591 2719 698 2773 Miilleri
716 2720 746 2773 L.
766 2722 799 2774 V.
818 2721 840 2789 ξ.
859 2726 920 2775 119.
940 2742 965 2793 ρ.
983 2723 1039 2790 tn]
1083 2720 1152 2787 Sed,
1172 2734 1202 2775 ut
1220 2721 1333 2793 opinor,
1356 2720 1396 2773 de·

361 2820 453 2880 ceptus
471 2820 509 2862 est
527 2809 616 2862 nescio
635 2799 807 2880 qua'vocum
828 2809 1007 2863 similitudine.
1050 2810 1119 2878 Nam
1147 2830 1209 2863 cum
1235 2811 1396 2864 videretmu-

360 2898 454 2949 lionem
479 2916 583 2950 serrum
607 2897 695 2950 mulos
719 2908 858 2951 curantem
888 2910 967 2971 atque
990 2911 1113 2969 agentem
1139 2899 1305 2970 significare,
1330 2900 1396 2952 etiarn

360 2986 536 3038 matellionem
561 2986 711 3039 existimarit
737 3005 841 3039 serrum
866 3007 921 3040 esse
952 2987 1079 3040 matulam
1109 2987 1309 3058 porrigentem,
1335 2988 1397 3041 cuius

360 3074 465 3144 signum
491 3095 520 3127 er
551 3094 612 3127 aere
642 3074 781 3128 Corinthio
806 3061 952 3129 conflatum
980 3079 1074 3130 esset.“
1106 3074 1287 3130 Morisot.¹
1323 3075 1397 3147 „Spe-

361 3166 413 3216 cies
437 3184 487 3235 pro
511 3183 623 3235 genere,
653 3183 703 3235 pro
722 3164 787 3216 vasis
811 3163 956 3218 Corinthiis
982 3164 1019 3217 vet
1049 3165 1169 3216 universe
1196 3184 1248 3235 pro
1272 3183 1333 3217 aere
1354 3166 1397 3219 Co·

360 3252 473 3316 rinthio,
505 3272 573 3323 quae
598 3252 695 3306 Strabo
718 3235 880 3317 gelesimiris
911 3255 1127 3324 Κορινθιουργῆ,
1158 3252 1306 3306 Morisotus
1328 3248 1396 3312 emta

360 3342 489 3408 reddidit,
513 3361 566 3413 qua
594 3361 657 3395 voce
675 3340 833 3395 Plutarchus
860 3363 922 3396 usus
950 3354 987 3396 est
1016 3360 1066 3413 pro
1097 3341 1195 3395 matula
1220 3341 1250 3394 in
1274 3338 1396 3412 Apoptu.

360 3429 509 3495 Laconicis,
534 3448 596 3483 cum
623 3430 656 3481 de
675 3449 759 3500 puero
779 3430 884 3497 scribit,
917 3430 1108 3502 quimatulam
1135 3430 1248 3483 domino
1273 3430 1395 3502 porrigere

359 3509 523 3572 detrectavit:
547 3528 573 3570 et
590 3517 725 3587 Aristoph.
743 3518 769 3570 in
790 3518 899 3589 Vespis,
922 3518 968 3571 uhi
987 3527 1184 3571 commentator
1202 3514 1347 3587 ου’ρκτριδα
1362 3518 1395 3566 καὶ

359 3602 482 3675 ου’ρκτρδν
491 3602 592 3671 ἀγγεῖον
602 3606 708 3676 exponit
728 3618 754 3659 et
772 3607 800 3658 in
810 3606 928 3660 Acharn.
945 3602 1084 3677 οιῗροδόχον
1102 3604 1213 3672 ἀγγεῖον.
1249 3606 1330 3659 lulius
1343 3603 1395 3657 Pol·

359 3693 401 3745 lur
419 3692 465 3746 lib.
485 3694 515 3745 X.
535 3713 557 3746 c.
577 3697 602 3747 9.
622 3694 736 3746 derasis
755 3695 982 3762 excrementariis,
1009 3697 1070 3747 viris
1089 3694 1199 3766 quidem
1226 3692 1338 3748 idoneos
1361 3692 1394 3754 ait,

359 3785 403 3830 unt
428 3777 523 3842 ἀμίδα,
557 3782 797 3852 quam‘seaphium
826 3783 1050 3853 interpretantur.
1075 3780 1159 3845 α’μιδα
1188 3791 1252 3837 tero
1267 3771 1394 3855 'Sophocli

358 3864 519 3937 Ζνουρὴθραν
537 3868 641 3934 vocari,
661 3869 793 3942 Aeschylo
812 3868 936 3940 ου’ρκνήν,
966 3854 1123 3924 mulieribus
1140 3871 1259 3932 σκάφιον.
1302 3869 1393 3933 'tietdo

358 3956 481 4023 nomine,
501 3967 563 4010 teste
581 3956 734 4024 Athenaeo,
754 3959 864 4029 Eupolis
884 3960 986 4036 primus
1004 3979 1066 4013 usus
1084 3972 1130 4013 est.
1166 3961 1282 4015 Lazarus
1300 3958 1392 4030 Baylrus

357 4046 389 4098 de
408 4036 485 4097 Auro
503 4055 528 4097 et
545 4044 665 4116 Argento
684 4047 770 4119 legato
789 4049 841 4102 sie:
861 4048 1045 4101 Matellionem
1065 4047 1187 4101 Corinth.
1208 4048 1274 4102 dixit
1290 4048 1391 4107 Tullius,

356 4154 416 4187 aere
435 4133 574 4188 Corinthio
592 4135 699 4190 lactum.
745 4138 826 4205 Quod
856 4159 900 4191 aes
919 4159 947 4191 er
972 4137 1000 4190 S.
1019 4137 1049 4190 C.
1080 4136 1167 4189 deleta
1187 4155 1201 4189 a
1223 4137 1252 4189 L.
1271 4134 1391 4188 Mummio

355 4222 485 4278 Corintho
506 4224 606 4277 lactum
625 4236 651 4277 et
669 4225 813 4279 conflatum
833 4232 899 4280 est.“
918 4228 1011 4297 Xyst.
1029 4224 1142 4277 Betul.
1194 4223 1339 4288 „Motellio
1360 4220 1392 4272 di·

356 4311 424 4362 citur
440 4332 482 4364 vas
511 4311 589 4365 simili
617 4313 717 4379 forma,
742 4315 786 4367 sed
812 4315 987 4386 oblongiore,
1018 4334 1099 4386 quam
1126 4312 1226 4366 matula
1245 4326 1272 4367 et
1285 4309 1389 4373 ,matella

356 4397 473 4451 Matellio
492 4412 580 4454 autem
599 4402 631 4459 ad
650 4401 731 4454 alium
751 4422 827 4456 usum
848 4416 919 4457 erat:
937 4425 1026 4477 neque
1046 4405 1111 4457 haec
1131 4422 1189 4455 rasa
1200 4412 1312 4473 propter
1324 4397 1388 4452 amis·

356 4502 411 4535 sam
430 4487 550 4541 notitiam
569 4490 671 4544 artificii
691 4503 716 4545 et
735 4493 802 4545 aeris
821 4492 952 4548 Corinthii
972 4493 1086 4565 amplius
1105 4501 1230 4562 poterant
1249 4483 1404 4553 fabricari-⁶⁴,
