3517 5450
470 718 521 790 46
790 738 962 787 rtatnoxt
989 737 1181 788 sroicoauu.

473 921 500 971 p.
518 902 587 964 3633
611 898 722 952 Beier.
741 898 769 950 in
789 898 890 953 lndicc.
909 897 943 950 ad
962 897 1131 970 Scriptorum
1151 897 1208 953 Cic.
1227 897 1375 962 Editiones,
1395 918 1420 968 p.
1438 901 1509 961 sta

472 989 610 1058 Herzog.
628 987 660 1040 ad
679 985 754 1040 Caes.
772 985 804 1040 B.
823 985 858 1039 G.
878 987 925 1052 Vi,
946 988 989 1038 13.
1013 1006 1040 1056 p.
1054 989 1115 1040 stt.
1163 987 1255 1040 Unum
1280 986 1353 1038 addo
1379 986 1467 1040 locum
1486 1006 1507 1038 er

472 1076 541 1129 libro
559 1077 592 1129 de
610 1077 676 1145 Rep.
694 1075 727 1140 ll,
745 1077 788 1128 31.
808 1094 833 1144 p.
845 1075 897 1127 301
917 1083 943 1125 et
960 1075 1022 1137 303,
1042 1074 1088 1127 ubi
1106 1074 1134 1126 in
1153 1072 1255 1128 Codice
1273 1073 1460 1145 antiquissimo
1475 1092 1507 1125 re·

472 1165 581 1236 scripto,
601 1164 695 1216 eodem
714 1162 801 1233 capite
821 1160 932 1230 legitur:
949 1159 1033 1229 legem
1048 1161 1115 1211 tulit
1127 1189 1170 1223 —,
1187 1180 1226 1212 ne
1244 1161 1323 1232 quis
1343 1161 1507 1230 magistratus

472 1253 553 1302 civem
568 1255 717 1303 Rauranum
734 1276 767 1289 ·-
784 1248 935 1301 verberaret
944 1268 953 1306 ‚·
972 1257 1012 1299 et:
1029 1247 1073 1298 lex
1090 1249 1191 1312 sanxit,
1209 1267 1246 1300 rie
1265 1247 1324 1320 qui
1343 1248 1506 1318 magistratus

472 1339 527 1391 sine
544 1338 731 1408 provocatione
750 1345 895 1389 crearetur.
931 1333 990 1388 ΜΓ.

541 1426 609 1477 Plus
624 1425 700 1494 apud
712 1442 752 1475 me
768 1433 858 1475 tamen
876 1441 940 1474 vera
959 1423 1031 1474 ratio
1050 1421 1171 1489 salebia]
1188 1426 1308 1486 „Tarm
1322 1422 1400 1474 abest
1412 1420 1445 1473 ab
1458 1438 1505 1472 une.

474 1516 545 1566 Vera
564 1514 651 1564 ratio:
681 1512 789 1568 Oratio,
818 1510 902 1562 duo.“
928 1509 1002 1562 Ald.
1028 1509 1158 1563 Manut.
1202 1512 1293 1573 „Vera
1317 1509 1451 1560 oratio:
1473 1507 1505 1560 aiii

472 1617 535 1653 vero
554 1599 671 1651 ratio.“
689 1598 722 1650 H.
740 1597 846 1651 Wolf.
866 1627 901 1636 -
921 1595 988 1652 Cod.
1005 1597 1086 1650 Drsd.
1101 1602 1126 1652 5.
1161 1597 1228 1649 Sed
1241 1597 1307 1666 plus
1326 1596 1404 1664 opud
1420 1614 1456 1646 me
1470 1613 1504 1645 ra-

472 1688 510 1739 tio
528 1687 636 1751 valebit,
655 1685 757 1738 omissis
776 1684 861 1736 verbis
883 1695 973 1736 tanuen
991 1695 1018 1738 et
1035 1703 1109 1736 aera.
1144 1683 1191 1736 Est
1208 1683 1270 1752 plus
1289 1693 1407 1734 tamen
1424 1697 1503 1751 apra
1542 1676 1543 1681 ’

471 1795 535 1829 vera
554 1787 610 1828 rat.
627 1775 726 1827 valebit
751 1775 779 1827 in
805 1771 891 1826 Codd.
917 1772 996 1839 Drsd.
1017 1778 1041 1826 2.
1069 1772 1165 1837 Duisb.
1197 1772 1268 1826 Gud.
1286 1771 1319 1825 C.
1360 1774 1432 1825 Vero
1448 1771 1502 1822 abest

472 1863 551 1916 etiam
571 1883 585 1915 a
605 1861 672 1915 Cod.
691 1861 762 1914 Gud.
782 1861 815 1914 Α.
837 1860 932 1914 Duisb.
951 1859 1010 1913 Cre.
1027 1864 1053 1914 t.
1076 1871 1167 1913 tamen
1183 1878 1248 1913 aera
1266 1860 1367 1913 absunt
1384 1859 1417 1911 ab
1436 1856 1500 1910 oet
1538 1880 1543 1933 p

472 1961 498 2004 et
515 1949 588 2014 Bas.;
612 1950 686 2003 abest
704 1961 793 2001 tamen
811 1969 826 2002 a
845 1948 927 2003 Drsd.
943 1952 978 2011 t;
1002 1948 1031 2002 in
1049 1947 1109 2002 Cra.
1129 1954 1153 2002 2.
1173 1959 1212 2002 est
1229 1950 1327 2001 oratio.
1364 1947 1458 2000 Abesse
1471 1944 1500 1996 di·
1542 1966 1543 1970 ¹

471 2038 507 2092 cit
525 2049 615 2089 tamen
633 2036 683 2091 Or.
702 2037 735 2090 ab
755 2035 822 2089 Edd.
840 2034 914 2090 Crat.
931 2035 1037 2090 Manat.
1055 2047 1081 2090 et
1097 2035 1235 2107 Magn01i3
1262 2037 1338 2089 abest
1353 2034 1419 2088 item
1436 2054 1448 2086 a
1464 2051 1499 2085 no·
1537 2046 1543 2082 Ἰ

470 2125 530 2180 stris
548 2123 609 2177 Car.
628 2123 720 2195 steph.
733 2123 813 2177 Aldd.
828 2127 908 2178 1517.
923 2128 1002 2179 1551.
1040 2123 1090 2176 Ed.
1109 2124 1171 2176 Par.
1189 2126 1269 2177 tstt.
1288 2132 1348 2175 lum
1360 2132 1498 2192 proteram.
1535 2140 1543 2197 q

471 2209 572 2278 Quare,
592 2222 618 2264 et
636 2222 749 2282 propter
765 2211 854 2264 sedem
874 2229 977 2281 ragam,
1001 2230 1052 2282 ego
1072 2229 1180 2284 quoque
1199 2230 1262 2266 cum
1281 2209 1331 2263 Or.
1352 2229 1411 2263 eam
1430 2223 1498 2260 vocent

471 2299 577 2352 uncinis
595 2297 700 2364 inclusi,
718 2317 790 2364 cum,
811 2299 884 2369 quod
904 2299 1044 2370 significat,
1066 2300 1200 2354 efficacius
1218 2299 1274 2352 fere
1291 2318 1360 2352 sono
1379 2292 1498 2368 significari
1532 2298 1543 2363 ξ

472 2385 560 2455 possit.
596 2383 770 2438 Gernhardus
788 2405 907 2458 quoque,
925 2406 1090 2458 quamquam
1110 2407 1198 2460 neque
1216 2387 1313 2441 abiecit
1329 2405 1418 2459 neque
1432 2382 1498 2438 iudu-
1537 2382 1543 2435 i

472 2472 519 2537 rit,
547 2472 668 2543 probavit
694 2473 819 2526 omissam
844 2473 872 2525 in
897 2473 998 2544 aliquot
1017 2474 1100 2529 libris.
1137 2475 1232 2544 Quid?
1260 2475 1333 2547 quod
1351 2473 1423 2526 idam
1439 2472 1498 2525 suan
1532 2476 1543 2527 'a

472 2559 589 2613 arridere
607 2580 684 2630 posse
701 2561 781 2627 dixit,
808 2561 880 2633 quod
906 2563 1004 2616 absunt
1027 2565 1060 2616 ab
1086 2583 1143 2616 uno
1166 2563 1216 2617 Ox.
1238 2563 1319 2616 verba
1342 2571 1431 2612 tamari
1446 2574 1498 2613 vert.
1530 2560 1543 2635 ζ.

472 2667 635 2720 quamquam
655 2668 744 2700 veram
763 2649 894 2702 rationem
913 2651 1025 2721 explicat
1051 2650 1184 2704 rationem
1209 2662 1235 2705 et
1259 2651 1396 2704 veritatem
1414 2659 1454 2702 aut
1468 2664 1498 2696 vt

472 2756 528 2789 ram
547 2738 822 2807 argumentationem,
842 2738 986 2812 laudatque
1005 2740 1197 2811 Fragmentum
1217 2739 1352 2793 Hortensii
1371 2737 1440 2809 apud
1455 2732 1498 2787 Pri-
1531 2763 1541 2791 a

471 2825 591 2877 scianum
615 2844 635 2878 s.
653 2845 676 2877 v.
702 2827 841 2879 detrahere
871 2829 997 2896 [debebat
1023 2848 1073 2900 pro
1098 2829 1238 2882 Prisciano
1265 2827 1377 2880 laudare
1403 2822 1497 2878 Nonium
1528 2827 1544 2882 ’ῃ

471 2909 655 2979 Marcellum]:
678 2916 715 2964 Ut
734 2932 766 2964 aa
785 2913 836 2965 sibi
855 2917 955 2967 ratio
973 2935 1037 2967 vera
1053 2917 1192 2980 restituat,
1211 2934 1280 2987 quae
1299 2914 1457 2967 consuetudo
1470 2910 1498 2962 ri·
1527 2937 1543 2969 ;

472 2998 543 3050 tiosa
562 2999 718 3053 detraxerit.
755 3000 785 3053 iu
804 3001 874 3055 libro
894 3004 926 3056 de
945 3003 1003 3057 011.
1020 3004 1098 3057 tertio
1117 3023 1140 3057 c.
1157 3006 1201 3058 tt.
1225 3012 1263 3055 est
1287 3021 1347 3054 cum
1373 3001 1411 3053 ad
1432 2995 1498 3051 veri·
1528 3008 1544 3057 ἰ

466 3084 579 3137 tatem
597 3088 669 3158 coepi
687 3106 809 3141 revocare
829 3092 1012 3145 rationem.
1048 3091 1107 3144 Mr.
1527 3114 1543 3148 ι

542 3175 630 3242 Quam
650 3175 726 3245 vulgi
740 3178 838 3246 opinio]
858 3177 926 3232 Cod.
944 3179 1050 3232 Suerin.
1070 3179 1168 3233 omittit
1186 3198 1266 3250 quam
1285 3188 1311 3231 et
1330 3176 1431 3229 exbibet
1443 3169 1498 3238 vultu¹
1526 3207 1544 3235 4

472 3262 600 3331 opinione.
636 3261 686 3315 Ed.
704 3263 765 3316 Par.
780 3284 799 3316 s.
813 3284 837 3317 a.
852 3267 943 3337 vulgo.
979 3267 1021 3319 Ad
1041 3267 1118 3319 rerba
1139 3267 1244 3320 confert
1259 3265 1341 3336 Borg.
1357 3263 1414 3317 cie.
1424 3263 1452 3315 de
1462 3256 1497 3309 Or·
1528 3296 1543 3325 ,

471 3348 516 3413 ΙΙΙ,
537 3351 567 3402 b:
595 3350 642 3401 sed
659 3353 785 3421 quoniam
803 3358 921 3423 oppressi
938 3356 992 3407 iam
1010 3375 1103 3407 sumus
1128 3352 1359 3423 opinionibus
1378 3370 1428 3402 non
1443 3345 1497 3399 metit
1526 3361 1544 3414 ᾗ

473 3436 586 3507 vulgi,
611 3456 703 3490 verum
721 3440 803 3491 etiam
821 3443 956 3493 lmmirium
974 3444 1069 3495 leuiter
1085 3444 1267 3495 eruditorum:
1294 3440 1423 3512 additque
1437 3430 1497 3489 rideri
1528 3452 1544 3504 Ι.

472 3540 562 3593 posse,
587 3535 717 3593 quantum
737 3526 808 3597 vulgi
826 3528 949 3600 opinioni
968 3529 1065 3583 Cicero
1084 3531 1206 3585 tribuerit
1223 3530 1251 3583 in
1272 3540 1381 3583 oratore
1399 3527 1435 3582 rel
1451 3540 1497 3595 pro·
1524 3555 1543 3593 ῃ

472 3609 560 3662 bando
581 3610 618 3662 rei
636 3610 832 3683 improbando,
850 3617 879 3669 in
898 3616 984 3671 Bruto
1003 3637 1027 3672 c.
1042 3623 1077 3672 50
1093 3639 1132 3690 sq.
1168 3618 1227 3670 Mr.

543 3698 636 3767 Neque
652 3717 701 3769 ego
720 3720 838 3771 unquam
857 3704 925 3756 bono
942 3707 1089 3773 perdidisse
1108 3705 1222 3773 dicam]
1251 3702 1321 3757 Cod.
1346 3701 1406 3756 Cra.
1422 3704 1445 3754 1.
1466 3712 1498 3747 ne·

472 3784 566 3855 quss’gtt
582 3784 663 3851 (sic);
682 3785 816 3853 Oruba.
833 3790 894 3845 Bas.
913 3793 994 3849 Drsd.
1010 3796 1044 3849 4.
1056 3798 1082 3848 5.
1102 3804 1162 3864 post
1181 3810 1300 3862 unquam
1317 3790 1420 3843 addunt
1434 3784 1498 3840 illua
1522 3802 1543 3854 ,p

472 3889 533 3924 cum
552 3871 621 3925 Edd.
641 3874 729 3929 Herw.
756 3877 788 3931 Η.
806 3878 895 3932 Wolf.
923 3877 996 3932 Crat.
1021 3878 1096 3933 Cam.
1115 3879 1184 3932 Sutt.
1205 3878 1290 3943 Petri,
1319 3876 1382 3930 Atd.
1399 3874 1468 3928 1511.
1482 3875 1499 3917 tl
1522 3902 1544 3942 ῃ

472 3960 550 4011 1551.
570 3957 645 4029 sylb.
664 3961 769 4016 Sturm.
785 3965 877 4019 Lamb.
895 3967 1008 4020 Lambb.
1026 3966 1095 4020 Aud.
1113 3966 1172 4019 Tal.
1192 3977 1218 4019 et
1234 3964 1339 4037 aliquot
1357 3962 1441 4017 Codd.
1455 3951 1498 4011 1111
1522 3994 1544 4032 3

471 4044 600 4099 Manutii:
629 4049 709 4102 Vides
735 4051 817 4122 igitur
841 4074 1028 4121 amaracum,
1057 4055 1103 4126 qui
1122 4054 1191 4107 Edd.
1209 4053 1322 4106 Lambb.
1341 4037 1499 4122 (posittttl
1521 4084 1544 4119 t

472 4136 588 4201 curavit,
616 4138 689 4207 quod
715 4139 819 4211 scripsit
843 4142 871 4194 in
896 4161 982 4213 marg.
1000 4142 1072 4193 illud
1089 4160 1145 4194 esse
1164 4141 1193 4194 in
1213 4139 1281 4195 Cod.
1299 4149 1351 4192 ret.
1370 4136 1449 4191 nullo.
1477 4129 1498 4181 1ῃ
1521 4163 1544 4205 5

472 4220 530 4275 Cra.
549 4226 574 4275 1.
599 4234 637 4276 est
662 4244 781 4297 unquam
806 4228 881 4280 dico
908 4229 990 4295 bona,
1018 4229 1045 4282 in
1065 4229 1146 4283 Drsd.
1165 4233 1191 4283 5.
1216 4247 1265 4298 ego
1290 4227 1379 4277 dicam
1396 4230 1499 4293 uan’
1521 4236 1543 4296 iu

472 4308 577 4379 in0Crz.
597 4316 621 4363 2.
639 4313 786 4379 perdidisse
805 4313 872 4367 bona
893 4318 992 4382 dicam,
1014 4319 1043 4370 in
1060 4317 1140 4370 Drsd.
1159 4319 1185 4369 4.
1205 4315 1277 4367 deest
1296 4314 1398 4376 meam,
1416 4301 1501 4394 snitu
1523 4334 1544 4395 »p

472 4414 591 4466 unquam
609 4398 702 4469 illud
718 4399 796 4456 bona.
832 4403 862 4455 ln
883 4423 957 4478 seqq.
975 4405 1107 4459 fluctuant
1126 4403 1204 4467 libri,
1231 4412 1261 4455 ut
1285 4419 1384 4471 supra,
1412 4399 1501 4450 insert
1523 4426 1535 4471 q

474 4483 520 4552 qui
537 4492 563 4535 et
580 4483 604 4534 si
622 4484 692 4554 quis.
729 4485 787 4558 Ego
807 4501 921 4545 veterem
940 4505 980 4560 et,
1008 4504 1038 4548 ut
1056 4490 1204 4548 Niebubrio
1224 4507 1334 4562 quoque
1358 4487 1440 4539 risum
1463 4493 1503 4533 esse
1524 4511 1544 4568 ι,Ι
