3517 5450
464 709 512 781 76
796 728 967 775 rtnrnoxs
996 727 1192 776 srorcorun.

461 893 523 946 illos
542 891 674 963 cogitasse
691 889 719 939 in
738 888 796 940 vita
815 907 836 940 s.
854 906 892 951 e.,
910 897 1045 959 quattuor.
1091 891 1214 939 Putasne
1233 888 1294 940 illos
1313 887 1342 939 in
1363 888 1421 940 vita
1441 891 1505 960 quie-

463 998 544 1053 quam
563 998 584 1038 s.
603 977 735 1048 cogitasse
754 992 826 1043 esp„
846 974 976 1046 quinque.
1022 974 1070 1026 Aa
1085 984 1218 1043 putamus
1234 995 1283 1027 nos
1300 976 1363 1029 illos
1383 978 1507 1049 cogitasse

463 1067 610 1139 quidquam
626 1065 656 1116 iu
674 1065 734 1115 uita
751 1081 774 1114 s.
791 1080 829 1124 e.‚
844 1072 907 1114 tres.
944 1066 1080 1113 Putamus
1098 1081 1145 1114 nos
1163 1063 1224 1114 illos
1244 1064 1396 1135 quidquam
1413 1067 1441 1117 in
1458 1067 1508 1118 vita

463 1174 485 1211 s.
503 1174 538 1217 e.‚
556 1171 634 1206 unus.
677 1153 800 1201 Putasne
824 1167 877 1200 non
901 1149 963 1200 illas
987 1150 1136 1220 cogitasse,
1154 1150 1302 1222 quidquam
1323 1150 1353 1202 in
1371 1152 1431 1203 vita
1449 1173 1469 1210 s,
1482 1174 1507 1216 e,

462 1260 539 1295 unus.
576 1245 745 1292 Putamusne
757 1237 818 1288 ilios
829 1237 961 1307 cogitasse
973 1237 1115 1309 quiequam
1128 1239 1156 1289 in
1168 1238 1259 1306 vitas.
1271 1257 1302 1293 e.‚
1314 1239 1380 1291 duo.
1412 1243 1459 1292 An
1471 1261 1508 1292 co-

460 1331 563 1401 gitasse
583 1326 689 1398 aliquid
705 1326 733 1375 in
753 1324 811 1376 vita
823 1343 846 1378 s.
855 1343 887 1386 e.,
906 1334 932 1377 et
950 1323 1069 1376 additum
1081 1334 1212 1392 putamus
1222 1334 1281 1396 post
1296 1343 1342 1392 aa,
1361 1345 1441 1379 unus.
1468 1330 1507 1381 An

462 1417 595 1488 cogitasse
612 1413 664 1466 sibi
675 1414 704 1464 iu
723 1412 782 1462 uita
800 1411 1016 1483 quidquamexp.
1030 1422 1056 1465 et
1065 1411 1184 1464 additum
1201 1422 1334 1482 putamus
1348 1415 1420 1479 illos,
1438 1435 1505 1469 unus

461 1503 495 1555 Et
516 1521 566 1573 pro
584 1500 759 1570 expetendum
770 1499 823 1550 nisi
836 1498 914 1569 quad,
933 1516 1042 1550 novem:
1063 1501 1238 1568 expetendum
1255 1519 1331 1553 esse
1349 1504 1405 1555 nisi
1423 1505 1507 1576 quod.“

464 1592 545 1642 Vetus
563 1587 625 1640 Car.
643 1586 787 1659 Stephani:
806 1605 843 1637 au
861 1586 995 1657 cogitasse
1014 1586 1157 1658 quicquam
1175 1605 1220 1639 eos
1234 1599 1426 1657 putamus-
1443 1590 1507 1656 „At-

464 1678 609 1744 undumus]
631 1676 768 1743 cogitasse
788 1673 934 1744 quidquam
951 1673 981 1723 in
998 1672 1071 1724 sita.-
1088 1674 1125 1727 sic
1142 1673 1280 1727 Palatinus
1298 1677 1451 1730 secundus:
1468 1696 1506 1728 ne·

463 1785 516 1837 que
534 1764 641 1816 recessit
660 1762 708 1815 Ed.
735 1760 861 1827 Victorii,
894 1780 975 1832 quarn
1001 1760 1074 1832 quod
1103 1762 1159 1814 sine
1186 1763 1336 1834 parenthesi
1365 1767 1506 1837 expresserit

463 1853 640 1904 abundamus.
667 1869 703 1900 an
731 1851 863 1921 cogitasse
881 1860 932 1901 etc.
976 1848 1052 1902 Aliae
1070 1848 1216 1902 intrusere:
1245 1851 1426 1908 abundamus.
1469 1857 1505 1908 An

460 1950 590 2010 putamus
609 1955 766 2009 quemquam
785 1938 879 1988 brorum
898 1937 1031 2007 cogitasse
1049 1938 1194 2009 quicquam
1211 1938 1241 1989 in
1259 1941 1320 1990 uita
1339 1945 1412 1994 etc.“
1431 1943 1505 1995 Gru·

463 2040 524 2082 ter.
560 2028 609 2093 „ln
628 2027 654 2079 h.
672 2025 689 2077 Ι.
709 2045 736 2078 se
755 2037 855 2078 torsere
883 2024 930 2075 viri
951 2023 1022 2076 docti
1041 2034 1067 2077 et
1084 2024 1208 2078 editores.
1256 2025 1330 2094 Quia
1354 2030 1505 2081 constructio

464 2136 518 2169 non
535 2117 687 2181 constabat,
706 2115 837 2167 intrusere
855 2111 967 2182 aliquid.
1014 2111 1144 2165 Graevius
1172 2125 1231 2183 post
1255 2114 1390 2188 Langium
1418 2117 1505 2188 recepit

461 2216 606 2276 putamus,
627 2201 700 2274 quod
719 2202 801 2255 estin
823 2199 891 2251 Edd.
909 2219 964 2269 pr.‚
993 2197 1038 2251 sed
1067 2219 1128 2252 curn
1149 2220 1199 2252 an:
1220 2219 1257 2253 an
1283 2205 1419 2274 cogitasse
1443 2207 1504 2276 quic-

464 2311 545 2365 quam
560 2289 713 2361 putamus?
733 2288 805 2360 quod
825 2287 919 2340 delevit
937 2287 1060 2358 langius.
1097 2288 1150 2342 Sed
1169 2289 1204 2343 ite
1223 2303 1284 2343 ente
1303 2293 1385 2345 scribi
1405 2293 1504 2345 debebat

463 2379 669 2432 innumerabiles
688 2377 765 2428 alios.
796 2376 826 2428 ln
846 2375 896 2426 alii
913 2375 1031 2446 intellige
1047 2388 1210 2446 spectauere,
1229 2378 1318 2430 secuti
1335 2391 1415 2445 sunt,
1437 2400 1502 2433 esu·

464 2467 622 2540 perioribus.
647 2465 691 2517 sed
719 2464 850 2535 cogitasse
872 2483 936 2516 sane
957 2465 1067 2516 verbum
1095 2464 1239 2531 desideret,
1266 2487 1280 2520 s
1314 2489 1370 2541 quo
1396 2470 1502 2540 pendeat

465 2558 556 2628 ltaque
573 2565 702 2623 putamus
719 2563 745 2605 et
762 2552 818 2622 ipse
833 2551 936 2618 addidi,
963 2554 1025 2624 quis
1045 2554 1072 2606 in
1093 2554 1167 2607 libris
1185 2554 1276 2607 multis
1295 2569 1433 2627 repertum
1451 2559 1502 2610 esu*

464 2642 539 2696 Ern.
577 2641 865 2708 „Andamnatetiam
886 2640 1180 2696 pithoeant‘Graev.
1216 2641 1281 2697 Ore.
1299 2644 1329 2697 E.
1341 2644 1375 2699 U.
1394 2652 1502 2698 Putasne

463 2732 524 2785 illos
542 2730 570 2782 in
589 2732 647 2782 vita
666 2730 809 2802 quicquam
829 2730 880 2782 sibi
900 2749 957 2782 esse
974 2733 1148 2800 expetendum
1169 2734 1323 2803 cogitasse?
1342 2733 1365 2785 l.
1382 2756 1406 2804 q.
1426 2739 1502 2788 Puta-

465 2838 524 2871 mus
542 2838 588 2869 nos
599 2817 667 2869 'illos
686 2819 818 2888 cogitasse
836 2820 979 2890 quicquam
997 2821 1026 2870 in
1043 2820 1097 2870 bac
1115 2825 1174 2872 vita
1186 2821 1238 2872 sibi
1256 2840 1312 2874 esse
1330 2825 1501 2892 expetendum·

465 2907 515 2962 0¹.
532 2906 563 2959 N.
582 2911 716 2958 Putamus
733 2923 777 2957 eos
795 2907 939 2977 quicquam
956 2908 1090 2977 cogitasse
1110 2908 1253 2980 quicquum
1271 2912 1299 2960 in
1320 2910 1379 2961 vita
1393 2911 1444 2963 sibi
1459 2928 1501 2962 esse

465 3014 524 3065 exp.
561 2993 612 3047 Os.
631 3011 661 3055 ψ.
692 2996 739 3046 An
756 2995 908 3065 cogitamus
933 3014 981 3047 nos
1006 2996 1068 3047 illos
1094 3006 1208 3065 putasse
1232 3000 1377 3070 quicquam
1407 3002 1435 3051 in
1457 3000 1501 3052 uita

464 3083 516 3137 sibi
540 3102 599 3152 exp.
626 3082 690 3135 On.
708 3080 728 3133 Ι.
747 3082 779 3134 N.
806 3082 841 3135 U.
860 3102 885 3150 q.
903 3100 928 3137 o.
946 3100 974 3144 u.
999 3093 1067 3133 esset
1092 3085 1134 3152 (ut
1160 3104 1209 3136 nos
1231 3085 1350 3155 edimus)
1376 3106 1426 3157 pro
1447 3105 1500 3143 esse:

465 3170 571 3224 Suerin.
590 3189 626 3222 an
643 3179 772 3239 putamus
792 3188 838 3221 nos
856 3169 918 3222 illos
936 3172 1069 3242 cogitasse
1086 3200 1122 3210 —
1140 3173 1194 3224 nisi
1214 3175 1287 3243 quod
1307 3175 1384 3228 laud.
1403 3187 1468 3228 esset
1482 3186 1501 3225 et

463 3260 633 3330 praeclarum
656 3259 801 3312 uideretur.
843 3258 914 3311 Gud.
941 3260 976 3313 Α.
1014 3263 1060 3312 An
1086 3262 1218 3331 cogitasse
1243 3261 1295 3312 sibi
1318 3264 1460 3336 quiequam
1481 3264 1501 3311 in

466 3350 525 3401 uita
543 3365 601 3417 exp.
621 3345 674 3398 nisi
691 3346 763 3417 quod
779 3355 820 3397 est
847 3346 923 3396 laud.
953 3357 981 3396 et
1004 3348 1175 3415 praeclarum
1201 3348 1346 3404 videretur.
1394 3349 1463 3403 Gud.
1480 3347 1501 3398 ll.

465 3455 521 3489 esse
539 3455 613 3506 exp„
631 3446 687 3487 tum
709 3433 783 3486 laud.
801 3444 903 3486 esset.
940 3432 1011 3485 Gud.
1021 3432 1061 3498 (1.,
1081 3446 1110 3486 ut
1127 3434 1192 3487 Osr.
1212 3434 1243 3486 Ε.
1263 3433 1311 3499 lJ.;
1333 3433 1402 3489 Cot.
1420 3436 1500 3489 Duisb.

466 3524 672 3595 cogitassentne
695 3522 761 3591 (hoc
791 3540 824 3572 ne
842 3521 1061 3592 interrogativum
1086 3541 1136 3574 nos
1168 3523 1352 3593 recipiendum
1383 3524 1502 3589 duximus)

467 3614 553 3683 quicq.
572 3613 600 3661 in
619 3611 677 3663 vita
695 3608 746 3661 sibi
763 3627 819 3660 esse
836 3628 897 3677 exp.
915 3611 969 3662 nisi
988 3608 1072 3681 quid
1093 3610 1203 3663 laudab.
1228 3621 1257 3661 et
1281 3614 1383 3680 praeci.
1403 3633 1457 3665 esse
1473 3612 1502 3662 oi-

467 3700 593 3758 deretur,·
612 3695 671 3749 Cre.
690 3700 715 3749 1.
733 3708 864 3765 putamus
880 3716 929 3750 nos
945 3717 990 3750 eos
1009 3699 1096 3770 quicq.
1122 3699 1150 3749 in
1168 3699 1227 3751 uita
1245 3698 1298 3750 sibi
1314 3718 1373 3751 esse
1395 3721 1453 3771 esp.
1471 3720 1503 3751 co-

465 3788 581 3857 gitasse,
599 3787 651 3838 nisi
670 3787 743 3857 quod
759 3786 834 3838 laud.
855 3796 925 3839 esset
943 3796 971 3837 et
986 3788 1087 3856 praeci.
1108 3788 1234 3839 videatur
1243 3806 1253 3848 ‚·
1274 3784 1334 3838 Cre.
1348 3793 1372 3841 2.
1391 3806 1428 3839 an
1445 3786 1503 3858 cogi-

467 3883 541 3924 tasse
559 3872 664 3945 aliquid
682 3874 710 3924 in
729 3875 787 3925 uita
804 3882 892 3944 expet.
911 3872 963 3924 sibi
980 3875 1034 3925 nisi
1051 3874 1124 3945 quod
1140 3875 1216 3925 laud.
1235 3885 1261 3925 et
1278 3876 1381 3943 praeci.
1402 3894 1457 3929 esse
1473 3874 1504 3927 ui·

467 3962 583 4016 deretur.
609 3960 667 4015 Cre.
687 3964 712 4015 3.
739 3981 791 4013 nan
821 3963 954 4032 cogitasse
978 3981 1135 4035 quemquam
1161 3963 1254 4033 (supra
1280 3962 1329 4016 lin.
1348 3965 1449 4037 quicq.)
1462 3981 1503 4033 pu·

466 4061 558 4102 tamus
576 4048 627 4102 sibi
643 4069 702 4119 exp.
717 4051 746 4100 in
763 4050 830 4103 vito.
856 4049 942 4104 Codd.
954 4052 1034 4105 Bern.
1055 4062 1081 4104 et
1098 4049 1158 4104 Bas.
1166 4061 1300 4121 putamus
1309 4071 1359 4104 nas
1373 4052 1435 4104 illos
1444 4051 1504 4125 quir-

467 4156 548 4210 quam
566 4137 595 4187 in
614 4138 672 4188 vita
691 4136 742 4188 sibi
758 4154 816 4206 esp.
835 4156 892 4189 esse
911 4139 1058 4210 cogitasse,
1077 4140 1130 4191 nisi
1148 4139 1220 4210 quod
1235 4139 1254 4193 l.
1272 4150 1301 4189 et
1325 4160 1371 4209 pr.
1398 4159 1454 4193 esse
1475 4140 1506 4194 ei·

467 4224 596 4277 deretur?
613 4226 692 4278 Drsd.
712 4229 737 4277 1.
756 4244 810 4277 nan
829 4224 908 4279 habet
923 4238 1068 4295 putamus,
1092 4240 1149 4281 turn
1169 4227 1272 4282 exhibet
1300 4230 1354 4281 sibi
1378 4252 1434 4285 esse
1453 4251 1507 4302 esp,

467 4312 596 4383 denique:
614 4312 689 4366 laud.
709 4321 737 4363 et
750 4314 851 4380 praeci.
868 4331 925 4365 esse
943 4316 1095 4377 uideretur,¹
1113 4316 1194 4371 Drsd.
1213 4322 1237 4369 ².
1280 4320 1329 4371 An
1356 4323 1463 4395 aliquid
1478 4322 1509 4372 di-

469 4408 510 4447 cet
528 4400 659 4469 cogitasse
677 4398 728 4450 sibi
746 4418 800 4451 esse
818 4419 877 4470 exp.
886 4421 896 4460 5
915 4400 994 4455 Drsd.
1011 4407 1036 4457 3.
1055 4423 1092 4456 an
1105 4414 1413 4481 putemusqucmquam
1430 4413 1510 4464 borum

469 4486 601 4556 cogitasse
620 4487 706 4557 quicq.
726 4484 753 4539 in
775 4488 832 4539 vito
851 4490 903 4540 sibi
919 4508 976 4543 esse
995 4523 1027 4533 -
1047 4494 1123 4547 laud.
1151 4505 1177 4543 et
1202 4497 1306 4562 praecl.
1337 4515 1396 4550 esse
1422 4499 1512 4552 videre·
