3517 5450
459 704 532 780 332
868 723 1031 774 assumus
1059 723 1111 771 iv«

459 889 592 961 exponatis
611 888 715 940 velim.“
766 883 837 952 lam,
865 898 894 938 ut
911 899 972 940 sunt
991 887 1111 950 iuvenes,
1141 902 1235 938 omues
1261 883 1319 937 t'ere
1348 883 1500 937 emendandi

459 976 664 1048 corrigendique
690 974 832 1045 cupiditate
857 975 966 1041 ardere,
1003 973 1153 1046 paucissimi
1182 972 1216 1026 de
1245 971 1307 1026 loco
1338 972 1499 1026 defendendo

459 1067 583 1138 cogitare.
629 1064 687 1135 Ego
712 1082 773 1115 vero
803 1065 831 1115 in
850 1082 941 1116 causas
968 1061 1141 1115 dubitationis
1165 1060 1236 1113 illius
1260 1059 1428 1130 inquirendo
1445 1060 1500 1113 illud

458 1152 521 1205 mibi
541 1151 668 1222 reperisse
688 1151 808 1214 videbar,
837 1169 928 1203 vocem
954 1159 1082 1201 accurate
1108 1147 1210 1220 aliquid
1234 1146 1322 1201 laudis
1339 1147 1453 1216 babere,
1474 1150 1502 1200 ab

457 1239 652 1310 Epicureorum
670 1237 711 1305 (bi
730 1238 802 1291 enim
820 1236 981 1308 tanguntur)
1008 1235 1214 1308 reprehensione
1240 1235 1371 1289 alienum.
1421 1234 1503 1302 Quare

458 1345 520 1380 cum
539 1326 664 1398 postridie
682 1326 738 1378 eius
755 1325 807 1379 diei
826 1325 1048 1390 convenissemus,
1068 1325 1105 1377 rix
1124 1323 1300 1377 audiebamus
1318 1341 1374 1390 eos,
1396 1325 1441 1394 qui
1454 1324 1504 1376 rul-

457 1427 544 1487 gatam
560 1413 734 1468 defenderent
746 1413 831 1467 alletis
840 1413 916 1479 locis,
936 1412 1028 1485 quales
1037 1412 1063 1465 bi
1073 1424 1135 1466 sunt
1146 1412 1180 1465 de
1193 1410 1266 1465 Clar.
1285 1410 1366 1466 Orat.
1381 1415 1425 1478 8⁰,
1442 1415 1502 1467 stt:

457 1504 540 1574 deque
558 1522 588 1554 eo
606 1503 714 1553 crimine
732 1513 910 1554 accurate
927 1512 954 1553 et
972 1502 1106 1574 exquisite
1125 1501 1341 1569 disputavisse&
1362 1499 1400 1553 ib.
1408 1506 1452 1567 22,
1461 1506 1504 1556 86:

456 1609 499 1656 se,
527 1607 596 1660 quae
610 1589 740 1659 fecisset,
766 1589 873 1642 honoris
891 1582 982 1642 eorum
1006 1606 1106 1653 causa,
1135 1587 1254 1639 studiose
1279 1599 1503 1659 accurateque

452 1676 570 1745 see-isser
590 1675 622 1728 de
641 1675 701 1729 Nat.
715 1676 798 1729 Deor.
818 1675 837 1740 l,
857 1668 945 1743 esta:
971 1694 1031 1727 cum
1056 1685 1227 1728 accurate
1247 1693 1313 1726 sane
1344 1686 1373 1727 et
1399 1677 1502 1746 diligen-

458 1772 499 1813 ter
518 1762 549 1812 de
568 1762 619 1813 diis
637 1763 832 1817 immortalibus
851 1764 1023 1833 disputatum
1040 1774 1091 1818 eet.
1138 1762 1199 1828 llis,
1225 1773 1252 1814 et
1271 1782 1342 1833 quos
1361 1765 1505 1835 complures

457 1849 618 1916 asserebant,
648 1850 714 1905 locis
731 1852 857 1904 omnibus
875 1850 982 1904 laudem
1001 1851 1133 1906 contineri
1152 1849 1348 1903 contendentes
1367 1850 1401 1902 ad
1419 1870 1504 1904 ernen-

457 1936 576 1990 dandum
595 1958 644 1992 nos
660 1939 897 2011 componebamus.
940 1938 1029 2010 Atque
1047 1938 1094 2011 qui
1117 1937 1251 2010 primum,
1283 1938 1359 1991 nulla
1384 1938 1461 2010 plane
1477 1939 1504 1990 li-

457 2026 568 2078 brorum
587 2027 739 2098 scriptionis
754 2027 904 2098 ductusque
923 2026 1060 2100 literarum
1088 2025 1191 2079 ratione
1214 2024 1321 2091 babila,
1351 2028 1505 2098 copioseque,

459 2113 820 2186 quiqueelnliorateque
838 2115 1042 2186 proponebant,
1067 2113 1155 2167 statim
1173 2113 1260 2166 valere
1286 2112 1367 2179 inssi,
1398 2113 1430 2166 iis
1451 2113 1504 2167 loco

458 2202 636 2267 decedebant,
665 2203 710 2273 qui
738 2203 869 2273 anxieque
895 2203 996 2275 quique
1021 2212 1101 2253 acute
1125 2200 1287 2272 proferrent.
1339 2199 1382 2254 Ac
1412 2204 1505 2273 priores

459 2289 566 2360 quidem
585 2289 721 2342 neminem
744 2301 849 2360 praeter
864 2290 1033 2344 Macrobium
1059 2291 1087 2342 in
1112 2288 1259 2342 subsidium
1287 2289 1437 2356 vocabant,
1465 2294 1504 2361 qui

458 2376 591 2430 Saturnal.
612 2377 656 2443 Vl,
675 2381 705 2431 t:
731 2397 812 2449 quum
833 2377 980 2448 Virgilius,
1005 2377 1125 2448 scripsit,
1144 2377 1250 2431 anxie
1276 2395 1382 2447 semper
1401 2380 1504 2451 diligere

454 2465 591 2534 fueritin
612 2465 696 2518 verbis
716 2493 749 2506 -
767 2464 914 2535 ponendis5
943 2463 1050 2517 bivero
1070 2464 1157 2536 iprum
1176 2462 1342 2518 Ciceronem
1367 2478 1503 2538 patronum

456 2564 649 2625 auctoremque
666 2552 763 2606 babere
782 2573 808 2606 se
827 2552 1014 2618 clamitabant,
1033 2553 1080 2625 qui
1100 2552 1132 2605 de
1150 2551 1307 2605 Stoicorum
1323 2554 1504 2625 disputationi-

459 2642 508 2694 bus
525 2640 638 2714 loquens
655 2662 734 2712 saepe
752 2652 850 2694 acutas
868 2661 912 2694 eas
929 2641 1117 2713 appellaverit,
1146 2661 1168 2692 r.
1187 2659 1213 2695 c.
1231 2640 1265 2693 de
1283 2640 1347 2695 Nat.
1365 2641 1449 2696 Deor.
1466 2641 1504 2707 lll,

458 2717 484 2793 Ἰ,
494 2732 543 2782 18:
563 2732 727 2802 Zenonisque
739 2730 828 2784 breves
845 2742 872 2782 et
890 2731 1060 2783 acutulas
1079 2729 1278 2789 conclusionem
1291 2758 1329 2768 --
1349 2731 1504 2787 Antiochum

460 2836 521 2870 vero
539 2816 743 2890 philosophum,
763 2837 843 2890 quern
862 2818 963 2891 Aeadd.
983 2817 1016 2885 ll,
1035 2823 1078 2872 21.
1113 2817 1265 2870 Stoicorum
1284 2819 1505 2889 adstipulatorem

459 2904 534 2972 dixit,
560 2906 593 2959 de
611 2906 670 2960 Nat,
690 2906 773 2961 Deor.
791 2907 810 2972 l,
827 2912 853 2973 t,
881 2911 925 2963 lli.
943 2908 1072 2959 Ιιοηιὶηοιη
1097 2906 1238 2976 inprimis
1266 2918 1413 2960 acutum
1437 2908 1505 2961 luisse

460 2995 634 3049 contenderit.
669 2995 728 3065 Ego
747 3015 823 3061 vero,
848 2996 884 3049 lta
904 3009 955 3061 est,
975 2996 1100 3066 inquam:
1127 2994 1233 3048 Stoicos
1260 3004 1360 3047 acutos
1387 2996 1451 3049 dixit
1467 2995 1505 3047 ci-

460 3102 535 3134 cero:
553 3082 597 3135 sed
617 3082 779 3153 Epicureos,
797 3103 864 3155 quos
883 3096 975 3137 nostro
993 3084 1101 3155 quidem
1121 3085 1207 3154 tangit
1221 3082 1299 3150 loco,
1320 3084 1394 3137 idem
1412 3088 1445 3139 de
1462 3084 1506 3137 Ol·

460 3168 503 3221 src.
521 3168 565 3235 lll,
578 3172 604 3233 ll,
620 3171 662 3223 39.
683 3168 827 3223 admodum
847 3172 972 3243 ambigue
991 3171 1091 3225 laudat:
1110 3173 1214 3225 dicens:
1228 3174 1388 3242 philosophi
1401 3175 1506 3245 quidun,

460 3255 563 3307 rainime
582 3257 648 3308 moli
663 3256 706 3308 itti
725 3258 843 3328 quidem,
873 3260 921 3311 s'ed
939 3280 991 3312 non
1017 3261 1087 3311 satis
1111 3260 1220 3312 acuti.
1277 3258 1345 3327 Quo
1365 3262 1458 3316 audito
1475 3260 1506 3314 itti

461 3363 568 3417 quoque
587 3345 661 3411 „sine
679 3345 776 3398 sudore
794 3365 826 3400 ac
845 3348 999 3418 sanguine“
1017 3367 1090 3401 arma
1110 3347 1297 3419 deponebant,
1318 3349 1367 3420 qui
1377 3388 1386 3416 ,
1406 3370 1465 3406 curn
1479 3350 1507 3402 de

461 3432 509 3486 Or.
529 3433 560 3499 ll,
579 3439 605 3498 4,
623 3436 665 3486 18.
684 3433 821 3510 legissent:
852 3436 886 3493 ὼ
905 3435 984 3495 rebus
1007 3446 1059 3494 aut
1081 3435 1257 3514 difficillimis
1275 3446 1330 3487 aut
1348 3457 1405 3490 non
1429 3457 1507 3491 neces·

460 3522 541 3574 soriis
559 3522 789 3595 argutissime
807 3523 963 3593 disputare,
982 3523 1145 3597 proposituri
1164 3534 1241 3576 erant
1258 3536 1454 3598 arguteque
1469 3526 1507 3576 ds·

456 3610 592 3680 semlant:
610 3620 682 3664 recte
700 3611 772 3664 enim
791 3614 952 3683 reputabant
969 3625 1084 3687 argutos
1111 3612 1164 3668 dici
1188 3610 1341 3683 Epicureos
1369 3632 1507 3687 nunquam,

460 3718 563 3770 neque,
593 3698 643 3754 nisi
666 3717 728 3755 curn
758 3699 855 3755 acerba
874 3702 989 3775 quadam
1017 3701 1140 3756 irrisione
1158 3710 1274 3772 argutos
1293 3701 1348 3756 dici
1368 3702 1508 3775 potuisses

461 3782 601 3839 Cicerone.
635 3788 706 3841 Tum
726 3808 795 3841 unus
816 3808 830 3842 e
850 3790 973 3862 reliquis,
997 3790 1111 3847 fidenter
1126 3807 1189 3842 sane
1207 3800 1234 3841 et
1252 3788 1397 3843 victoriam
1415 3789 1507 3865 praeei-

461 3872 537 3943 piens
554 3873 660 3939 animo,
681 3873 761 3945 quid,
780 3875 883 3947 inquit,
911 3877 1024 3931 vosalia
1053 3874 1257 3947 circumspicitis
1276 3877 1428 3942 vocabula,
1455 3895 1507 3933 cun

460 3961 544 4031 ipsam
564 3962 702 4015 Ciceronis
721 3982 831 4016 manum
850 3964 877 4018 in
897 3965 971 4019 libris
989 3964 1107 4018 babeatis
1124 3963 1271 4016 omnibus?
1291 3964 1375 4035 legite
1394 3985 1447 4018 una
1463 3963 1507 4035 syl·

462 4049 520 4104 laba
539 4048 657 4104 abiectae
683 4060 757 4106 arcte
777 4063 870 4107 tenent
889 4072 927 4106 ac
947 4063 1072 4107 curate
1091 4052 1259 4123 defendunt,
1280 4051 1355 4121 sire,
1385 4054 1407 4108 si
1427 4053 1507 4125 placet,

461 4138 536 4205 (nam
554 4137 701 4191 liberaliter
719 4140 854 4194 vobiscum
873 4142 965 4213 agam)
994 4152 1069 4194 arcte
1087 4150 1179 4194 tenent
1207 4150 1402 4213 curateque
1427 4140 1507 4213 defen-

462 4225 538 4279 dunt.
574 4224 636 4280 Mos
656 4246 726 4295 vero,
746 4247 807 4282 curn
827 4250 967 4302 uunquam
987 4229 1149 4285 Ciceronem
1167 4228 1203 4286 ite
1220 4228 1347 4284 locutum
1368 4249 1425 4283 esse
1443 4246 1506 4301 prae-

463 4326 554 4385 ceptor
572 4335 632 4369 eum
651 4316 812 4382 edocuisset,
832 4322 969 4376 conticuit.
1015 4320 1109 4389 Quare
1126 4336 1178 4389 ego
1197 4316 1321 4389 denique
1348 4338 1415 4373 cum
1433 4317 1507 4390 paucis

463 4422 569 4456 exorsus
595 4405 923 4480 meamqualemcunque
950 4409 1130 4481 suspicionem
1158 4408 1278 4478 protuli,
1312 4411 1455 4483 suasique,
1479 4415 1506 4465 ul

464 4489 526 4542 dum
541 4491 640 4546 *melius
657 4496 721 4563 quid
751 4496 931 4565 proferretur,
955 4498 1118 4569 legeremus:
1146 4508 1223 4549 arcte
1248 4491 1346 4556 tenent
1372 4503 1506 4555 acriter·
