3517 5450
452 713 527 788 276
783 731 958 782 rsrsooxs
986 734 1180 784 srorcorou.

454 899 534 976 satori
553 896 617 950 iuris
637 896 737 968 perito,
766 906 858 966 estque
888 893 1091 964 intelligendum
1110 893 1143 945 de
1171 894 1361 960 concussione,
1390 904 1503 966 quaeest

454 987 572 1050 crimen,
593 1004 647 1056 quo
666 984 726 1056 quis
744 981 856 1037 alterum
876 982 967 1036 illicite
988 992 1069 1035 terret
1087 981 1243 1035 intentanda
1261 982 1436 1036 accusatione
1452 1001 1506 1054 gra·

454 1075 533 1129 eioris
552 1072 686 1140 criminis,
708 1072 747 1125 vel
763 1070 916 1125 simulando
936 1070 1003 1122 iussa
1023 1080 1069 1123 aut
1090 1069 1176 1123 minas
1194 1069 1419 1141 magistratuum,
1436 1081 1463 1124 ut
1478 1071 1507 1122 ab

456 1183 489 1216 eo
507 1162 649 1236 pecuniam
668 1171 823 1232 extorqueat
842 1159 955 1231 periculi
982 1159 1079 1212 vitandi
1102 1177 1189 1212 causa.
1233 1158 1297 1212 Vid.
1315 1158 1349 1211 B.
1367 1157 1507 1211 Brissonins

457 1252 490 1305 de
510 1252 591 1304 Verb.
611 1249 707 1321 Signis.
725 1268 763 1301 rr.
783 1248 920 1300 concussio
938 1257 965 1300 et
983 1257 1124 1299 concutere
1131 1267 1141 1307 ,-
1159 1246 1194 1300 Η.
1212 1244 1244 1297 E.
1263 1243 1422 1298 Dirksen
1440 1245 1505 1298 Man.

457 1341 514 1395 Lat.
532 1339 610 1392 Font.
635 1340 689 1391 lur.
710 1334 765 1390 Cir.
782 1335 861 1389 Rom.
887 1355 909 1387 v.
929 1336 1068 1388 concussio
1086 1355 1113 1407 p.
1133 1338 1202 1399 1813
1232 1344 1258 1388 et
1286 1333 1383 1388 iisdem
1407 1334 1504 1387 vocibus

457 1429 516 1483 Lex.
533 1427 618 1481 lurid.
638 1446 668 1479 ex
686 1424 805 1477 Brisson.
823 1423 993 1490 Hotomano,
1012 1423 1134 1490 Proteia,
1155 1422 1265 1477 Cuiacio
1285 1442 1312 1493 p.
1330 1424 1396 1477 295.
1431 1420 1486 1473 Mr.

528 1513 689 1579 Pacisceris,
707 1512 811 1582 aufers,
830 1511 912 1579 eripis
920 1511 941 1578 :]
978 1512 1162 1576 „Pacisceriss
1182 1511 1279 1564 iniuste
1298 1509 1430 1564 seilicect‘
1447 1509 1504 1562 Frc

458 1603 548 1677 Sylv.
592 1602 666 1654 Idem
692 1601 777 1652 socios
795 1597 939 1670 dupliciter
957 1599 1084 1671 explicat,
1112 1611 1142 1653 ut
1168 1600 1201 1652 sit
1227 1599 1287 1667 „vel
1313 1599 1403 1654 socios
1425 1595 1503 1670 populi

458 1690 588 1757 Romani,
608 1688 647 1742 vel
668 1706 725 1754 eos,
747 1688 907 1759 quibuscum
925 1689 1079 1742 societatem
1099 1688 1201 1742 coisti.“
1238 1687 1371 1741 Similiter
1388 1687 1503 1756 Wytteo·

458 1778 582 1834 bachiuse
602 1777 692 1843 „Socii
710 1775 836 1848 dicuntur
854 1774 954 1847 duplici
973 1796 1074 1841 sensu,.
1093 1765 1211 1848 primum
1235 1776 1264 1830 in
1282 1775 1409 1830 societate
1431 1791 1503 1844 neqo-

459 1868 573 1921 tiorum:
593 1884 648 1937 quo
667 1864 700 1916 de
718 1864 818 1916 fraudis
836 1882 936 1935 genere
956 1876 993 1917 est
1012 1866 1040 1919 in
1057 1865 1109 1920 Or.
1122 1864 1178 1918 Cic.
1195 1883 1246 1936 pro
1260 1863 1432 1932 Quinctioet
1444 1862 1502 1914 Pan·

458 1956 527 2009 dect.
546 1955 575 2007 L.
595 1953 627 2006 ll.
645 1953 698 2005 Tit.
717 1956 760 2005 17.
796 1950 849 2004 Alii
869 1964 932 2006 sunt
949 1952 1015 2006 socii
1034 1953 1128 2025 populi
1146 1952 1278 2019 Romani,
1306 1970 1373 2006 cum
1400 1969 1433 2003 eo
1456 1949 1501 2001 loe-

459 2043 522 2096 dere
540 2042 632 2096 iunoti.
679 2039 740 2092 Vid.
760 2040 852 2093 similis
876 2041 958 2095 dictio
983 2043 1055 2114 apud
1085 2043 1144 2096 cte.
1174 2041 1312 2112 proLege
1332 2038 1410 2092 Man.
1429 2058 1453 2092 c.
1469 2040 1501 2091 li.

460 2132 494 2200 [ᾖ.
512 2130 569 2196 st]
588 2129 627 2179 od
642 2128 800 2198 expilandos
818 2129 902 2181 socios
918 2130 1135 2201 diripiendasque
1157 2129 1324 2199 provincias.
1372 2126 1451 2181 Coni.
1468 2126 1520 2200 Ea.

459 2218 605 2291 Spanbem.
626 2217 659 2269 de
678 2215 754 2270 Orbe
772 2216 851 2270 Rom.
871 2237 897 2288 p.
917 2221 959 2272 83.
1002 2218 1160 2272 Provinciae
1189 2227 1279 2270 autem
1305 2215 1501 2288 earumqnein

428 2358 432 2362 ,
459 2306 534 2361 colae
552 2306 616 2359 socii
635 2324 649 2357 a
668 2303 787 2356 romanis
805 2303 1003 2374 magistratibus
1020 2325 1098 2378 saepe
1118 2306 1280 2358 vexabantur
1297 2323 1332 2358 ac
1351 2296 1500 2375 diripieban-

460 2397 531 2448 tur.¹‘
567 2394 609 2447 Ad
628 2391 773 2447 sententiae
792 2391 993 2445 similitudinem
1019 2404 1158 2464 comparat
1175 2392 1258 2463 Borg.
1279 2391 1336 2445 cic.
1355 2390 1384 2443 in
1405 2385 1501 2449 Verrtl,

460 2487 507 2536 22:
534 2482 597 2534 Vidi
614 2481 743 2532 collucere
762 2480 851 2531 cornio
864 2479 1004 2549 -spoliis
1022 2482 1153 2533 sociorum
1170 2491 1255 2551 atque
1272 2482 1432 2533 amicorum.
1469 2473 1500 2529 ild

459 2570 617 2625 sententiam
644 2569 786 2621 verborum
813 2568 930 2637 spoliare
954 2579 980 2621 et
1004 2568 1124 2638 expilare
1152 2587 1302 2639 eorumque
1333 2565 1499 2620 differentiam

460 2659 532 2712 coni.
551 2656 724 2711 Doederlein.
743 2655 800 2709 Lat.
819 2654 921 2727 Synon.
943 2675 970 2707 u.
990 2655 1106 2729 Etymol.
1128 2658 1173 2710 lV.
1191 2676 1218 2728 p.
1229 2658 1283 2711 340
1301 2676 1343 2729 sq.
1380 2657 1436 2708 Pro
1453 2671 1500 2723 spo·

460 2748 513 2800 lias
531 2746 581 2804 Ox.
601 2746 621 2799 l.
639 2746 782 2815 exspolias.
817 2741 871 2797 Pr'o
893 2745 1029 2797 aerarium
1047 2756 1086 2799 est
1103 2747 1236 2798 errorium
1254 2746 1282 2797 in
1302 2743 1375 2798 Cod.
1396 2742 1471 2797 Drsd.
1482 2742 1500 2791 l·

461 2832 686 2887 coniunctionem
705 2835 729 2885 si
747 2843 808 2885 ante
826 2835 911 2885 socios
930 2833 1057 2887 omittunt
1074 2832 1142 2888 Edd.
1162 2852 1219 2906 prc.
1235 2833 1307 2887 Vict.
1328 2834 1400 2888 Rob.
1427 2827 1500 2901 steph.

461 2921 635 2976 Gernbardus
653 2940 714 2975 cum
734 2920 762 2973 in
781 2921 848 2973 cod.
870 2921 966 2976 Duisb.
981 2922 1122 2993 reperisset
1138 2923 1168 2974 si
1185 2924 1323 2973 aerarium
1341 2922 1461 2991 capilus,
1480 2918 1499 2967 in

461 3011 531 3066 Add.
548 3010 613 3064 illud
633 3011 658 3062 si
675 3008 868 3062 restituendum
887 3030 914 3063 se
932 3021 1027 3080 putare
1045 3010 1116 3064 dixit.
1163 3009 1223 3080 Ego
1244 3028 1309 3063 curn
1329 3008 1424 3062 nullus
1439 3006 1500 3078 plane

461 3099 530 3151 liber
547 3099 667 3169 (praeter
684 3095 759 3166 Bas.)
778 3096 914 3163 assentiat,
932 3116 965 3150 eo
985 3119 1039 3151 non
1059 3118 1137 3169 aegre
1157 3116 1244 3150 careo.
1281 3096 1344 3149 Mr.

532 3185 668 3236 aerarium
685 3184 801 3255 expilos]
831 3187 888 3251 „tt
899 3182 1024 3239 Crassum
1044 3206 1091 3239 suo
1112 3198 1138 3240 et
1154 3185 1277 3257 Pompeii
1299 3183 1444 3239 consulatu
1460 3193 1499 3234 ter·

462 3272 499 3325 tio
517 3271 634 3343 rapuisse
653 3272 706 3325 duo
726 3271 807 3324 millia
826 3273 918 3343 pondo
937 3274 995 3327 anri
1014 3294 1028 3327 e
1047 3273 1191 3346 Capitolini
1218 3274 1287 3327 loris
1315 3274 1400 3341 solio,
1431 3272 1499 3325 aca-

461 3360 535 3413 millo
553 3360 591 3413 ibi
611 3360 733 3428 condita,
758 3359 862 3413 Plinius
880 3372 975 3415 auctor
996 3373 1034 3416 est
1052 3365 1117 3434 Cap.
1137 3366 1163 3416 1.
1178 3362 1237 3417 Lib.
1256 3364 1302 3415 33.
1350 3361 1391 3416 Ut
1419 3380 1450 3413 ne
1466 3374 1498 3409 ae

460 3448 532 3501 rario
552 3446 660 3519 quidem
679 3447 833 3502 abstinuisse
854 3450 963 3516 credas,
982 3452 1028 3522 qui
1047 3451 1092 3504 tali
1109 3449 1250 3521 sacrilegio
1267 3469 1297 3502 se
1319 3445 1499 3503 obstrinxerit.“

461 3538 533 3590 Fre.
552 3535 641 3606 Sylv.
678 3536 784 3603 [Monet
803 3536 906 3594 Gernh.
931 3539 983 3594 boc
1001 3540 1059 3592 eius
1074 3537 1192 3593 secundo
1208 3538 1312 3591 iactum
1341 3557 1399 3592 esse
1418 3550 1497 3591 coon-

461 3625 524 3689 latu,
544 3622 610 3677 a.U.
629 3626 690 3677 698.
708 3635 737 3676 ut
754 3625 857 3696 scripsit
875 3627 989 3681 Weteel.
1007 3628 1039 3681 ad
1059 3628 1128 3681 Fast.
1140 3625 1265 3698 Capitol]
1285 3624 1348 3679 Mr.
1386 3622 1498 3694 ,stapilot

460 3710 608 3765 secundum
634 3711 808 3783 Etymologos
840 3723 878 3766 est
903 3715 970 3786 pilos
993 3715 1017 3769 ei
1042 3717 1145 3781 aufers,
1175 3714 1248 3767 unde
1274 3713 1399 3782 depilare
1422 3707 1498 3787 dicitur

463 3797 582 3850 evellere.
617 3799 670 3851 Per
688 3799 870 3871 metaphoram
891 3804 1049 3857 transfertur
1066 3804 1099 3855 ad
1113 3804 1194 3867 bona,
1213 3802 1428 3873 possessionem:
1445 3795 1497 3851 node

463 3893 500 3937 est
519 3884 659 3953 compilare
679 3886 778 3959 aliquid
805 3899 885 3961 atque
909 3891 1028 3960 expilare
1053 3890 1170 3963 aliquem
1194 3891 1211 3943 i.
1236 3910 1263 3961 q.
1282 3889 1386 3945 dicitur
1401 3886 1497 3961 peuda

463 3970 534 4025 unde
549 3972 693 4041 peculatus
713 3986 739 4027 et
756 3976 935 4045 depeculari.“
971 3979 1148 4051 Wyttenb.

530 4062 555 4113 si
573 4070 735 4113 testamento
754 4064 898 4117 amicorum
917 4076 1070 4135 exspectas,
1093 4077 1145 4118 out
1169 4084 1201 4119 ne
1219 4077 1366 4135 exspectas
1391 4058 1496 4138 quiden}

461 4153 653 4213 „Testamenta
671 4160 826 4219 exspectas:
854 4152 984 4207 Fortassis
1000 4154 1118 4223 expectis
1136 4153 1153 4205 i.
1167 4172 1189 4206 e.
1210 4164 1269 4206 astu
1284 4154 1413 4225 quodam
1430 4159 1496 4205 extor-

462 4257 541 4309 ques,
567 4247 597 4290 ut
621 4254 682 4290 cum
707 4237 819 4291 dicimus
843 4241 957 4293 anulum
982 4252 1118 4311 expectere
1137 4242 1169 4292 de
1186 4240 1290 4312 digito.
1319 4242 1426 4313 eritque
1448 4251 1496 4290 co!-

461 4324 581 4396 temptim
601 4336 626 4377 et
644 4325 770 4378 invidiose
786 4327 896 4382 dictum.
943 4330 1011 4382 Nam
1032 4331 1053 4383 si
1072 4338 1211 4398 exspectas
1233 4327 1368 4400 legimus,
1388 4326 1448 4400 quid
1462 4318 1495 4375 sill

460 4412 551 4465 volunt
569 4413 616 4466 ista
636 4415 728 4468 verba:
747 4425 777 4465 at
797 4416 853 4483 ipse
872 4420 1000 4488 supponis
1017 4416 1073 4469 -Ρ
1103 4437 1138 4470 an
1156 4416 1177 4469 si
1202 4435 1364 4489 supponere
1388 4416 1457 4479 velit,
1474 4424 1496 4459 ιι

460 4498 548 4550 minus
566 4500 615 4552 erit
633 4520 705 4555 mors
723 4504 916 4573 exspectanda?
934 4507 1007 4577 quod
1027 4525 1088 4559 vero
1104 4504 1189 4559 scelus
1202 4517 1251 4570 est,
1273 4518 1429 4578 exspectare
1439 4510 1495 4556 uste

1541 4627 1544 4741 ι

1449 4858 1543 5070 xl
